2910 4457
685 401 770 461 ⁷0
1508 416 1672 459 rann
1712 415 1878 457 saxu

745 533 945 586 Memor
974 545 1059 582 ero
1092 532 1270 582 nabab
1291 536 1340 581 et
1359 529 1633 592 Babylonis
1658 544 1671 580 z

688 596 955 645 scientium
978 607 1078 643 me.

747 657 873 707 Ecce
908 655 1201 717 alienigenae
1232 659 1282 705 et
1312 655 1479 716 Tyrus
1508 658 1560 703 et
1589 665 1679 714 po-

690 720 840 779 pulus
871 718 1169 777 AEthiopum
1196 732 1210 765 z
1242 716 1297 765 bi
1320 717 1526 765 fuerunt
1554 716 1676 765 illie.

748 778 992 839 Nunquid
1034 779 1154 829 Sion
1195 778 1344 838 dicet,
1389 779 1575 838 Homo,
1629 783 1679 827 et

688 841 841 890 bomo
873 847 1023 890 natus
1052 845 1127 890 est
1157 840 1214 889 in
1245 853 1302 890 ea
1327 840 1542 901 :etipse
1563 839 1681 889 sun-

687 903 828 951 davit
847 915 960 952 eam
982 901 1316 952 Altissimus‘l

750 966 862 1013 Diis
885 965 1113 1013 narrabit
1138 964 1191 1012 in
1225 962 1493 1023 seripturis
1522 975 1680 1024 popu-

689 1025 858 1075 lorum
894 1040 908 1074 ε
951 1031 1001 1075 et
1042 1026 1330 1086 principum
1361 1026 1548 1074 borum
1589 1024 1682 1086 qui

689 1087 898 1136 fuerunt
919 1087 972 1135 in
995 1101 1070 1136 ea.

754 1149 896 1199 Sicut
928 1148 1208 1198 laetantium
1238 1146 1472 1196 omnium
1499 1146 1681 1197 :habi-

691 1212 814 1261 tatio
835 1211 984 1260 estin
1011 1216 1076 1259 te.

942 1272 1186 1321 Psalmus
1210 1271 1440 1333 laeoeaetffJ.

783 1331 953 1382 omine
974 1334 1110 1383 Deus
1131 1334 1311 1383 salutis
1337 1347 1462 1384 mem
1486 1347 1500 1382 :
1523 1332 1578 1382 in
1600 1331 1684 1382 die

785 1395 1000 1444 clamavi
1020 1402 1067 1445 et
1090 1401 1233 1445 nocte
1256 1408 1424 1445 coram
1447 1400 1514 1443 te.

756 1458 917 1506 Intret
928 1456 980 1505 in
993 1463 1258 1520 conspeetu
1269 1463 1355 1506 tuo
1364 1456 1526 1506 oratio
1536 1467 1649 1505 mea
1665 1470 1679 1504 ι

693 1517 883 1567 inclina
943 1532 1121 1569 aurem
1171 1526 1316 1569 tuam
1369 1520 1431 1568 ad
1486 1530 1683 1579 precem

693 1593 890 1629 meam:

756 1641 889 1701 Quia
911 1642 1646 1701 repletaestmalisanimamea
1670 1655 1685 1689 ε

693 1707 745 1754 et
765 1703 868 1751 vita
891 1716 1002 1751 mea
1023 1703 1221 1752 inferno
1241 1702 1687 1764 appropinquavit.

755 1764 1061 1812 AEstimatus
1075 1777 1191 1812 sum
1209 1777 1326 1812 cum
1341 1765 1688 1813 descendenti-

695 1826 792 1874 bus
809 1827 863 1874 iu
885 1826 1077 1873 lacum:
1095 1825 1378 1874 sactussum
1392 1826 1525 1874 sieut
1536 1827 1688 1874 homo

695 1887 808 1935 sine
839 1886 1106 1946 adjutorio,
1132 1887 1262 1935 inter
1291 1894 1521 1936 mortuos
1541 1887 1684 1937 liber.

759 1947 898 1997 Sicut
921 1949 1187 2008 vulnerati,
1206 1950 1513 1999 dormientes
1533 1949 1586 1998 in
1610 1962 1689 1998 se-

697 2010 939 2070 pulchriS‚
958 2023 1177 2070 quorum
1192 2024 1290 2059 non
1303 2024 1560 2060 esmemor
1577 2024 1690 2060 am-

699 2072 835 2132 plius
859 2087 872 2120 :
904 2077 953 2122 et
983 2072 1080 2134 ipsi
1111 2073 1173 2121 de
1197 2085 1356 2122 manu
1388 2078 1475 2122 tua
1501 2071 1689 2134 repulsi

700 2139 841 2183 sunt.

763 2196 1051 2246 Posuerunt
1074 2208 1157 2246 me
1188 2196 1242 2247 in
1276 2197 1387 2246 lacu
1419 2196 1687 2248 inferiori:

699 2258 756 2307 in
779 2259 1056 2307 tenebrosis
1077 2259 1201 2307 etin
1225 2261 1403 2308 umbra
1438 2260 1636 2308 mortis·

764 2319 925 2379 Super
957 2334 1041 2368 me
1072 2322 1401 2369 confirmatus
1432 2327 1508 2369 est
1550 2322 1690 2369 furor

699 2386 822 2428 tuus
847 2396 860 2430 z
892 2387 941 2430 et
971 2394 1150 2430 omnes
1179 2382 1364 2431 fluctus
1393 2388 1510 2431 tuos
1537 2383 1692 2431 indu-

707 2441 825 2490 xisti
846 2454 996 2501 super
1020 2455 1120 2490 me.

764 2502 935 2563 Longe
946 2502 1541 2554 fecistinotosmeosame
1565 2520 1578 2554 ε
1603 2517 1692 2566 po-

701 2570 916 2612 suerunt
936 2576 1019 2612 me
1039 2564 1467 2614 abominationem
1489 2567 1606 2616 sibi.

767 2626 1004 2674 Traditus
1031 2639 1146 2675 sum
1168 2632 1216 2676 et
1239 2640 1337 2675 non
1361 2629 1651 2688 egrediebar
1677 2643 1691 2679 z

705 2686 837 2739 oculi
858 2688 959 2737 mei
985 2688 1292 2749 languerunt
1314 2702 1414 2750 prae
1436 2689 1626 2750 inopia.

769 2750 997 2800 Clamavi
1026 2752 1089 2799 ad
1124 2756 1172 2800 te
1203 2752 1313 2800 Due
1338 2768 1350 2799 :
1385 2757 1486 2802 tota
1509 2754 1591 2803 die
1611 2766 1695 2803 ex-

705 2813 860 2871 pandi
881 2814 945 2860 ad
970 2818 1016 2860 te
1037 2825 1223 2862 manus
1244 2826 1401 2863 meas.

770 2873 1015 2933 Nunquid
1070 2875 1285 2923 mortuis
1337 2875 1491 2925 iacies
1539 2876 1696 2927 mira-

705 2932 824 2982 bilia
871 2948 884 2981 :
928 2940 1017 2982 aut
1049 2935 1231 2984 medici
1267 2937 1607 3001 suscitabunt,
1648 2942 1698 2988 et

706 2994 1077 3043 confitebuntur
1099 2997 1226 3046 tibi?

770 3056 1016 3116 Nunquid
1057 3057 1283 3105 narrabit
1313 3059 1500 3119 aliquis
1529 3060 1583 3110 in
1618 3073 1697 3111 se-

708 3117 917 3179 pulchro
939 3118 1335 3167 misericordiam
1360 3127 1506 3170 tuam
1521 3128 1592 3172 :et
1614 3135 1698 3173 ve-

709 3180 908 3229 ritatem
931 3184 1072 3228 tuam
1095 3180 1149 3227 in
1173 3181 1487 3240 perditione?

771 3241 1016 3300 Nunquid
1033 3249 1397 3303 cognoscentur
1411 3245 1464 3292 in
1480 3245 1698 3295 tenebris

708 3302 963 3352 mirabilia
985 3305 1362 3365 tuazetjustitia
1384 3311 1470 3355 tua
1488 3307 1544 3356 in
1565 3312 1697 3358 terra

708 3365 1010 3416 oblivionis?

771 3428 836 3477 Et
864 3440 957 3488 ego
996 3430 1060 3479 ad
1106 3433 1155 3479 te
1196 3429 1310 3479 Dne
1344 3430 1561 3480 clamavi
1600 3446 1614 3480 ι
1651 3436 1700 3480 et

710 3502 862 3540 mane
881 3491 1041 3539 oratio
1062 3504 1171 3541 mea
1203 3493 1475 3552 praeveniet
1494 3499 1560 3542 te.

772 3552 843 3601 Ut
872 3553 994 3613 quid
1026 3554 1137 3603 Dne
1179 3555 1378 3616 repellis
1421 3554 1699 3605 orationem

1774 540 1942 579 meam
1967 543 1981 577 ι
2004 527 2189 578 avertis
2210 525 2386 577 faeiem
2426 530 2574 576 tuam
2593 537 2624 574 a
2645 527 2763 575 me?

1837 592 2034 650 Pauper
2056 602 2170 638 sum
2194 601 2285 650 ego
2304 594 2352 638 et
2374 588 2429 636 in
2454 588 2716 638 laboribus
2734 600 2764 636 a

1797 657 2037 701 uventute
2079 664 2192 700 mea
2230 665 2244 700 ε
2288 652 2535 700 exaltatus
2570 655 2761 708 autem,

1810 713 2078 762 umiliatus
2097 726 2215 761 sum
2237 718 2286 762 et
2305 713 2656 761 conturbatus.

1836 776 1897 825 In
1920 788 2003 824 me
2023 776 2336 823 transierunt
2355 775 2443 824 irae
2465 779 2653 824 tuae:et
2673 778 2767 823 ter-

1775 849 1915 886 rores
1938 837 2013 885 tui
2034 838 2462 886 conturbaverunt
2483 848 2583 885 me.

1838 899 2276 949 circundederunt
2327 911 2410 947 me
2457 898 2590 946 sicut
2630 909 2766 957 aqua

1775 965 1878 1009 tota
1900 962 2012 1009 die:
2036 961 2461 1009 circundederunt
2481 972 2565 1007 me
2585 959 2765 1007 simul.

1837 1022 2099 1083 Elongasti
2120 1035 2148 1070 a
2170 1034 2252 1071 me
2271 1023 2496 1070 amicum
2517 1026 2567 1070 et
2597 1019 2768 1080 proxi—

1776 1096 1922 1133 mum
1950 1099 1962 1132 :
1985 1090 2033 1132 et
2058 1090 2199 1132 notos
2220 1096 2360 1132 meos
2380 1097 2409 1131 a
2431 1082 2658 1132 miseria.

1838 1146 2009 1195 Gloria
2032 1146 2189 1194 Patri.
2201 1147 2263 1193 A.
2277 1146 2633 1194 Fundamenta
2653 1144 2769 1203 ejus

1776 1205 1833 1257 in
1855 1208 2114 1257 montibus
2136 1208 2341 1255 sanctis·

2017 1269 2261 1316 Psalmus
2283 1267 2529 1329 lxxxviij.

1879 1328 2196 1379 iserieordias
2237 1330 2341 1380 Dni
2372 1346 2386 1379 ε
2419 1330 2473 1379 in
2516 1334 2767 1379 aeternum

1880 1393 2110 1441 cantabo.

1841 1454 1903 1503 In
1927 1452 2244 1514 generatione
2272 1459 2321 1502 et
2350 1452 2730 1515 generationem
2757 1468 2768 1501 :

1780 1517 2094 1565 annuntiabo
2116 1515 2377 1566 veritatem
2409 1522 2550 1564 tuam
2588 1514 2643 1562 in
2683 1528 2775 1564 ore

1781 1591 1912 1627 meo.

1843 1638 2100 1700 Quoniam
2118 1638 2307 1695 dixisti,
2326 1638 2381 1686 in
2404 1644 2651 1689 aeternum
2675 1640 2773 1687 mi·

1781 1701 2049 1750 sericordia
2089 1701 2419 1750 aedificabitur
2466 1700 2521 1748 in
2573 1700 2720 1750 eoelis
2758 1717 2770 1749 :

1782 1763 2147 1824 praeparabitur
2164 1761 2347 1812 veritas
2363 1768 2451 1811 tua
2473 1763 2528 1810 in
2548 1762 2643 1812 οἰδ.

1844 1825 2083 1884 Disposui
2163 1830 2522 1873 testamentum
2597 1825 2775 1874 electis

1783 1886 1913 1936 meis
1934 1901 1947 1934 :
1968 1886 2141 1947 juravi
2161 1887 2323 1935 David
2346 1899 2491 1935 servo
2512 1898 2643 1946 meo,
2671 1889 2774 1937 Us-

1783 1947 1957 2009 quein
1986 1954 2233 1999 aeternum
2269 1949 2561 2009 praeparabo
2596 1960 2774 2000 semen

1783 2015 1952 2058 tuum.

1845 2071 1910 2119 Et
1958 2070 2212 2120 aedificabo
2253 2070 2307 2118 in
2356 2070 2679 2129 generatione
2728 2076 2776 2122 et

1786 2134 2155 2193 generationem
2178 2147 2191 2179 ι
2214 2133 2383 2181 sedem
2409 2139 2572 2182 tuam.

1847 2194 2236 2245 Confitebuntur
2265 2195 2380 2244 coeli
2404 2195 2661 2244 mirabilia
2685 2201 2775 2245 tua

1784 2257 1896 2306 Dne
1921 2258 2138 2307 :etenim
2166 2257 2425 2307 veritatem
2447 2263 2591 2306 tuam
2615 2258 2672 2307 iu
2693 2271 2775 2309 ec-
2820 2270 2821 2319 ς

1787 2319 1936 2368 etesia
1957 2325 2268 2368 sanctorum.
2819 2330 2821 2339 ⁴

1849 2380 2104 2441 Quoniam
2116 2381 2233 2440 quis
2254 2381 2305 2429 in
2322 2380 2542 2429 nubibus
2557 2380 2780 2441 aequabi-
2820 2410 2821 2415 =

1787 2447 1873 2491 tur
1887 2445 1998 2512 Dfip
2012 2443 2220 2491 :similis
2229 2443 2325 2491 erit
2335 2443 2446 2491 Duo
2458 2443 2511 2489 in
2524 2442 2647 2491 filiis
2658 2444 2779 2492 Dei?

1850 2506 1986 2553 Deus
2012 2505 2101 2565 qui
2128 2505 2433 2565 glorificatur
2470 2504 2523 2550 in
2561 2506 2783 2554 consilio

1787 2572 2079 2616 sanctorum
2106 2581 2118 2615 ε
2142 2577 2357 2626 magnus
2368 2570 2415 2613 et
2429 2563 2681 2614 terribilis
2704 2579 2783 2615 su-
2820 2576 2821 2611 i

1790 2640 1878 2689 per
1897 2640 2073 2676 omnes
2095 2628 2250 2688 quiin
2271 2627 2485 2675 circuitu
2501 2626 2619 2686 ejus
2633 2634 2779 2677 sunt.

1852 2690 1961 2738 Dite
1996 2690 2130 2738 Deus
2158 2691 2403 2738 virtutum
2432 2689 2551 2748 quis
2586 2689 2784 2738 similis

1790 2751 1925 2800 tibi?
1950 2756 2124 2811 potens
2150 2765 2204 2801 es
2238 2752 2362 2810 Dite,
2388 2754 2438 2799 et
2465 2750 2659 2799 veritas
2693 2757 2782 2800 tua

1792 2814 1846 2862 in
1868 2813 2086 2862 circuitu
2106 2819 2211 2862 tu0.

1853 2876 1932 2925 Tu
1946 2875 2226 2923 dominaris
2235 2873 2463 2935 potestati
2472 2874 2634 2922 maris
2646 2887 2662 2924 ε
2676 2888 2781 2924 mo-

1790 2941 1903 2985 tum
1917 2942 2084 2985 autem
2101 2937 2254 2985 ssuctu
2263 2949 2349 2984 um
2361 2935 2474 2996 ejus
2482 2940 2538 2981 tu
2549 2936 2782 2998 mitigas.

1854 2999 1934 3046 'l'u
1950 2998 2252 3057 humiliasti,
2268 2998 2401 3046 sieut
2415 2997 2748 3047 vulneratum
2768 3036 2782 3058 ‚

1791 3061 2065 3119 superbum
2092 3062 2177 3109 :in
2213 3059 2416 3108 brachio
2446 3059 2658 3109 virtutis
2684 3066 2784 3110 tuae

1791 3120 2070 3181 dispersisti
2096 3122 2331 3170 inimicos
2349 3127 2482 3169 tuos·

1856 3184 1953 3232 Tui
1976 3189 2095 3232 sunt
2111 3184 2240 3242 eoeli‚
2256 3189 2305 3232 et
2322 3189 2408 3231 tua
2424 3187 2499 3231 est
2516 3185 2656 3232 terra
2676 3198 2691 3233 z
2715 3196 2787 3233 or-

1793 3245 1909 3295 bem
1944 3251 2089 3296 terrai
2115 3252 2163 3295 et
2199 3245 2568 3305 plenitudinem
2588 3244 2715 3304 eius
2735 3252 2786 3293 tu

1797 3307 2052 3370 fundasti3
2108 3308 2398 3368 aquilonem
2450 3310 2500 3354 et
2543 3318 2696 3356 mare
2736 3313 2788 3355 tu

1795 3370 1994 3417 creasti.

1859 3431 2062 3479 Thabor
2078 3434 2127 3479 et
2148 3430 2376 3480 Hermon
2393 3427 2448 3476 in
2468 3429 2689 3480 nomine
2708 3435 2789 3478 tuo

1797 3491 2093 3541 exultabunt
2129 3506 2142 3539 z
2179 3496 2326 3540 tuum
2364 3490 2637 3541 brachium
2672 3504 2787 3541 eum

1798 3554 2038 3615 potentia.
