2910 4457
567 331 743 420 xxxij
1176 345 1224 386 ιιι
1252 345 1488 387 concur
1512 345 1719 387 numm
1744 345 1994 388 mentun.
2342 330 2455 395 (An
2482 331 2519 393 §
2538 331 2728 383 93—97

570 482 775 548 quoties
810 496 943 550 opus
966 480 1064 531 erit
1078 476 1170 546 (ef.
1193 480 1262 531 ad
1284 484 1315 546 5
1338 485 1418 544 67,
1443 499 1494 549 p.
1518 496 1589 531 xx
1611 480 1680 532 ad
1703 479 1940 544 calcem),
1968 480 2083 531 “Pr.
2113 478 2188 529 L''
2214 476 2482 545 (Proefioea
2504 479 2605 549 L),
2627 496 2730 545 quae

570 565 792 617 eundem
809 571 1108 632 sequuntur,
1129 564 1305 631 “Subj.
1327 565 1403 616 ΙΙ*
1428 564 1739 634 (Subjuncta
1758 564 1845 630 L),
1868 565 1927 615 in
1941 562 2371 616 annotationibus
2393 565 2731 629 sequentibus

568 649 913 702 vocabuntur.

665 734 728 785 Ῑιι
748 733 832 785 hia
853 741 1030 786 autem
1049 732 1442 797 insertionibus,
1476 732 1670 784 eodem
1692 733 1799 785 fere
1822 732 2263 796 abbreviationes,
2303 730 2495 783 eadem
2517 731 2734 798 plerum·

572 834 673 885 que
694 818 1077 887 orthographia
1098 818 1372 885 principia,
1405 829 1522 883 quo
1543 818 1600 869 in
1622 817 1739 883 ipso
1764 816 1807 868 L
1832 816 1991 868 obvia
2012 823 2160 868 sunt:
2193 817 2332 867 inter
2368 830 2434 866 ea
2469 830 2604 866 vero
2630 830 2736 880 quae

569 900 637 953 ab
661 900 895 966 ejusdem
925 899 1304 953 consuetudine
1329 900 1596 964 recedunt,
1627 899 1770 968 apud
1801 899 1934 951 duos
1967 899 2155 966 saltem
2176 900 2362 951 harum
2388 900 2739 950 insertionum

570 986 848 1051 σοι-ἔρωτος
883 985 1075 1050 (neque
1108 983 1249 1051 apud
1283 984 1514 1050 reliquos
1539 984 1857 1036 contrarium
1878 984 2085 1051 notavi)
2118 984 2347 1036 wlennis
2370 990 2426 1035 et
2448 983 2738 1035 derivativa

573 1069 685 1133 ejus
708 1084 802 1135 per
821 1084 946 1135 ηψπ
967 1066 1087 1121 loco
1110 1084 1186 1119 rm
1203 1063 1278 1134 (v.
1301 1083 1353 1135 p.
1376 1082 1447 1119 xx
1471 1068 1538 1120 ad
1561 1067 1783 1137 calcem)
1802 1070 1999 1135 scripta
2018 1066 2447 1134 inveniuntur.(t)

1024 1217 1121 1283 12.
1204 1215 1300 1301 §a
1345 1221 1652 1286 (annuae
1691 1219 1891 1285 Unius
1932 1221 2296 1299 ‚mairana

693 1364 733 1435 5
765 1363 922 1436 91.)
967 1369 1094 1414 nos
1140 1369 1490 1416 sscusmm
1536 1348 1715 1439 suu]
1763 1368 1925 1433 Quia,
1952 1398 2018 1407 —
2047 1369 2248 1420 etiamsi
2288 1368 2396 1418 hoe
2437 1374 2497 1418 et
2544 1368 2652 1419 alia
2688 1370 2735 1418 in

575 1452 899 1519 quorundam
915 1451 1208 1502 Provincia
1225 1451 1616 1504 cantuariensis
1641 1452 1877 1504 locorum
1911 1468 2064 1503 usum
2093 1451 2354 1503 destinata
2373 1451 2570 1503 Officia
2595 1452 2652 1501 in
2682 1451 2736 1501 li-

575 1536 680 1588 bris
699 1534 1174 1588 Sarisburiensibus
1201 1536 1399 1587 inserta
1414 1542 1539 1588 sunt
1565 1533 1657 1603 (cf.
1675 1536 1744 1587 ad
1761 1537 1791 1599 5
1811 1537 1915 1601 92),
1931 1537 2073 1586 —in
2099 1536 2344 1603 genuinis
2372 1541 2561 1585 tamen
2580 1536 2737 1601 ipsius

574 1620 827 1670 Ecclesiae
856 1618 1260 1670 Sarisburiensis
1297 1619 1494 1672 Officiis
1529 1620 1777 1687 quicquid
1813 1619 1877 1670 de
1910 1620 2167 1670 Matronis
2203 1617 2493 1668 dicendum
2528 1623 2660 1678 erat,
2689 1616 2736 1663 in

576 1698 801 1765 Proprie
826 1699 892 1751 de
919 1698 1139 1764 Sanctis,
1159 1730 1225 1740 —
1243 1707 1336 1752 aut
1362 1703 1532 1769 plne,
1560 1709 1650 1755 aut
1680 1719 1773 1771 per
1800 1702 2036 1754 locorum
2062 1704 2118 1752 in
2146 1701 2426 1769 virginum
2453 1697 2737 1751 Communi·

575 1781 665 1833 hm
692 1781 1079 1848 indicationem,
1105 1811 1170 1822 —
1199 1785 1594 1838 exhibebantur.

675 1863 1121 1927 Quemadmodum
1151 1873 1205 1919 et
1236 1869 1376 1934 quod
1407 1870 1466 1919 in
1500 1868 1827 1933 Calendario,
1863 1869 2150 1936 penultimo
2174 1868 2420 1919 Januarii
2460 1866 2566 1930 die,
2600 1868 2736 1916 inve·

575 1951 729 2012 uitur,
775 1948 1022 2002 “Batildis
1059 1950 1296 2018 Reginae.
1332 1950 1564 2019 Virginis
1604 1952 1724 2004 Non
1755 1950 2050 2019 Martyris?
2083 1948 2520 2018 intelligendum.
2575 1946 2741 2015 Officio

577 2031 774 2165 scint-iet
795 2027 1006 2098 (proter
1024 2032 1352 2103 Orationem)
1379 2050 1446 2086 ex
1472 2035 1749 2087 Communi
1775 2034 1945 2086 Unius
1971 2034 2202 2102 Virginis
2228 2034 2349 2085 Non
2376 2033 2638 2098 Martyris
2666 2048 2739 2081 su

577 2131 695 2166 men
730 2131 821 2166 um
845 2131 975 2168 esse.

676 2195 714 2264 ἓ
740 2195 898 2267 95.)
922 2207 980 2251 ut
994 2200 1212 2268 infestis
1229 2199 1422 2268 earum]
1448 2199 1511 2251 In
1527 2199 1746 2268 Proprio
1768 2199 1833 2252 de
1851 2198 2074 2253 Sanctis.

674 2278 716 2349 5
741 2277 897 2351 98.)
916 2284 942 2311 ‘⁴
958 2282 1048 2336 Vel
1069 2284 1223 2349 aaa?
1248 2285 1363 2351 διο.)
1388 2285 1451 2335 V.
1473 2284 1539 2335 ad
1558 2286 1588 2346 5
1609 2288 1689 2336 27.

674 2365 714 2434 β
749 2365 906 2435 97.)
937 2367 1040 2431 Bia
1065 2375 1113 2419 et
1150 2366 1415 2434 Ver-siculi]
1445 2368 1548 2418 Pro
1582 2365 1902 2420 “Veroiaae'
1932 2370 1977 2418 A
2011 2364 2269 2420 “verm'':
2298 2379 2349 2416 v.
2373 2364 2446 2416 ad
2476 2367 2509 2427 5
2538 2369 2590 2427 3,
2619 2368 2745 2416 inter

576 2448 949 2502 Annotationes
970 2449 1270 2518 Lonyiores.

686 2531 777 2586 Vel
801 2529 942 2599 oiim]
966 2531 1028 2582 V.
1047 2531 1113 2583 ad
1131 2533 1162 2594 5
1182 2537 1261 2583 27.

659 2726 778 2790 t)1n
801 2743 907 2777 uno
932 2726 1140 2792 quidem
1162 2726 1299 2789 loco,
1332 2741 1520 2792 nempe
1542 2727 1598 2775 in
1704 2723 1982 2791 “‘''lempter
2017 2726 2241 2792 scripsit.
2278 2725 2439 2787 Quod
2479 2728 2747 2792 posterius

577 2792 630 2841 S.
675 2792 891 2843 Thomae
927 2793 1172 2859 Martyris
1220 2791 1599 2843 commemora·
1699 2797 1872 2842 tamen
1900 2808 1962 2842 eo
2027 2790 2315 2842 robabilius
2341 2791 2584 2857 videtur,
2612 2792 2745 2857 quod

573 2858 732 2921 tione,
764 2860 820 2909 in
854 2858 951 2909 lec.
980 2865 1002 2909 1
1042 2860 1115 2924 (v.
1140 2861 1170 2921 5
1198 2858 1339 2939 107),
1362 2886 1426 2895 -
1430 2860 1599 2938 ‘cujus
1699 2874 1861 2908 unum
1897 2858 1933 2920 i
1960 2809 2027 2909 ob
2081 2857 2542 2909 abbreviationem
2585 2860 2747 2911 omitti

574 2925 675 2973 viri
714 2920 1028 2975 sanctissimi
1071 2925 1283 2990 Officia,
1332 2932 1390 2976 ut
1426 2926 1484 2975 in
1522 2930 1602 2975 tot
1699 2940 1883 2991 parum
1913 2940 2084 2990 operae
2114 2925 2337 2989 pretium
2361 2930 2505 2987 erat3
2549 2928 2639 2976 sin
2664 2941 2746 2975 au·

576 2990 694 3040 aliis
726 2989 873 3041 libris
905 2992 1146 3057 antiquis,
1179 2994 1255 3042 ita
1285 2998 1337 3042 et
1369 2994 1427 3042 in
1448 2990 1600 3041 Msto
1699 2998 1807 3041 tem
1852 3006 2035 3042 revera
2086 2990 2436 3041 “solemnter''
2489 2994 2747 3059 scriptum

576 3063 753 3107 nostro
777 3058 938 3137 impia
957 3059 1165 3123 tyranni
1188 3058 1331 3110 rabie
1361 3057 1601 3124 deturpa-
1701 3065 1797 3120 est,
1829 3057 2018 3107 calami
2050 3057 2223 3124 potius
2250 3056 2304 3107 la
2344 3057 2430 3108 sui
2465 3074 2636 3122 quam
2665 3058 2747 3107 alii

576 3132 629 3174 ta
647 3138 741 3173 seu
756 3131 931 3190 potius
952 3123 1195 3176 decorata
1213 3131 1335 3175 sunt
1359 3126 1430 3190 (v.
1448 3125 1599 3175 Fasc.
1702 3124 1872 3174 cuivis
1902 3138 2100 3174 caussas
2128 3075 2435 3189 irregufaris
2456 3125 2625 3211 apud
2653 3125 2747 3175 hos

575 3191 600 3239 1
603 3206 720 3256 ,.pp
731 3189 857 3254 lxix,
875 3190 982 3254 lxx,
1001 3190 1067 3240 ad
1080 3190 1314 3258 calcem),
1327 3190 1601 3242 —librari·
1703 3191 1985 3255 scriptores
2017 3190 2359 3240 litterarum“
2361 3189 2487 3240 mn'’
2527 3206 2747 3242 concur·

576 3274 640 3308 us
659 3256 745 3322 (de
757 3273 923 3323 quov.
936 3228 1002 3307 ad
1014 3256 1274 3319 eandem§
1290 3256 1421 3321 107)
1440 3257 1603 3308 sinon
1702 3272 1793 3307 sus
1816 3256 2158 3323 proculdubio
2191 3255 2508 3307 tribuendus
2538 3265 2648 3308 est:
2688 3257 2749 3306 cf.

578 3330 761 3376 eontra
798 3340 994 3375 morem
1036 3338 1189 3374 suum
1235 3321 1603 3386 “solemnter’ss
1704 3338 1820 3387 quae
1851 3323 1913 3373 de
1956 3338 2083 3374 casu
2113 3321 2272 3373 simili
2304 3322 2374 3373 ad
2404 3325 2628 3391 pag-inse
2664 3326 2749 3373 xix

578 3390 763 3442 saltem
789 3405 908 3444 cum
927 3406 970 3457 p
996 3389 1272 3442 admodum
1306 3390 1517 3442 brevi“
1521 3405 1603 3440 so·
1704 3389 1900 3440 calcem
1925 3389 2063 3442 dicta
2086 3394 2223 3440 sunt.

1365 3680 1945 3739 -—..0000·,....—.
