2910 4457
907 413 983 453 nn
1009 412 1284 454 LAumnvs
1309 414 1444 456 non.
1471 418 1490 454 1
1516 414 1638 455 Amr.
2218 401 2268 455 lv

320 545 454 600 ibid.
500 545 622 598 licet
649 544 852 615 festum
885 543 986 596 loci
1007 542 1230 614 suerit]
1266 545 1335 597 In
1371 545 1561 598 Douce
1594 544 1711 598 Res.
1748 553 1802 598 et
1827 545 2026 613 Gough
2051 549 2138 609 67,
2161 548 2269 598 nisi

251 635 346 687 ubi
381 643 458 686 est
489 631 730 685 Ecclesia
762 631 999 699 dedicata
1030 633 1091 683 in
1121 631 1309 683 honore
1343 631 1532 684 Sancti
1564 631 1792 685 Andreoe
1819 655 1837 686 .·
1879 643 2002 685 tunc
2033 632 2113 686 ibi
2147 632 2270 685 cele-

255 720 452 772 bretur.
487 718 631 787 quod
662 726 841 771 tamen
873 718 1042 786 ipsius
1076 717 1265 769 Douee
1298 719 1416 772 Res.
1445 719 1587 771 Pieae
1620 720 1950 773 contradicit.
1978 720 2174 790 Gough
2200 725 2271 773 67

253 807 423 874 (solus
448 822 631 858 eorum
657 821 790 874 quos
812 803 987 857 videre
1010 805 1251 875 contigit)
1277 821 1383 857 non
1404 805 1568 857 habet
1591 813 1687 857 aut
1711 806 1898 859 Picum
1923 814 2020 859 aut
2043 808 2267 860 colorem

254 895 483 945 rubrum
523 893 625 944 nisi
664 891 865 943 calamo
903 890 1276 943 sublineatum.
1366 890 1466 943 Est
1508 899 1692 944 autem
1729 892 1813 959 (ut
1857 892 2084 960 videtur)
2132 894 2269 945 inter

253 978 414 1030 libros
439 977 852 1045 antiquissimos.
926 975 1091 1029 Plura
1115 975 1236 1028 vide
1260 978 1317 1028 in
1342 985 1470 1030 nota
1494 979 1531 1029 i.
1557 994 1608 1047 p.
1633 978 1785 1030 xxiii.

324 1065 383 1116 in
398 1063 544 1133 sesto
567 1062 821 1132 ejusdem]
849 1060 919 1114 In
944 1062 1163 1131 Proprie
1188 1061 1255 1115 de
1281 1062 1505 1115 Sanctia

260 1189 352 1249 De
390 1184 653 1267 reliquie
677 1184 903 1265 primae
941 1183 1332 1245 hebdomada.»
1375 1182 1696 1246 Adventus
1749 1185 2000 1269 OfficiiS,
2044 1192 2104 1248 et
2138 1187 2266 1249 Ru-

691 1295 879 1356 bm‘cis
899 1292 1290 1374 yeneralibuc
1317 1294 1543 1356 ibidem
1571 1297 1838 1358 incertis.

327 1441 378 1492 p.
407 1427 475 1475 10
499 1440 552 1475 a.
576 1422 633 1473 in
659 1421 876 1473 nomine
901 1427 1011 1472 tue.
1040 1419 1226 1471 Gloria
1250 1418 1441 1487 Patri]
1472 1419 1562 1472 Sic
1585 1420 1726 1473 recte
1752 1422 1835 1486 (cf.
1859 1422 2197 1486 Psalmi-ium,
2216 1434 2270 1477 et

265 1518 386 1563 nota
408 1507 739 1576 analogiam)
768 1506 956 1558 Douce
994 1504 1137 1558 Refi:
1175 1505 1367 1574 reliqui
1392 1522 1577 1559 omnes
1601 1523 1734 1576 quos
1757 1508 1989 1559 vidimus
2015 1510 2271 1562 omittunt

269 1596 452 1648 Gloria
491 1594 668 1646 Patri.
743 1592 907 1645 Recte
933 1599 1110 1644 autem
1149 1591 1242 1643 Br.
1281 1590 1440 1643 Ebor.
1459 1592 1601 1644 t—in
1639 1609 1741 1661 quo
1776 1602 1894 1662 post
1933 1594 2268 1665 Confitemini

229 1713 241 1728 ·
268 1699 470 1751 quoque
496 1680 741 1733 additum
765 1685 859 1731 est.

332 1769 417 1820 Hi
433 1767 681 1837 praedicti
702 1769 787 1829 gre.
807 1772 862 1817 et
883 1764 1303 1834 Quandocunque
1316 1766 1517 1818 dicitur
1532 1766 1654 1836 &c.]
1679 1767 1744 1819 V.
1765 1766 1832 1819 ad
1850 1767 1913 1819 P.
1938 1772 2004 1820 16
2022 1773 2194 1821 a-18
2211 1771 2267 1822 b.

336 1848 840 1919 omnibus—ayitur]
871 1849 974 1902 Pro
999 1850 1083 1903 his
1116 1851 1207 1902 Br.
1244 1850 1403 1904 Ebor.
1430 1853 1543 1903 “in
1567 1854 1708 1905 omni
1741 1852 2029 1906 Dominicd
2061 1856 2265 1924 quando

269 1950 543 1993 nocturnus
571 1939 644 2007 [v.
670 1937 739 1990 ad
762 1954 812 2006 p.
849 1940 906 1988 14
932 1937 988 2005 a]
1017 1918 1215 1989 diatim
1237 1938 1306 1989 ad
1327 1939 1653 1990 mamam&

338 2027 405 2079 In
425 2045 535 2079 una
559 2024 846 2094 antiphona
862 2022 996 2075 nihil
1017 2023 1166 2076 aliud
1182 2032 1262 2076 est
1277 2043 1383 2076 una
1402 2042 1566 2093 quam
1583 2025 1839 2078 articulus
1857 2026 2041 2095 (quem
2059 2029 2268 2095 vocant)

273 2114 571 2184 indefinitus
591 2134 610 2166 .·
652 2111 738 2163 Fr.
760 2129 863 2162 une
885 2111 1126 2162 ancienne
1149 2132 1166 2163 .-
1207 2111 1366 2179 Angl.
1392 2129 1463 2162 an
1485 2110 1708 2173 anthera,
1730 2127 1837 2164 non
1861 2130 1955 2162 one
1976 2111 2199 2162 anthem.

344 2200 465 2271 Cap.
493 2200 652 2252 Hora
682 2196 815 2267 &c.]
854 2196 939 2250 De
974 2197 1236 2267 Capitulis
1274 2196 1697 2250 Eboracensibus
1732 2213 1780 2248 V.
1818 2204 1996 2249 annot.
2034 2204 2266 2250 nostram

275 2286 338 2338 ad
361 2286 418 2339 P.
443 2292 513 2339 26
539 2304 590 2339 a.
616 2294 670 2338 et
693 2289 763 2337 30
783 2286 836 2336 b.
862 2286 919 2336 in
943 2284 1079 2337 Add.
1107 2291 1162 2336 et
1186 2285 1333 2336 Corr.

337 2372 408 2431 32..
433 2375 572 2428 Veni
603 2373 699 2426 διο.
728 2371 810 2424 Cf.
839 2366 900 2423 P.
924 2375 995 2422 26
1017 2389 1065 2424 a.
1092 2386 1215 2423 cum
1241 2376 1420 2422 annot.
1448 2370 1632 2448 nostra
1654 2371 1711 2421 in
1735 2369 1871 2421 Add.
1898 2377 1953 2423 et
1976 2371 2122 2423 Corr.

339 2478 388 2529 p.
415 2466 472 2514 11
502 2479 552 2525 a,
576 2477 671 2530 pro
697 2456 927 2528 [super]
958 2475 1052 2511 scr.
1083 2458 1279 2528 [Super
1303 2456 1424 2526 te.],
1449 2463 1503 2509 et
1527 2465 1650 2510 ante
1668 2461 1780 2515 “U.
1804 2457 1940 2510 D'ne
1966 2457 2115 2512 Deus
2139 2458 2263 2511 &c.’'

277 2545 433 2599 insere
458 2546 681 2617 [Gloria
705 2545 871 2608 Patri,
896 2553 951 2597 et
973 2544 1129 2608 Filio,
1154 2552 1208 2596 et
1232 2543 1452 2611 Spiritui
1480 2541 1690 2594 Sancte.
1717 2541 1885 2613 Super
1907 2543 2004 2612 te.]

342 2633 442 2686 loco
467 2631 674 2686 Bened.
703 2632 851 2694 D'ns,
876 2630 1115 2696 dicitur]
1144 2631 1291 2683 Libri
1311 2630 1533 2699 plurimi
1551 2630 1845 2682 omittendo
1868 2638 2129 2699 punctum
2153 2641 2271 2699 post

278 2718 462 2771 dicitur
484 2733 703 2772 sensum
727 2719 964 2770 alienum
999 2724 1053 2769 et
1075 2733 1302 2786 pravum
1328 2714 1573 2768 reddunt.
1636 2713 1801 2766 Recte
1829 2715 2013 2767 Douce
2038 2714 2139 2767 BB
2170 2720 2269 2768 180

277 2811 324 2854 et
343 2808 461 2868 200,
486 2813 541 2858 et
564 2803 769 2873 Gough
797 2807 898 2855 158
921 2803 972 2854 b.
1003 2806 1119 2854 151.
1149 2806 1267 2855 185.

339 2908 386 2958 p.
406 2896 463 2942 11
476 2892 528 2943 b.
546 2908 710 2959 usquc
726 2889 795 2940 ad
806 2887 853 2940 O
870 2889 1126 2957 sapientia
1141 2886 1255 2955 (scr.
1266 2890 1485 2957 ubique,
1502 2886 1549 2939 O
1567 2886 1910 2957 Sapientia).]
1923 2888 1987 2939 V.
1999 2888 2126 2958 adp.
2138 2893 2206 2943 28
2219 2891 2268 2942 b.

340 2992 386 3044 p.
414 2980 478 3027 12
502 2995 550 3030 a.
587 2974 806 3044 Viqiliae
827 2972 1186 3043 Mortuerum]
1216 2975 1364 3036 Quas
1387 2973 1509 3026 vide
1531 2982 1650 3043 post
1675 2974 2009 3028 Psalterium.

340 3059 557 3114 Placebo
581 3071 632 3113 et
657 3059 871 3128 Dirige]
898 3058 964 3111 V.
990 3058 1058 3112 ad
1082 3077 1132 3128 p.
1164 3064 1264 3113 117
1287 3078 1334 3112 a.

339 3163 487 3215 usque
527 3147 598 3198 ad
637 3144 875 3198 lectiones
913 3154 1131 3210 tantum,
1168 3146 1286 3213 etc.]
1332 3145 1379 3196 I.
1430 3161 1475 3197 e.
1525 3145 1797 3211 inclusive,
1844 3148 1953 3200 sive
1998 3165 2157 3217 usque
2202 3149 2272 3199 ad

285 3228 471 3283 Laudes
494 3231 755 3284 exclusive
779 3252 798 3284 .·
838 3248 885 3282 ν.
911 3247 963 3300 p.
994 3235 1058 3282 14
1084 3249 1134 3295 a,
1157 3248 1333 3301 parag.
1365 3235 1409 3283 l.

343 3317 408 3369 In
428 3335 612 3387 parag.
637 3317 843 3386 penult.
868 3334 963 3387 pro
987 3318 1097 3370 dici
1120 3317 1264 3371 male
1301 3317 1491 3371 Douce
1525 3317 1641 3371 Res.
1676 3326 1730 3371 et
1764 3318 1964 3388 Gough
1996 3322 2067 3371 67
2090 3320 2271 3372 dicere.

285 3401 558 3472 Reliquam
599 3412 787 3456 autem
827 3404 990 3474 hujus
1019 3405 1337 3474 paragraphi
1370 3415 1577 3475 partem
1614 3408 1756 3459 varie
1791 3415 1845 3459 et
1877 3405 2068 3459 misere
2103 3406 2274 3458 detor-

283 3499 437 3558 quent
455 3491 593 3544 libri.
621 3489 788 3545 Recte
807 3491 949 3545 solus
973 3509 1043 3545 ex
1066 3492 1314 3546 omnibus
1338 3509 1473 3563 quos
1489 3491 1738 3556 vidimuS,
1752 3493 1847 3561 qui
1866 3511 1895 3547 e
1916 3492 2066 3545 libris
2086 3491 2275 3543 nostris
