2910 4457
960 380 1093 419 nou.
1121 383 1142 419 1
1168 382 1226 420 m
1250 382 1377 419 ΑΜ.
1404 364 1534 419 n'm.
2170 372 2248 424 liii

277 536 337 589 p.
365 522 401 571 5
427 519 484 570 b.
510 515 703 569 Finita
730 512 961 577 lectione,
987 514 1098 582 &c.]
1127 511 1196 564 In
1222 512 1327 565 off.
1356 513 1537 577 Ebur„
1555 515 1696 568 utin
1722 514 1981 580 Romano,
1996 534 2103 570 non
2128 529 2248 589 post

211 605 478 676 Capitula
498 600 712 656 tantum
739 600 806 669 (v.
832 599 902 652 ad
928 598 988 651 P.
1014 602 1084 652 39
1108 601 1180 669 a),
1205 599 1387 655 verum
1417 602 1580 654 etiam
1604 610 1725 673 post
1745 602 2013 668 lectiones,
2038 605 2246 659 Chorus

208 689 505 761 respondet
528 689 643 740 Deo
662 687 881 755 qratia-5.

279 795 315 829 a
332 775 509 828 tribus
528 774 711 843 pueris
726 770 839 839 &c.]
866 770 1193 839 Hujusmodi
1208 772 1380 824 multa
1396 788 1504 825 non
1522 773 1830 843 obligabant
1847 775 1950 827 nisi
1967 777 2107 845 ipsos
2123 785 2241 830 tan—

204 859 326 914 tum
352 859 618 913 Ecclesiae
645 855 1046 909 Sarisburiensis
1070 856 1304 908 Clericus
1326 863 1381 909 et
1402 874 1493 909 eos
1517 858 1612 925 qui
1636 858 1766 911 talia
1787 859 2030 912 facienda
2054 871 2240 931 sponte

205 952 573 1015 susceperant.
610 943 774 996 Plura
788 941 905 995 vide
920 943 978 994 in
1002 942 1307 1010 Defert-sorio
1316 942 1629 997 Directorii:
1647 943 1713 996 cf.
1736 943 1804 996 ad
1819 944 1881 997 P.
1896 949 1959 997 21
1980 947 2029 998 b.
2046 949 2236 999 et24b.

269 1050 413 1103 puer
436 1028 892 1096 hebdomadarius]
921 1028 987 1080 V.
1012 1028 1084 1080 ad
1106 1044 1157 1097 p.
1184 1031 1218 1079 3
1242 1029 1293 1081 b.

279 1117 619 1188 repetitiones
643 1115 700 1165 in
727 1114 819 1166 Br.
847 1113 1007 1168 Ebor.
1035 1118 1049 1142 ‘
1070 1114 1379 1167 iterationes
1401 1124 1671 1170 vocantur.

280 1204 396 1266 Qui
417 1210 739 1271 regnaturus
764 1197 860 1266 es.]
891 1200 981 1253 Br.
1005 1200 1162 1253 Ebot.
1184 1200 1405 1272 (Gough
1422 1205 1485 1255 6:
1512 1219 1564 1256 v.
1585 1203 1653 1256 ad
1670 1220 1721 1273 p.
1741 1208 1777 1256 2
1794 1221 1845 1257 a.
1865 1206 1926 1257 in
1942 1205 2233 1275 Addendis)

208 1308 300 1360 per
322 1305 558 1343 errorem
583 1290 615 1316 ‘⁴
638 1286 747 1348 Qui
771 1287 955 1357 regis.''

273 1377 465 1430 Lectio
492 1372 589 1445 ᾔ]
613 1373 752 1425 Ante
779 1373 1015 1442 singulas
1037 1373 1291 1426 lectiones
1312 1374 1470 1428 modo
1494 1375 1610 1444 jam
1635 1378 1874 1446 exposito
1897 1377 2128 1446 petenda
2152 1388 2233 1431 est

201 1462 527 1517 benedictio,
582 1458 1026 1512 Benedictionum
1050 1468 1232 1513 autem
1252 1458 1438 1513 Officio
1463 1461 1529 1513 de
1548 1461 1807 1531 Tempore
1826 1464 2231 1517 inservientium

199 1550 451 1603 tabulam
477 1546 748 1599 intellectu
772 1545 983 1599 facilem
1007 1545 1076 1598 ad
1102 1546 1265 1598 finem
1287 1547 1667 1599 Annotationis
1690 1548 2024 1601 inseruimus.

271 1633 552 1703 Cognovit
576 1630 707 1702 &c.]
733 1628 803 1682 In
830 1630 921 1682 Br.
956 1630 1117 1683 Ebot.
1142 1630 1300 1684 lectio
1324 1632 1370 1702 ᾖ
1393 1632 1549 1685 verbo
1574 1634 1607 1662 ‘⁶
1627 1633 1948 1699 sceleratis'',
1971 1635 2043 1705 ἱῂ·
2073 1637 2229 1690 verbo

199 1727 231 1752 “
248 1724 462 1776 sanitas
475 1721 502 1741 ’'
525 1719 876 1774 concluditur.

271 1827 329 1878 p.
349 1813 383 1860 6
404 1826 456 1862 a.
478 1814 557 1867 aa,
581 1809 653 1877 3.)
675 1806 872 1860 Gloria.
902 1805 978 1858 Et
994 1807 1310 1877 vocabitur]
1335 1807 1423 1861 Sic
1443 1813 1582 1863 recte
1605 1809 1794 1864 Douce
1813 1810 1933 1865 Res.
1954 1820 2009 1865 et
2027 1811 2225 1883 Gough

197 1902 273 1951 67
298 1906 357 1951 et
379 1902 453 1950 58
475 1897 527 1948 b.
556 1896 773 1964 Reliqui
800 1894 952 1963 (quos
977 1894 1192 1963 quidem
1217 1895 1466 1963 vidimus)
1491 1905 1775 1966 utrumque
1801 1898 2072 1981 omittunt.

268 1984 347 2037 In
369 1984 418 2054 ij
442 1983 600 2051 noct.)
628 1982 716 2034 Ps.
746 1980 962 2034 Exaudi
988 1981 1187 2051 Deus]
1215 1982 1361 2034 Corr.
1387 1986 1420 2012 ‘⁴
1442 1983 1532 2035 Ps.
1561 1983 1779 2036 Exaudi
1800 1984 1980 2037 D'ne.''
2016 1986 2227 2038 etiamsi

195 2070 325 2123 libri
349 2086 534 2122 omnes
554 2086 588 2121 a
610 2069 762 2120 nobis
784 2067 1009 2136 inspecti
1032 2067 1232 2120 habent
1254 2067 1414 2120 Deus.

272 2173 327 2225 p.
353 2158 389 2206 6
411 2156 463 2207 b.
503 2153 574 2206 In
600 2145 693 2207 Br.
731 2153 889 2206 Ebor.
925 2152 1118 2206 mediae
1154 2154 1405 2206 lectiones
1439 2152 1506 2205 de
1541 2158 1555 2183 ‘
1575 2172 1801 2207 sermone
1837 2153 1973 2206 beati
2010 2154 2223 2207 Leonis'

193 2243 468 2311 leguntur.
544 2240 893 2309 Responsoria
924 2248 1105 2292 autem
1129 2245 1161 2291 5
1188 2247 1243 2292 et
1280 2241 1386 2291 6in
1420 2240 1607 2293 eodem
1643 2240 1800 2294 BreV.
1835 2250 1962 2295 sunt
1985 2246 2017 2271 ‘⁴
2036 2241 2219 2294 Salva-

196 2340 372 2381 torem
400 2326 528 2380 &c.”
555 2325 634 2396 (p.
660 2332 695 2378 7
726 2326 780 2394 a)
805 2333 860 2378 et
883 2329 915 2354 “
935 2324 1133 2377 Audite
1169 2324 1300 2378 &c.'’
1323 2323 1396 2393 (p.
1425 2330 1459 2378 7
1483 2326 1556 2394 b).
1585 2325 1717 2379 Post
1739 2327 1818 2380 6ti
1841 2334 2023 2380 autem
2046 2333 2115 2386 Ἡ.
2142 2345 2221 2380 re-

194 2415 397 2483 petitur
414 2417 446 2443 “
468 2413 541 2465 Et
563 2410 1006 2465 in—adveniet.'':
1032 2416 1152 2480 post
1167 2414 1200 2440 ‘⁶
1221 2409 1409 2463 Gloria
1435 2410 1496 2463 P.
1523 2420 1578 2464 et
1603 2410 1664 2464 F.
1692 2419 1746 2464 et
1770 2410 1861 2481 Sp.
1891 2411 1972 2464 S.’'
1998 2411 2217 2467 demum

199 2502 232 2527 “
253 2497 496 2551 Salvator
518 2515 574 2550 n.
601 2496 748 2550 adv.''

272 2601 326 2652 p.
350 2589 387 2634 7
411 2601 460 2635 a.
486 2583 593 2644 Qui
616 2582 946 2650 reformabit]
977 2581 1070 2634 Br.
1098 2581 1257 2634 Ebor.
1290 2582 1400 2642 Qui
1422 2582 1739 2650 refommvit.

268 2669 346 2722 In
377 2670 628 2739 iij-noct.)
666 2668 1147 2740 appropinquabit]
1186 2669 1276 2722 Sic
1311 2669 1468 2721 libri:
1505 2685 1636 2721 corr.
1672 2676 1857 2721 autem
1890 2684 1920 2721 e
1956 2669 2215 2722 Psalterio

197 2756 270 2826 (p.
314 2759 381 2807 10
414 2756 469 2823 b)
506 2763 562 2808 et
594 2755 648 2808 S.
686 2755 980 2825 Scriptura,
1005 2755 1454 2825 appropinquavit.
1483 2753 1566 2806 cf.
1593 2760 1771 2806 tamen
1796 2761 1949 2806 notas
1972 2753 2211 2823 proxime

196 2850 478 2912 sequentes
502 2841 656 2894 duas,

262 2929 361 2981 lux
383 2945 511 2981 vera
533 2936 617 2981 est
638 2935 695 2979 et
715 2926 928 2998 fulgens
952 2928 1010 2978 in
1037 2926 1214 2994 coelo.]
1256 2927 1344 2980 Sic
1375 2928 1515 2990 libri,
1539 2927 1636 2995 qui
1661 2935 1841 2980 tamen
1866 2928 1923 2979 in
1950 2926 2210 2981 Psalterio

193 3017 264 3085 (Ι).
296 3021 355 3068 11
385 3015 459 3083 a),
483 3022 550 3067 ut
574 3022 630 3067 et
655 3011 818 3065 Psalt.
847 3012 1045 3076 Heres„
1071 3013 1222 3066 “lux
1242 3030 1367 3066 vera
1387 3020 1468 3066 est
1490 3013 1704 3084 fulgens
1736 3015 1793 3066 in
1817 3012 2007 3067 coelis.'’
2045 3013 2206 3068 Psalt.

196 3101 352 3155 Ebor.
380 3106 413 3132 “
430 3109 512 3154 est
535 3099 746 3168 fulgens
770 3100 827 3150 in
852 3099 1031 3152 coe10.”

259 3188 456 3241 Veniet
476 3194 546 3237 ut
570 3184 740 3236 salvet
760 3185 1018 3253 populum
1042 3201 1202 3239 suum
1236 3201 1270 3237 a
1304 3185 1534 3254 peccatis
1566 3182 1790 3251 eorum]
1821 3183 1909 3238 Sic
1939 3185 2077 3249 libri,
2109 3187 2206 3254 qui

194 3287 363 3330 tamen
385 3277 447 3328 in
475 3273 743 3327 Psalterio
767 3271 837 3341 (p.
862 3278 921 3326 11
944 3275 1019 3342 b),
1043 3277 1076 3303 ‘⁶
1092 3274 1287 3327 Veniet
1303 3280 1368 3326 ut
1383 3272 1551 3326 salvet
1565 3274 1826 3344 populum
1850 3289 2024 3327 suum.
2077 3273 2204 3325 Non

190 3363 391 3416 dicatur
413 3357 696 3414 ulterius?
732 3357 870 3411 Cum
896 3359 1150 3413 Psalterio
1174 3364 1353 3412 autem
1371 3359 1654 3413 concordat
1678 3360 1838 3413 Brev.
1865 3359 2051 3413 Ebor.:
2078 3376 2200 3413 cum

189 3449 271 3502 Pr.
297 3449 364 3503 de
388 3448 478 3512 T.,
505 3445 671 3497 BreV.
700 3443 882 3498 Heref.

1150 3547 1184 3584 r
1207 3535 1240 3584 3
