2910 4457
667 363 744 429 12
1434 382 1721 425 nomurcrs
1761 382 1959 422 munos
2023 443 2032 450 ⁶

664 497 925 547 hominem
961 512 974 547 :
1002 508 1104 545 non
1137 493 1387 544 horruisti
1416 494 1652 556 Virginis

667 564 889 607 uterum.

727 621 805 668 Tu
836 620 1030 668 devicto
1066 618 1246 667 mortis
1283 618 1454 667 aculeo
1495 633 1509 668 ε
1542 632 1652 679 ape-

666 683 814 729 ruisti
837 681 1153 730 credentibus
1176 693 1329 740 regna
1354 680 1615 729 coelorum.

727 744 805 791 Tu
822 744 883 792 ad
905 744 1159 792 dexteram
1176 743 1268 791 Dei
1286 743 1429 791 sedes
1447 758 1461 793 z
1479 744 1531 790 in
1552 743 1651 803 glo-

666 804 743 853 ria
761 805 946 853 Patris-

727 866 888 915 1011011
904 866 1120 915 crederis
1136 878 1243 914 esse
1257 871 1523 914 venturus,

727 929 798 978 Te
813 941 932 989 ergo
949 940 1269 988 quaesumuS,
1311 928 1518 976 famulis
1547 927 1651 975 tuis

664 992 906 1041 subveni:
928 1003 1056 1051 quos
1078 990 1288 1050 pretioso
1309 990 1559 1049 sanguine
1580 1002 1653 1039 re·

667 1053 890 1102 demisti.

728 1116 938 1163 AEterna
964 1112 1039 1161 fac
1069 1125 1187 1160 cum
1207 1112 1399 1160 sanctis
1424 1112 1529 1161 tuis
1558 1128 1572 1162 ε
1594 1112 1649 1161 in

667 1177 825 1240 gloria
850 1175 1128 1224 numerari.
1559 1218 1560 1221 ,

728 1239 937 1288 Salvum
968 1237 1041 1284 l'ac
1069 1235 1309 1295 populum
1335 1239 1484 1284 tuum
1513 1236 1650 1284 Dsie:

668 1306 718 1352 et
733 1299 939 1349 benedic
959 1297 1240 1347 haereditati
1262 1302 1377 1344 tuae.

728 1363 792 1411 Et
815 1373 929 1420 rege
950 1373 1058 1418 eos,
1089 1363 1137 1407 et
1157 1358 1332 1406 extolle
1352 1359 1467 1407 illos
1489 1371 1650 1418 usque

669 1425 724 1476 in
744 1429 1009 1472 aeternum.

728 1487 824 1535 Per
837 1485 1068 1544 singulos
1082 1483 1207 1540 dies,
1225 1481 1572 1530 benedicimus
1585 1486 1650 1530 te.

727 1549 794 1597 Et
815 1547 1083 1595 laudamus
1108 1557 1290 1592 nomen
1314 1549 1461 1591 tuum
1487 1544 1539 1590 in
1565 1556 1651 1592 sae·

668 1610 842 1659 culum
865 1624 877 1657 z
900 1613 948 1655 et
970 1608 1022 1654 in
1041 1607 1282 1654 saeculum
1306 1605 1494 1653 saeculi.

729 1672 951 1730 Dignare
964 1669 1075 1716 Due
1090 1667 1171 1714 die
1185 1668 1281 1714 isto
1296 1681 1309 1714 z
1326 1666 1436 1714 sine
1453 1671 1651 1725 peccato

667 1744 761 1780 nos
782 1730 1049 1778 custodire.

727 1793 969 1844 Miserere
1007 1789 1164 1837 nostri
1206 1787 1318 1836 Bne
1357 1802 1371 1837 ι

669 1854 847 1903 nostri.
1166 1872 1167 1875 =

729 1916 842 1964 Fiat
884 1910 1229 1960 misericordia
1270 1915 1358 1958 tua
1401 1911 1511 1959 Due
1555 1923 1653 1959 50-

669 1990 753 2038 per
790 1987 880 2024 nos
915 1991 927 2024 :
957 1973 1385 2034 quemadmodum
1420 1974 1654 2033 speravi-

668 2051 786 2088 mus
803 2038 856 2086 in
878 2042 944 2085 te.

727 2102 789 2149 In
811 2105 860 2148 te
878 2100 990 2147 Bne
1003 2095 1202 2158 speravi
1220 2111 1234 2146 t
1253 2108 1353 2144 non
1370 2096 1652 2145 confundar

669 2162 725 2211 in
747 2167 1012 2212 aeternum.

1413 1788 1652 1838 miserere

736 2285 910 2347 [AN-m
930 2282 1156 2346 LAunns]
1178 2280 1240 2346 ψ.
1256 2281 1495 2332 Excelsus
1503 2295 1651 2342 super

668 2361 846 2396 omnes
878 2350 1050 2407 gentes
1069 2346 1195 2393 DfiS.
1222 2357 1286 2408 132.
1310 2346 1374 2393 Et
1389 2358 1539 2403 super
1562 2358 1654 2393 coe-

671 2411 745 2458 los
767 2410 926 2469 gloria
947 2408 1076 2466 eJus,

730 2471 868 2518 Deus
899 2470 952 2516 in
991 2467 1302 2527 adiutorium
1351 2466 1543 2529 [meum
1578 2468 1654 2515 in-

669 2532 833 2580 tende.
859 2542 923 2590 131.
956 2529 1067 2577 Dirc
1101 2529 1163 2577 ad
1198 2530 1546 2588 adiuvandum
1571 2542 1653 2577 me

669 2593 866 2642 festina.
878 2591 1049 2640 Gloria
1057 2591 1216 2650 Patri,
1228 2597 1275 2639 et
1286 2591 1430 2649 Filio,
1443 2596 1491 2639 et
1500 2592 1655 2650 Spiri-

669 2656 748 2704 tui
776 2655 975 2705 Sancto.
999 2654 1142 2702 Sicut
1168 2658 1274 2701 erat
1295 2654 1346 2701 in
1371 2653 1647 2713 principio,

670 2723 720 2766 et
742 2730 880 2766 nunc
897 2721 945 2765 et
965 2727 1178 2774 semper,
1199 2720 1246 2764 et
1271 2715 1323 2763 in
1353 2715 1535 2763 saecula
1566 2728 1652 2764 sae-

668 2780 901 2827 culorum
917 2815 930 2837 ,
948 2780 1115 2828 Amen
1131 2791 1145 2835 3
1164 2778 1401 2836 Alleluia,
1420 2778 1499 2825 vel
1515 2778 1651 2826 Laus

667 2842 761 2889 tibi
783 2842 917 2899 Dine,
956 2842 1062 2890 Rex
1100 2844 1297 2887 aeternae
1335 2840 1522 2900 gloriae,
1551 2852 1651 2900 pro

670 2903 906 2962 temporis
922 2900 1228 2961 diversitate]
1240 2936 1252 2947 .

731 2963 796 3009 In
819 2962 1077 3009 Laudibus
1097 2963 1218 3008 Area
1235 2976 1248 3003 .-
1269 2962 1523 3021 Regnavit
1540 2963 1650 3010 Dns

668 3024 967 3083 praecinctus
997 3022 1289 3072 fortitudine
1321 3035 1438 3070 cum
1477 3024 1650 3072 decore

668 3086 919 3134 virtutum
942 3100 954 3133 :
977 3085 1126 3144 cujus
1159 3084 1300 3134 sedes
1335 3089 1409 3132 est
1437 3085 1491 3131 in
1516 3090 1651 3133 aeter-

669 3160 816 3196 num.
841 3147 1082 3194 Psalmus
1098 3166 1114 3195 .-
1130 3146 1383 3194 Dominus
1398 3148 1647 3205 regnavit.

667 3211 732 3257 A.
763 3209 996 3258 Sciamus
1033 3220 1210 3256 omnes
1244 3208 1363 3268 quia
1400 3208 1512 3256 Diis
1542 3209 1650 3269 ipse

667 3276 743 3320 est
767 3272 935 3319 Deus:
961 3270 1042 3319 cui
1066 3270 1370 3329 jubilemus,
1401 3274 1448 3317 et
1476 3271 1651 3319 exalte-

669 3345 788 3382 mus
827 3336 873 3381 et
906 3332 1172 3380 laudemus
1213 3344 1396 3380 nomen
1439 3332 1552 3392 eJus
1593 3332 1647 3381 in

668 3400 931 3443 aeternum.
973 3394 1066 3442 Ps.
1095 3394 1314 3442 Jubilate
1342 3394 1443 3443 Deo
1480 3395 1650 3443 omnis

669 3464 821 3506 terra.
843 3459 906 3504 A.
933 3456 1233 3506 Benedicam
1266 3461 1313 3504 te
1336 3457 1446 3504 Dsie
1468 3457 1521 3504 in
1545 3456 1648 3504 vita

669 3531 780 3568 mea
802 3555 816 3578 ‚
844 3523 900 3566 ut
920 3519 1116 3568 videam
1141 3518 1381 3566 virtutem
1419 3523 1563 3567 tuam
1600 3523 1649 3566 et

1743 494 1956 554 gloriam
1970 498 2132 543 tuam.
2152 493 2243 542 Ps.
2255 495 2393 544 Deus
2406 496 2545 544 Deus
2561 507 2736 545 meus.

1743 558 1807 604 A.
1827 555 2012 604 Omnis
2031 559 2257 604 creatura
2280 558 2390 604 coeli
2413 563 2461 605 et
2484 563 2630 606 terrae
2652 560 2740 609 be-

1745 618 1943 665 nedicat
1972 618 2107 665 Dum
2140 633 2154 667 z
2187 618 2439 677 hymnum
2482 621 2644 679 dicat,
2688 626 2739 669 et

1743 681 2070 739 superexaltet
2091 681 2279 727 eumin
2301 681 2501 729 saecula.
2526 682 2620 730 Ps.
2645 683 2741 732 Be·

1745 741 1976 788 nedicite.
2010 743 2073 788 A.
2105 741 2328 800 Spiritus
2358 743 2529 791 omnis
2563 743 2741 793 laudet

1744 802 1879 851 Diun
1899 818 1912 851 ε
1934 802 2053 862 quia
2088 802 2191 860 ipse
2222 803 2347 851 dixit
2374 809 2421 852 et
2456 805 2580 853 sacta
2610 812 2742 854 sunt

1745 864 1934 922 omnia,
1954 865 2216 913 mandavit
2230 869 2276 913 et
2289 871 2451 915 creat-a
2476 871 2600 915 sunt
2620 869 2744 916 uni-

1745 937 1907 973 versa.
1938 925 2030 972 Ps.
2061 925 2284 974 Laudate
2309 928 2445 975 Dum
2478 929 2540 976 dc
2571 932 2742 979 coelis·

1812 988 1928 1034 Istae
1965 988 2221 1047 praedictoe
2266 990 2393 1036 Areoe
2426 997 2622 1050 semper
2672 994 2740 1040 in

1744 1047 2154 1096 Laud.dicantur
2168 1050 2316 1098 Dom.
2336 1050 2505 1098 diebus
2521 1056 2738 1112 quando

1743 1110 2014 1157 inchoatur
2034 1111 2207 1172 aliqua
2221 1124 2357 1159 nova
2377 1114 2592 1162 historia
2610 1128 2738 1164 cum

1740 1173 1894 1232 pleno
1931 1173 2157 1229 servitia,
2181 1179 2230 1220 et
2249 1176 2451 1234 quando
2473 1176 2653 1224 ultimo
2675 1177 2743 1238 fit

1745 1233 2009 1280 servitium
2052 1235 2112 1282 de
2155 1234 2306 1282 Dom.
2345 1242 2465 1284 ante
2488 1251 2592 1286 Lxx
2608 1277 2624 1298 ,
2650 1240 2738 1287 vel

1745 1300 1865 1342 ante
1911 1296 2041 1343 Ado.
2082 1295 2265 1344 Mediis
2300 1297 2417 1345 verr)
2460 1298 2610 1348 Dom.
2652 1302 2741 1350 dt·-

1749 1357 1885 1404 citur
1906 1357 2007 1404 haec
2033 1358 2143 1404 sola
2163 1360 2225 1405 A.
2248 1359 2518 1418 Regnavit.

2042 1419 2284 1466 Psalmus
2300 1421 2425 1481 merj-

1836 1479 2041 1528 ominus
2079 1483 2334 1541 regnavit3
2371 1485 2598 1532 decorem
2648 1484 2737 1533 in·

1836 1542 1990 1589 dutus
2011 1547 2112 1591 est:
2137 1544 2349 1592 indutus
2366 1550 2440 1593 est
2454 1546 2564 1593 Diis
2580 1546 2738 1595 forti-

1746 1603 2003 1662 tudinem,
2029 1608 2076 1650 et
2099 1605 2356 1663 praecinxit
2376 1618 2447 1654 se.

1807 1664 2007 1712 Etenim
2026 1665 2249 1713 firmavit
2264 1668 2435 1716 orbem
2453 1672 2598 1717 terrae
2613 1671 2736 1730 :qui

1745 1737 1846 1772 non
1869 1728 2283 1776 commovebitur.

1746 1852 1767 1895 t
1807 1787 1988 1835 Parata
2004 1790 2145 1838 sedes
2157 1794 2243 1837 tua
2260 1803 2316 1838 ex
2332 1795 2482 1840 tunc:
2502 1803 2530 1839 a
2546 1793 2735 1841 saeculo

1770 1860 1802 1894 u
1820 1861 1891 1897 es.

1813 1910 2148 1960 Elevaverunt
2169 1913 2382 1962 flumina
2402 1914 2514 1962 Dr'ie
2539 1929 2552 1963 :
2576 1914 2736 1965 eleva·

1746 1979 1929 2020 verunt
1946 1973 2159 2022 flumina
2182 1987 2352 2024 vocem
2374 1988 2541 2024 suam.

1808 2034 2141 2084 Elevaverunt
2154 2036 2367 2084 flumina
2384 2038 2571 2085 fluctus
2584 2050 2733 2089 suos:

1748 2107 1778 2143 a
1799 2097 2007 2146 vocibus
2029 2110 2279 2157 aquarum
2302 2099 2604 2147 multarum.

1810 2159 2071 2208 Mirabiles
2096 2160 2332 2208 elationes
2362 2161 2521 2209 maris
2541 2176 2555 2210 ι
2574 2161 2734 2211 mira-

1747 2219 1868 2269 bilis
1883 2221 1935 2269 in
1958 2221 2074 2270 altis
2094 2222 2218 2271 Dfis.

1793 2282 2100 2331 Testimonia
2109 2289 2194 2332 tua
2207 2284 2462 2333 credibilia
2473 2284 2598 2334 sacta
2612 2291 2734 2334 sunt

1748 2344 1906 2392 nimis
1936 2361 1950 2394 :
1976 2347 2188 2394 domum
2217 2351 2359 2394 tuam
2381 2347 2517 2395 decet
2539 2349 2733 2396 sancti-

1747 2407 1867 2454 tudo
1895 2407 2006 2455 nne
2039 2407 2091 2454 in
2114 2408 2485 2468 longitudinem
2506 2409 2730 2457 dierum.

1808 2467 1979 2516 Gloria
1996 2469 2156 2517 Patri.
2323 2469 2570 2517 Psalmus
2585 2471 2729 2519 oe-cioe.

1799 2530 1985 2578 ubilate
2006 2532 2108 2579 Deo
2137 2531 2307 2579 omnis
2329 2537 2461 2580 terra
2498 2547 2511 2581 ι
2545 2534 2732 2582 servite

1798 2591 1910 2638 Duo
1929 2592 1980 2638 in
2000 2592 2191 2641 laetitia.

1745 2717 1795 2761 ta
1808 2653 2017 2701 Introite
2029 2654 2082 2702 in
2093 2659 2356 2715 conspectu
2374 2654 2514 2714 ejus:
2529 2655 2584 2702 in
2601 2656 2734 2705 exul-

1799 2714 1949 2764 tione.

1798 2776 1981 2825 Scitote
1990 2777 2231 2837 quoniam
2241 2778 2367 2834 Das,
2381 2778 2486 2837 ipse
2494 2783 2568 2826 est
2578 2778 2729 2827 Deus:

1747 2836 1853 2897 ipse
1874 2838 1988 2887 fecit
2010 2851 2125 2897 nos,
2150 2844 2198 2887 et
2220 2852 2319 2887 non
2343 2840 2440 2899 ipsi
2462 2852 2574 2888 nos.

1808 2900 2035 2960 Populus
2093 2901 2135 2961 ej
2145 2914 2203 2948 us
2266 2907 2314 2949 et
2363 2913 2480 2949 oves
2534 2912 2734 2960 pascuae

1745 2959 1881 3020 ejus,
1907 2962 2110 3011 introite
2134 2968 2304 3021 portas
2324 2962 2436 3022 eJus
2470 2963 2521 3010 in
2547 2963 2736 3011 conses-

1744 3024 1885 3074 sione
1907 3039 1920 3073 :
1942 3024 2067 3072 atria
2091 3026 2202 3084 0305
2226 3025 2280 3072 in
2309 3025 2541 3084 hymnis3
2577 3025 2737 3073 confi-

1748 3085 1926 3133 temini
1949 3086 2041 3133 illi.

1809 3148 2030 3196 Laudate
2081 3159 2265 3196 nomen
2304 3147 2445 3208 ejns;
2483 3148 2734 3207 quoniam

1745 3209 1918 3257 suavis
1941 3215 2015 3258 est
2031 3209 2236 3266 Dfis;in
2261 3215 2508 3257 aeternum
2536 3209 2735 3258 miseri-

1746 3271 1915 3319 cordia
1944 3270 2056 3330 ejus
2080 3276 2162 3320 :et
2190 3284 2348 3331 usque
2374 3272 2426 3319 in
2457 3272 2735 3331 generatio-

1747 3345 1863 3381 nem
1881 3338 1928 3380 et
1950 3332 2321 3392 generationem
2338 3333 2526 3381 veritas
2546 3336 2679 3392 ejus.

1807 3394 1979 3442 Gloria
2002 3395 2159 3442 Patri.
2341 3394 2589 3441 Psalmus
2613 3393 2732 3454 lxii.

1833 3467 1924 3504 eus
1940 3456 2075 3504 Deus
2092 3468 2238 3503 meus
2265 3468 2278 3503 ι
2310 3456 2372 3503 ad
2391 3461 2438 3504 te
2453 3456 2516 3504 de
2534 3455 2732 3505 lucevi-

1836 3518 1952 3576 gilo.
