2910 4457
547 403 751 475 xxxiv
1265 420 1315 463 m
1340 418 1569 461 omnum
1594 417 1967 460 mmmmm
2222 413 2227 420 ·
2483 402 2597 468 (An
2614 404 2645 467 5
2662 404 2722 454 98

654 552 920 621 Quicquid
947 556 1124 606 sutem
1140 554 1197 605 in
1223 552 1307 605 his
1327 552 1542 619 Officiis,
1568 553 1656 604 vel
1682 552 1869 605 horum
1894 550 2156 615 alterutro,
2186 549 2382 603 Sancto
2401 556 2592 603 nostro
2611 568 2724 618 pro-

550 640 719 707 prium
748 638 955 705 legitur,
991 637 1048 688 id
1078 653 1232 689 omne
1261 652 1327 688 ex
1355 635 1657 704 supradicto
1687 635 2049 702 Depositionis
2073 634 2187 700 ejus
2211 633 2417 698 Officio,
2438 639 2631 701 utpote
2665 651 2724 685 ex

549 725 697 775 fonte
712 721 950 790 pleniore
970 720 1218 773 lucustam
1239 725 1334 773 est.

646 805 1054 874 Intelligendum
1084 811 1165 857 est
1191 809 1366 855 tamen
1396 803 1512 855 haec
1529 801 1759 870 propria
1785 816 2116 868 nequaquam
2144 799 2568 854 Sari-somma
2599 817 2727 864 esse,

547 889 604 942 id
626 895 722 956 est,
749 905 1080 957 nequaquam
1102 890 1170 940 ad
1196 904 1287 940 eos
1324 904 1504 940 omnes
1542 888 1801 954 pertinere
1838 887 1929 952 qui
1957 885 2112 938 Usum
2144 883 2595 938 Sarieburiemem
2628 903 2729 937 ser-

548 974 747 1027 vabant
805 971 951 1041 (vide
993 974 1145 1025 Fasc.
1179 972 1340 1023 Primi
1376 972 1627 1039 paginam
1663 987 1715 1035 v,
1753 976 1815 1021 ut
1848 970 1905 1019 in
1947 969 2179 1036 ejusdem
2216 969 2485 1022 Fasciculi
2525 987 2578 1036 p.
2620 971 2731 1021 lxiii

551 1056 826 1110 emendata
850 1057 968 1123 est).

646 1140 781 1193 Nam
823 1142 1009 1208 primo,
1059 1139 1124 1191 de
1175 1138 1492 1205 quibusdam
1540 1139 1705 1202 iestis,
1755 1143 1808 1188 et
1849 1137 1987 1188 inter
2031 1136 2145 1188 haec
2187 1136 2250 1188 de
2282 1142 2397 1188 toto
2442 1136 2501 1188 S.
2542 1136 2732 1189 Ceddae

557 1221 936 1276 Τναηεὶαείοηίε
968 1222 1171 1288 Officio,
1206 1225 1264 1275 in
1299 1221 1609 1274 Calendario
1645 1225 1825 1273 nostro
1863 1220 2055 1271 diserte
2092 1219 2296 1284 dicitur,
2330 1237 2439 1271 non
2478 1219 2611 1273 Sar.
2646 1222 2734 1273 sed

550 1304 845 1372 Synodalia
870 1312 1074 1357 tantum
1101 1323 1234 1372 esse,
1263 1306 1298 1356 i.
1319 1322 1362 1357 e.
1380 1308 1435 1357 in
1453 1306 1520 1357 iis
1547 1311 1753 1356 tantum
1780 1303 2111 1356 Dioecesibus
2132 1304 2483 1369 observanda,
2511 1321 2736 1371 quarum

550 1389 803 1457 Episcopi
819 1391 874 1440 in
907 1391 1136 1457 Synodis
1155 1391 1265 1442 suis
1284 1389 1465 1441 eadem
1483 1395 1809 1456 acceperant.

647 1473 730 1523 De
763 1472 1243 1526 Commemoratione
1272 1489 1418 1538 ver0,
1453 1474 1565 1524 sive
1602 1472 1787 1524 Officio
1815 1470 2203 1526 Hebdomadali
2233 1469 2540 1539 integro(⁰)‚
2577 1488 2736 1537 quum

549 1554 695 1607 nullo
715 1557 934 1623 speciali
959 1556 1114 1609 modo
1137 1557 1361 1607 Sanctus
1391 1562 1571 1607 noster
1588 1571 1707 1606 cum
1733 1554 1974 1606 Ecclesia
1990 1554 2078 1605 vel
2096 1554 2328 1605 Dioecesi
2348 1554 2739 1606 Sarisburiensi

551 1639 863 1704 conjunctus
883 1641 966 1704 sit,
982 1657 1066 1692 res
1085 1644 1166 1691 est
1183 1641 1337 1690 nimis
1357 1639 1501 1690 clara
1518 1655 1674 1705 quam
1693 1638 1757 1688 de
1774 1654 1878 1703 qua
1897 1637 2179 1704 quidquam
2200 1636 2304 1687 dici
2322 1652 2460 1704 opus
2483 1639 2573 1689 sit.

646 1719 903 1787 Denique,
924 1722 988 1774 de
998 1723 1345 1788 Depositionio
1364 1723 1566 1787 Officio,
1586 1749 1649 1763 «-
1665 1722 1822 1786 unde,
1842 1727 1900 1772 ut
1917 1721 2041 1785 dixi,
2062 1735 2386 1787 quaecunque
2402 1721 2467 1771 in
2486 1723 2738 1773 Transla-

549 1804 710 1855 tionis
730 1810 781 1855 et
800 1805 1320 1857 Commemorationis
1338 1806 1541 1857 Officiis
1558 1805 1771 1871 propria
1786 1804 2034 1871 leguntur
2054 1803 2244 1854 hausta
2260 1807 2401 1867 sunt,
2419 1803 2738 1856 -Rubrica

552 1902 781 1952 sequens
803 1916 870 1927 —
894 1904 960 1939 ex
981 1888 1117 1941 libro
1142 1890 1206 1953 A,
1229 1890 1265 1939 i.
1290 1905 1335 1939 e.
1360 1905 1426 1939 ex
1460 1889 1615 1940 Brev.
1643 1887 1838 1938 Sarisb.
1864 1887 2156 1951 Communi,
2181 1891 2430 1950 extracta,
2453 1914 2531 1925 —
2554 1888 2619 1938 -in
2645 1904 2740 1953 qua

552 1975 606 2019 et
624 1970 802 2021 Officii
817 1971 985 2038 ipsius
1004 1971 1189 2023 titulus
1209 1973 1523 2034 continetur,
1544 1971 1672 2021 satis
1693 1970 1883 2020 diserte
1900 1969 2155 2034 loquitur:

654 2052 755 2104 “In
769 2053 909 2121 sento
937 2052 995 2106 S.
1028 2054 1214 2107 Oeddae
1237 2053 1489 2120 Episcopi
1509 2061 1558 2104 et
1581 2052 1911 2119 Confessorie,
1943 2052 2001 2103 ix
2025 2052 2264 2104 lectiones
2271 2052 2446 2120 fiant.-
2470 2056 2660 2108 omnia
2680 2056 2737 2107 de

561 2135 874 2202 “Communi,
894 2138 1174 2190 secundum
1185 2136 1362 2189 Picam
1379 2135 1519 2188 San:
1538 2145 1707 2188 tamen
1719 2136 1998 2188 secundum
2023 2134 2173 2186 Usum
2184 2133 2451 2202 Lichfeld,
2471 2137 2573 2190 Ad
2599 2137 2735 2205 Vesp.

555 2221 743 2273 “Ant.''
776 2222 1018 2289 Sequitur
1047 2224 1223 2274 statim
1253 2222 1498 2274 Officium
1523 2221 1720 2288 ipsum;
1746 2220 1888 2287 quod
1910 2221 1968 2271 in
1993 2221 2078 2271 Pr.
2095 2219 2140 2271 L
2160 2236 2370 2286 quoque
2394 2219 2473 2287 (v.
2492 2222 2571 2273 ad
2590 2223 2627 2285 5.
2640 2222 2733 2287 93),

551 2306 608 2355 in
629 2304 861 2370 ejusdem
880 2305 1208 2357 collectionis
1225 2306 1433 2373 paginis
1454 2307 1668 2369 23—25,
1685 2307 1966 2371 invenitur,
1986 2311 2037 2357 et
2047 2307 2121 2359 ibi
2134 2306 2359 2373 quidem,
2376 2312 2735 2374 proeterqunm

552 2387 694 2452 quod
727 2388 1008 2440 Lectiones
1042 2388 1181 2455 (ideo
1216 2390 1438 2440 fortasse
1472 2389 1613 2454 quod
1639 2390 1696 2439 in
1719 2390 1836 2456 ipso
1869 2390 1914 2441 L
1943 2390 2302 2456 inveniantur)
2340 2392 2567 2443 omissae
2604 2397 2734 2452 sunt,

551 2485 737 2536 parum
754 2471 820 2522 ab
844 2472 967 2524 libri
989 2472 1036 2523 A
1061 2472 1245 2523 Officio
1273 2472 1562 2535 diversum3
1588 2488 1749 2538 quum
1772 2478 1957 2525 contra
1977 2475 2035 2524 in
2059 2474 2102 2524 L
2125 2475 2259 2540 ipso,
2289 2502 2356 2511 —
2378 2481 2583 2540 praeter
2604 2477 2735 2528 Noc·

549 2558 823 2605 turnorum
845 2559 868 2605 1
891 2560 942 2606 et
961 2559 989 2606 2
1007 2556 1288 2607 Lectiones
1309 2552 1451 2622 (quae
1474 2561 1648 2606 tamen
1666 2572 1775 2606 non
1797 2556 1991 2608 eaedem
2009 2563 2132 2608 sunt
2151 2574 2267 2624 quse
2287 2558 2346 2607 in
2364 2558 2416 2607 A
2438 2557 2735 2625 leguntur),
2814 2562 2815 2579 ³

549 2665 615 2678 —-
647 2637 952 2690 Orationem
987 2639 1141 2705 (quae,
1174 2646 1233 2690 ut
1267 2640 1324 2690 in
1358 2641 1442 2690 Pr.
1473 2640 1535 2704 L,
1572 2655 1690 2690 cum
1723 2639 2218 2692 Commemorationis
2240 2647 2441 2692 nostroe
2475 2642 2735 2693 Oratione
2812 2656 2813 2673 ¹

551 2721 734 2772 eadem
759 2723 868 2773 fere
892 2727 996 2775 est:
1019 2738 1072 2774 V.
1100 2723 1167 2773 ad
1195 2724 1226 2785 ξ
1259 2723 1393 2789 160),
1410 2750 1475 2759 --
1495 2728 1547 2773 et
1569 2720 1716 2774 Aiias
1745 2722 1811 2773 ad
1839 2724 2143 2791 Magnffleat
2169 2725 2227 2773 in
2254 2724 2279 2772 1
2307 2724 2571 2790 Vesperis
2598 2731 2654 2777 et
2677 2724 2737 2775 ad

552 2803 864 2857 Benedictus
888 2806 975 2871 (de
995 2806 1183 2872 quibus
1206 2806 1381 2873 infra),
1406 2834 1473 2843 —
1497 2807 1672 2858 omnia.
1695 2822 1761 2857 ex
1781 2807 2058 2858 Communi
2081 2812 2372 2858 sumuntur.

667 2886 794 2938 Um
824 2894 997 2939 autem
1015 2888 1395 2956 Lichfeldemis
1420 2890 1562 2942 haud
1596 2890 1760 2955 aliter,
1783 2890 1871 2942 vel
1893 2892 1985 2942 vix
2010 2890 2170 2953 aliter,
2201 2889 2268 2941 ab
2300 2890 2408 2941 Usu
2435 2889 2736 2944 Sari-eburi

551 2969 662 3022 emi
693 2986 849 3035 quam
883 2972 1023 3037 quod
1060 2973 1116 3022 in
1140 2973 1452 3024 Sanctorum
1477 2974 1694 3036 Officiis,
1724 2980 1881 3040 prout
1909 2973 2017 3025 loci
2043 2974 2176 3024 ratio
2200 2973 2532 3040 postulabat,
2566 2992 2735 3042 pauca
2804 3032 2805 3043 γ

552 3052 790 3118 quaedam
811 3060 1009 3106 mutata
1032 3061 1194 3121 erant,
1220 3057 1460 3108 diversus
1484 3058 1645 3109 fuisse
1669 3057 1892 3109 videtur.

652 3137 831 3208 Porro¹
850 3137 1139 3189 notandum
1180 3143 1259 3190 est
1284 3140 1511 3206 propria
1543 3138 1740 3204 eadem,
1782 3141 2014 3207 exceptis
2053 3144 2258 3192 tantum
2296 3141 2662 3198 Lectionibus
2693 3150 2737 3195 et
2802 3124 2803 3137 ἵ

553 3218 821 3284 Oratione,
858 3225 1074 3271 eatenus
1115 3222 1289 3272 omnia
1322 3223 1528 3274 metrice
1565 3223 1863 3289 conscripta
1892 3239 2024 3288 esse,
2064 3224 2210 3294 quod,
2240 3225 2496 3291 membra,
2547 3229 2596 3279 si
2634 3245 2733 3278 non

554 3304 785 3370 aequalis,
816 3305 1003 3357 similis
1033 3305 1218 3357 saltem
1242 3311 1366 3355 sunt
1393 3306 1756 3373 longitudinis,
1781 3313 1834 3358 et
1848 3324 1941 3373 per
1958 3308 2386 3360 terminationum
2406 3311 2573 3362 etiam
2600 3314 2734 3363 simi·

553 3385 833 3439 litudinem
849 3387 951 3440 sibi
965 3390 1194 3440 invicem
1211 3389 1548 3454 respondent.

653 3471 971 3537 Hujusmodi
1003 3487 1128 3524 vero
1161 3472 1407 3537 membra,
1441 3473 1742 3539 ubicunque
1774 3474 2005 3540 inventa,
2044 3474 2101 3526 in
2132 3473 2348 3526 lectoris
2379 3480 2734 3543 commodum,

552 3567 697 3604 more
717 3553 971 3607 hodierno
998 3555 1176 3607 divisi:
1200 3572 1251 3606 v.
1271 3556 1335 3606 ad
1357 3557 1387 3618 ἓ
1406 3561 1451 3606 2.

627 3726 675 3793 ⁰)
702 3730 784 3780 De
811 3730 1436 3783 commemorationibus
1420 3745 1476 3782 m
1500 3748 1589 3799 ge·
1691 3748 1807 3785 cum
1841 3733 1989 3786 Auni
2013 3735 2140 3786 1855
2173 3735 2462 3792 Addendie
2488 3748 2541 3794 et
2571 3741 2738 3796 Corri-

551 3809 678 3846 nere
710 3796 833 3848 vide
864 3799 1016 3849 Fasc.
1047 3798 1089 3863 Ι,
1122 3815 1209 3865 pp.
1245 3798 1430 3849 xlii—
1460 3798 1588 3865 xlvi,
1682 3801 1882 3868 qendie.
