2910 4457
549 452 758 539 lxxxij
1223 465 1275 506 m
1301 466 1532 508 omnum
1557 466 1951 508 mnivsnsamtm
2283 450 2396 516 (An
2418 452 2452 512 5
2481 453 2733 502 174—178

651 602 782 653 Cum
805 602 987 653 favore
1012 598 1279 668 praedicat]
1308 600 1440 651 Cum
1465 616 1642 651 amore
1664 599 1862 652 laudat.

650 682 689 749 δ
724 685 751 739 l
766 682 923 754 75.)
958 685 1021 734 In
1054 682 1176 735 Ana
1200 683 1267 735 ad
1290 683 1608 735 Benedictus
1631 683 1692 746 L,
1730 683 1960 733 “Zaehee
1994 684 2207 746 festina,
2232 711 2302 720 —
2325 684 2572 750 suscepit
2600 711 2660 719 —
2683 684 2731 732 in

552 768 737 821 “domo
762 766 906 819 sua''.
1163 763 1168 770 ’

648 854 713 903 Iu
736 853 987 903 Oratione
1005 865 1148 913 vere,
1171 864 1266 915 pro
1290 848 1437 912 “quae
1452 846 1684 900 habebat
1698 877 1765 886 —
1779 846 2129 911 inveniatur'',
2159 849 2283 913 “qui
2297 848 2527 899 haberet
2546 878 2608 885 —
2627 865 2730 900 esse

551 933 868 987 “mereatur”
901 934 958 983 in
994 931 1179 982 eodem
1212 929 1395 981 codiee
1429 930 1652 997 legitur3
1693 932 1751 982 in
1784 946 1887 996 quo
1925 931 2131 994 deinde,
2169 931 2253 981 “et
2273 931 2530 982 Ecclesia.
2562 940 2654 982 tua
2680 935 2731 983 in

553 1018 778 1084 “templo
815 1017 964 1067 euius
999 1014 1391 1065 anniversarius
1413 1013 1791 1064 Dedioaeionis
1826 1014 1936 1065 dies
1961 1014 2261 1067 celebratur
2281 1014 2382 1065 tibi
2408 1014 2655 1077 collecta,
2685 1022 2729 1066 te

553 1104 778 1163 “timeat,
811 1104 864 1148 te
896 1097 1097 1163 diligat,
1132 1101 1185 1146 te
1219 1101 1497 1160 sequatur3
1533 1102 1592 1146 vt
1624 1095 1752 1145 dum
1782 1097 1974 1161 iugiter
1995 1113 2091 1162 per
2113 1098 2343 1163 vestigia
2366 1104 2465 1148 tua
2485 1100 2732 1164 graditur,

551 1183 647 1235 “ad
666 1180 881 1233 celestia
898 1179 1170 1246 promissa,
1195 1183 1248 1228 te
1273 1178 1512 1241 ducente,
1537 1179 1812 1244 peruenire
1837 1185 2097 1229 mereatur
2109 1178 2160 1241 ;’'
2183 1181 2258 1229 ita
2278 1181 2547 1231 insertum
2566 1187 2660 1245 est,
2680 1188 2731 1231 ut

551 1284 618 1319 ex
656 1265 819 1318 verbo
866 1260 1100 1323 “vaeat'’,
1141 1261 1198 1309 in
1230 1261 1466 1325 margine
1501 1275 1533 1309 a
1566 1276 1725 1311 manu
1759 1261 1991 1312 secunda
2021 1263 2236 1329 script0,
2275 1263 2411 1314 “va''
2446 1264 2521 1318 ad
2544 1265 2729 1330 primae,

552 1348 699 1401 “cat''
724 1347 792 1398 ad
813 1344 1008 1395 ultimae
1031 1342 1335 1393 insertionis
1362 1342 1517 1392 lineae
1538 1342 1678 1393 latus
1703 1348 1821 1394 stet.

660 1434 751 1497 “Ba
775 1431 812 1480 J
816 1442 909 1479 esu
935 1425 1155 1477 Christe.
1188 1441 1301 1475 cwm
1325 1423 1554 1489 alleluja.
1586 1423 1651 1478 V.
1678 1424 1780 1486 Qui
1808 1425 2013 1478 sedes.''
2035 1430 2125 1492 ita,
2149 1456 2216 1466 ——
2240 1434 2506 1494 quantum
2531 1447 2605 1481 ex
2620 1432 2727 1481 Diei

548 1512 851 1568 Nativitatis
877 1509 1066 1562 Officio
1097 1508 1173 1573 (in
1199 1523 1330 1572 quo:
1370 1509 1462 1571 “Ba
1485 1508 1621 1558 Jesu
1645 1506 1864 1559 Christe.
1901 1527 2014 1561 oum
2036 1512 2174 1562 alra.
2202 1510 2269 1565 V.
2296 1512 2403 1574 Qui
2427 1514 2497 1564 de
2520 1514 2728 1581 Virgine

553 1597 832 1664 “dignatus
858 1610 914 1645 es
939 1592 1106 1643 nasei.
1131 1591 1382 1641 Miserere
1404 1590 1577 1641 nobis.
1612 1590 1794 1641 Gloria
1815 1592 1976 1643 Patri.
2000 1594 2039 1643 J
2042 1610 2135 1645 esu
2161 1595 2449 1664 Christe.'’)
2470 1597 2648 1660 video,
2672 1623 2728 1632 -

549 1687 609 1731 ut
631 1682 686 1730 in
706 1683 857 1729 textu
878 1677 1016 1726 inter
1037 1674 1262 1725 uncinos
1287 1672 1520 1723 exhibita
1542 1677 1682 1735 sunt,
1706 1673 2048 1738 probabiliter
2072 1676 2298 1728 dicenda
2322 1686 2496 1729 erant.

650 1764 780 1814 sicut
812 1761 871 1811 in
893 1757 1180 1810 Dominicis
1211 1757 1357 1808 illius
1379 1755 1654 1823 temporis]
1688 1758 1820 1807 Haee
1842 1757 2004 1810 verba
2028 1774 2129 1809 om.
2153 1759 2216 1809 L.
2242 1786 2308 1796 —
2329 1759 2540 1813 Diebus
2561 1769 2727 1814 autem

549 1846 734 1899 Dnicie
756 1844 959 1894 musica
981 1840 1322 1909 probabiliter
1346 1838 1451 1888 alia
1476 1856 1630 1905 quam
1653 1840 1884 1905 inferiis
1908 1845 2032 1891 erat.

651 1926 690 1993 δ
726 1923 926 1992 1⁷6.)
962 1925 1047 1975 Ad
1072 1923 1261 1974 Tertiae
1294 1922 1452 1985 finem
1475 1922 1518 1971 L
1554 1921 1723 1972 addit:
1764 1920 1859 1973 “Si
1889 1922 1982 1973 hoo
1993 1924 2192 1989 festum
2219 1926 2376 1991 infra
2396 1926 2571 1977 LXX
2585 1946 2724 1995 veqtoe

552 2013 655 2065 “ad
676 2009 883 2062 Pascha
906 2006 1190 2074 contigerit,
1213 2021 1384 2057 omnes
1406 2005 1554 2057 Here
1577 2004 1683 2057 dv‘ir
1704 2006 1815 2058 eine
1839 2005 2017 2070 all'a”;
2053 2007 2121 2058 ad
2147 2008 2365 2061 Sextam
2392 2026 2525 2062 vero
2549 2012 2724 2063 Rubri-

552 2115 668 2151 oam
698 2095 777 2147 “A
816 2090 981 2144 LXX
985 2090 1013 2113 '’
1038 2091 1132 2140 διο.
1158 2090 1367 2139 omittit.

648 2183 713 2233 In
743 2178 928 2231 eodem
963 2191 1087 2226 vero
1114 2172 1312 2237 codiee,
1339 2177 1462 2239 post
1485 2172 1571 2237 aii
1593 2173 1830 2236 Versum,
1861 2171 1946 2223 hie
1967 2179 2027 2224 ut
2054 2173 2268 2240 passim,
2294 2174 2365 2226 ad
2389 2178 2643 2244 Tertiam,
2667 2180 2726 2230 ad

553 2266 782 2326 sextam,
808 2270 859 2312 et
884 2261 950 2310 ad
969 2260 1014 2309 N
1017 2273 1189 2320 onam,
1213 2273 1375 2308 unum
1397 2254 1600 2307 tannim
1621 2258 1874 2322 repetitur
1897 2257 2110 2310 “All'a''.
2128 2259 2233 2310 Hie
2250 2265 2427 2310 autem
2446 2262 2499 2311 A
2516 2263 2728 2323 nullum,

549 2349 678 2400 alibi
709 2361 835 2398 vero
867 2350 977 2394 tam
1005 2343 1052 2391 A
1086 2357 1242 2405 quam
1274 2342 1317 2391 B
1352 2355 1498 2390 nune
1535 2340 1653 2403 du0,
1687 2354 1830 2391 nune
1863 2358 2041 2406 unum,
2077 2358 2224 2393 nune
2262 2345 2475 2395 nullum
2506 2346 2727 2405 habent;

551 2446 713 2496 quum
750 2435 940 2487 tamen,
981 2430 1041 2474 ut
1074 2424 1247 2488 crede,
1289 2428 1397 2474 tam
1427 2424 1485 2473 in
1519 2423 1563 2477 L
1596 2439 1752 2488 quam
1789 2424 1847 2474 iu
1878 2424 1978 2487 his,
2014 2424 2117 2475 duo
2149 2427 2349 2494 ubique
2384 2430 2731 2496 intelligenda

552 2519 710 2646 sunltti
728 2511 863 2659 (gaf).
875 2511 954 2641 {id
981 2590 1205 2652 Senam,
1231 2604 1325 2656 pro
1349 2588 1685 2653 “habitavit'',
1711 2589 1854 2654 quod
1876 2590 1925 2639 A
1941 2589 2115 2654 habet,
2131 2614 2194 2629 --
2209 2606 2332 2642 eum
2347 2595 2393 2644 L
2411 2599 2470 2644 et
2488 2596 2732 2664 Vulgata,

551 2682 707 2733 etiam
727 2680 845 2728 etim
864 2679 1010 2725 textu
1028 2674 1227 2736 Graeco,
1254 2671 1587 2725 scribendum
1613 2672 1947 2726 “habitabit''.
1968 2674 2031 2724 In
2052 2674 2159 2725 fine
2178 2683 2372 2741 autem,
2394 2679 2458 2742 L,
2483 2680 2638 2730 “oum
2665 2682 2733 2730 eis

551 2767 760 2815 “eorum
784 2761 882 2811 erit
904 2755 1106 2824 Deus't.
1956 2805 1963 2811 .
2420 2820 2426 2827 ,

651 2844 688 2911 ξ
718 2841 924 2907 177.)
962 2841 1025 2890 In
1060 2839 1187 2905 Cap.
1222 2839 1289 2889 ad
1311 2840 1532 2903 Nonam,
1567 2856 1663 2905 pro
1703 2839 1996 2904 “adjutores
2021 2841 2252 2906 sumus''‚
2279 2857 2401 2895 oum
2423 2845 2471 2895 L
2490 2842 2616 2913 (qni
2640 2866 2736 2901 om.

552 2927 807 2993 “autem'')
834 2932 886 2976 et
907 2925 1064 2989 Vulg.
1091 2921 1261 2974 scribe
1289 2924 1500 2972 “sumus
1536 2921 1851 2986 adjutores''.

656 3010 781 3075 Cap.
814 3006 1023 3075 (Matth.
1056 3001 1193 3072 ult.)]
1232 3004 1407 3069 Hujus
1434 3004 1667 3071 Capituli
1698 3020 1872 3056 semus
1901 3004 2111 3069 quidem
2140 3022 2208 3057 ex
2232 3008 2420 3067 ultimo
2454 3014 2738 3084 Euangelii

554 3110 659 3146 see.
684 3091 987 3143 Matthaeum
1012 3089 1183 3153 eapite
1212 3085 1337 3152 (sub
1361 3088 1464 3138 Lit.
1488 3089 1579 3152 D),
1605 3103 1670 3138 ex
1691 3088 1888 3138 ultimis
1912 3088 2026 3138 scil.
2054 3090 2292 3153 ejusdem
2309 3094 2606 3162 Euangelii
2629 3116 2737 3150 ver·

551 3177 652 3240 bis,
672 3176 769 3225 “Et
788 3188 909 3224 ecee
923 3188 1020 3237 ego
1041 3170 1317 3222 vobiscum
1336 3186 1452 3221 sum
1472 3170 1715 3223 omnibus
1735 3170 1933 3234 diebus,
1953 3187 2121 3236 usque
2139 3174 2207 3223 ad
2221 3183 2736 3232 consummationem

555 3256 818 3320 “saeeuli”‚
855 3256 1054 3305 extrahi
1079 3258 1283 3320 potest3
1317 3253 1476 3304 verba
1499 3259 1672 3304 autem
1694 3254 1751 3304 in
1783 3253 1912 3319 Cap.
1939 3259 1965 3304 '7
1997 3251 2122 3319 (sub
2148 3258 2334 3309 eadem
2356 3260 2616 3332 Littera),
2652 3265 2738 3315 ubi

556 3342 628 3408 (v.
655 3341 738 3406 25)
767 3337 1015 3388 “fundata
1040 3338 1178 3388 enim
1202 3341 1311 3386 erat
1335 3351 1492 3400 super
1516 3335 1749 3401 petram''
1774 3336 2012 3402 legimus,
2036 3338 2225 3390 melius
2251 3348 2581 3405 quaerentur.

646 3425 710 3474 In
731 3423 791 3485 L,
815 3420 946 3471 Af'zae
970 3420 1036 3471 ad
1062 3418 1365 3486 Maynfficat
1386 3419 1508 3469 finis
1534 3424 1628 3481 est,
1656 3419 1882 3485 “gaudia
1902 3420 2083 3487 templi
2105 3427 2343 3490 tempore
2366 3428 2544 3479 festi.''

651 3503 690 3571 ἓ
719 3501 924 3570 178.)
965 3503 1227 3554 Sectionis
1252 3517 1499 3551 numerus
1525 3500 1589 3551 de
1614 3517 1757 3551 more
1782 3508 1903 3552 ante
1925 3503 2138 3553 titulum
2162 3505 2574 3576 praecedentem,
2611 3516 2745 3565 inter

552 3589 761 3641 eosdem
785 3589 1026 3650 uncinos,
1055 3613 1116 3622 -
1142 3584 1330 3635 deinde
1352 3599 1497 3646 vere,
1520 3583 1707 3634 litteris
1731 3585 2030 3648 majoribus,
2058 3585 2213 3650 “E-1⁰2
2237 3615 2305 3625 —
2329 3592 2626 3647 scribatur.

649 3671 753 3721 Pro
776 3671 882 3721 “ET
905 3670 977 3720 sic
986 3669 1092 3735 fiat
1109 3667 1370 3720 servitium
1387 3664 1659 3732 quotidie'’,
1678 3666 1722 3715 L
1745 3664 1997 3718 “Plenum
2012 3669 2465 3738 seminiumfiat'':
2485 3678 2557 3728 of.
2578 3695 2746 3730 anno·

550 3755 809 3804 tationum
843 3752 911 3802 ad
946 3754 976 3813 ἓ
1008 3753 1101 3802 115
1133 3766 1311 3819 parag.
1343 3754 1387 3800 2.
1423 3749 1569 3799 Idem
1601 3765 1739 3814 mox,
1774 3766 1869 3815 pro
1909 3751 1987 3802 “et
2020 3745 2174 3805 etiam
2216 3783 2285 3793 —-
2328 3774 2447 3809 cum
2487 3764 2750 3830 regimine

554 3834 777 3900 “chori'',
799 3835 989 3887 “eciam
1009 3863 1079 3873 —
1100 3851 1213 3886 cum
1234 3831 1532 3902 reqimine’'.
