2910 4457
1114 364 1187 404 Au
1228 364 1467 407 enum.
2238 349 2318 411 23

1383 477 1604 528 Ostende
1626 479 1772 528 nobis
1785 478 1897 529 Dr'ie
1912 480 2315 531 misericordiam

1320 544 1483 587 tuam.
1506 541 1571 589 Et
1590 542 1813 590 salutare
1834 547 1982 590 tuum
2000 544 2061 592 da
2091 544 2254 593 nobis·

1382 601 1606 661 Dignare
1637 603 1748 652 Diie
1777 605 1859 652 die
1898 605 2012 652 isto.
2057 605 2177 654 Sine
2212 617 2318 665 pec-

1321 667 1430 710 cato
1446 676 1539 711 nos
1558 666 1827 714 custodire.

1383 725 1624 774 Miserere
1675 727 1836 775 nostri
1891 728 2020 776 Diie.
2073 729 2316 779 Miserere

1323 786 1504 833 nostri.
1892 814 1898 822 ,

1384 846 1498 894 Fiat
1532 847 1875 895 misericordia
1906 855 1993 898 tua
2024 850 2133 898 Diie
2165 864 2317 912 super

1322 920 1432 955 nos·
1502 909 1944 968 Quemadmodum
1998 915 2317 970 speravimus

1323 970 1376 1018 in
1404 974 1470 1018 te.

1385 1032 1497 1079 Dfie
1515 1031 1930 1091 Deusvirtutum,
1954 1041 2183 1083 converte
2204 1049 2316 1085 nos·

1320 1092 1385 1140 Et
1427 1095 1633 1142 ostende
1674 1092 1853 1142 faeiem
1894 1100 2065 1156 tuam,
2108 1101 2157 1144 et
2189 1098 2315 1146 salvi

1322 1155 1533 1204 erimus.
1738 1152 1748 1176 ¹

1383 1217 1601 1264 Domine
1624 1217 1804 1265 exaudi
1826 1218 2105 1267 orationem
2127 1232 2313 1269 meam.

1321 1276 1384 1324 Et
1405 1278 1595 1326 clamor
1615 1290 1761 1326 meus
1775 1280 1837 1327 ad
1861 1285 1907 1328 te
1928 1281 2115 1330 veniat.

1382 1339 1637 1388 Dominus
1667 1341 1947 1390 vobiscum.
1976 1342 2038 1391 Et
2069 1356 2186 1391 cum
2212 1343 2317 1403 spi-

1323 1400 1427 1447 ritu
1447 1405 1553 1448 tuo·
2075 1405 2313 1453 oremus·

1382 1462 1481 1509 Hae
1530 1462 1711 1509 Preces
1798 1464 2012 1511 roedictae
2074 1466 2317 1513 dicantur

1322 1523 1618 1583 supradicto
1654 1537 1736 1570 mo
1772 1538 1800 1571 o
1841 1526 1910 1572 ad
1944 1525 2181 1573 Primam
2220 1539 2316 1586 per

1324 1589 1486 1632 totum
1507 1598 1706 1632 annum
1724 1590 1830 1633 tam
1846 1587 1904 1632 in
1921 1585 2067 1647 festis
2088 1601 2242 1650 quam
2258 1589 2316 1635 in

1316 1645 1589 1708 profestiS,
1646 1652 1753 1695 tam
1816 1647 2099 1709 duplicibus
2161 1663 2316 1711 quam

1321 1708 1492 1769 simpl.
1530 1709 1635 1756 nisi
1667 1706 1702 1756 ὰ
1734 1710 1885 1757 Coena
1910 1711 2022 1758 Dr‘ii
2060 1725 2215 1774 usque
2246 1714 2316 1763 ad

1328 1770 1438 1820 Oct.
1482 1771 1716 1834 Paschoe,
1747 1776 1796 1820 et
1825 1773 1929 1820 nisi
1968 1774 2025 1820 in
2050 1774 2145 1822 Die
2185 1775 2315 1822 Ani-

1321 1843 1559 1880 marum:
1581 1834 1657 1881 ita
1679 1840 1847 1882 tamen
1863 1837 1996 1896 quod
2008 1837 2064 1882 in
2082 1836 2317 1884 omnibus

1319 1891 1465 1952 feriis
1499 1900 1550 1943 et
1577 1908 1671 1956 per
1709 1897 1839 1945 Adv.
1878 1902 1926 1945 et
1960 1896 1995 1944 ὰ
2019 1898 2129 1946 Dne
2166 1911 2228 1946 ne
2260 1899 2313 1947 in

1294 1977 1298 1982 ·
1322 1955 1398 2003 ira
1419 1969 1573 2017 usque
1592 1958 1659 2004 od
1688 1957 1892 2005 Coenam
1921 1958 2031 2005 Dm·
2055 1965 2104 2007 et
2125 1958 2159 2006 ὰ
2181 1960 2317 2008 Deus

1322 2019 1557 2065 omniurn
1578 2031 1729 2079 usque
1745 2020 1814 2066 ad
1826 2020 1956 2066 Adv.
1973 2020 2097 2077 Bai,
2112 2023 2316 2082 quando

1322 2077 1381 2125 de
1418 2077 1552 2138 feria
1590 2081 1782 2140 amiur,
1818 2081 1994 2128 statim
2072 2085 2152 2128 ost
2202 2082 2317 2131 Fiat

1324 2140 1671 2188 misericordia
1721 2146 1962 2201 sequatur
2055 2177 2067 2190 .
2121 2142 2315 2193 Exaudi

1322 2200 1435 2250 Diie
1447 2213 1617 2250 vocem
1637 2213 1804 2250 meam
1820 2215 1921 2263 qua
1937 2203 2151 2253 clamavi
2168 2206 2230 2254 ad
2248 2211 2313 2255 te.

1323 2267 1373 2309 et
1391 2270 1572 2311 coetera
1596 2264 1768 2310 omnia
1789 2264 1919 2311 sicut
1944 2267 2013 2313 ad
2041 2266 2317 2328 Completo-

1321 2323 1460 2372 rium
1477 2330 1714 2373 notatum
1732 2331 1807 2373 est
1832 2340 1986 2388 usque
2001 2328 2072 2375 ad
2105 2330 2318 2378 Oratio-

1321 2398 1440 2434 nem
1455 2388 1721 2435 dicendam
1740 2389 2061 2449 expleantur.

1385 2448 1511 2497 Haec
1552 2463 1602 2498 se
1639 2463 1759 2497 aens
1808 2450 1987 2499 Oratio
2028 2452 2219 2499 dicitnr
2258 2454 2316 2501 in

1321 2510 1552 2559 omnibus
1596 2464 1741 2572 Jlestis
1781 2512 1923 2573 dupl.
1979 2527 2075 2575 per
2115 2528 2315 2563 annum

1321 2577 1473 2620 extra
1490 2572 1625 2622 hebd.
1646 2574 1873 2622 Paschoe.
2118 2576 2314 2626 Oratio.

1323 2645 1408 2743 In
1425 2635 1520 2682 hac
1544 2636 1667 2683 hora
1687 2635 1845 2693 hujus
1861 2636 1962 2683 diei
1980 2640 2066 2682 tua
2092 2649 2185 2683 noc
2206 2637 2317 2686 Dite

1376 2696 1507 2754 reple
1535 2696 1907 2754 misericordia3
1941 2701 1999 2742 ut
2036 2709 2120 2754 per
2152 2702 2315 2747 totum

1321 2757 1457 2804 diem
1479 2758 1758 2804 exultantes
1776 2756 1828 2802 in
1850 2757 1953 2804 tuis
1980 2758 2215 2805 laudibus
2230 2760 2317 2809 de-

1322 2818 1582 2866 lectemur.
1599 2819 1692 2866 Per
1718 2818 1870 2879 [Diim
1889 2824 2120 2867 nostrum
2138 2820 2316 2870 Jesum

1323 2878 1584 2928 Christum
1607 2880 1796 2928 Filium
1826 2885 2002 2938 tuum,
2030 2882 2121 2941 qui
2150 2887 2315 2932 tecum

1323 2942 1450 2990 vivit
1475 2947 1522 2990 et
1557 2946 1732 3002 regnat
1768 2942 1819 2989 in
1853 2943 2044 2991 unitate
2089 2943 2312 3003 Spiritus

1322 3003 1495 3051 Sancti
1520 3005 1683 3063 DeuS,
1712 3004 1807 3052 Per
1835 3005 2008 3052 omnia
2025 3008 2205 3055 saecula
2224 3019 2312 3057 sae—

1320 3066 1571 3114 culorum.
1591 3065 1805 3127 Amem]

1382 3128 1634 3177 Dominus
1669 3128 1947 3177 vobiscum.
1974 3128 2039 3176 Et
2064 3140 2181 3177 cum
2208 3130 2312 3191 spi-

1322 3188 1423 3236 ritu
1443 3196 1549 3238 tuo.

1382 3251 1748 3300 Benedicamus
1765 3252 1893 3299 Duo,
1911 3251 2014 3300 Deo
2040 3252 2247 3312 gratias·

1383 3312 1448 3359 In
1475 3313 1703 3360 omnibus
1718 3312 2001 3360 Dominicis
2024 3314 2145 3363 etin
2164 3314 2310 3373 festis

1321 3373 1631 3422 Sanctorum
1665 3387 1771 3421 ‘non
1811 3375 1953 3435 dupl.
1991 3376 2124 3423 etin
2163 3375 2309 3436 feriis

1317 3440 1469 3544 egi-ra
1511 3435 1649 3486 hebd.
1699 3436 1911 3484 Pascleoe
1958 3438 2162 3485 dicatur
2205 3438 2306 3484 lzoec

1374 3498 1529 3545 ratio:

2265 3945 2452 4103 f

2237 4170 2244 4202 ..-
