2910 4457
1191 369 1439 412 rumis.
2176 356 2255 419 81

1269 484 1383 532 culo
1405 489 1454 533 et
1484 486 1720 546 usquein
1743 487 1987 537 saeculum
2010 502 2025 539 ε
2054 493 2104 540 et
2133 490 2267 542 dicet

1270 547 1440 597 omnis
1463 549 1695 610 populuS‚
1720 549 1852 604 Fiat.
1875 551 1980 600 fiat.

1582 611 1826 659 Psalmus
1846 611 1949 673 cvj,

1275 670 1635 779 Confitemini
1662 673 1797 730 Dim,
1815 675 2059 733 quoniam
2080 675 2262 724 bonus:

1269 792 1318 840 d·
1355 732 1671 802 quoniamin
1693 736 1936 785 saeculum
1968 737 2265 787 misericor-

1306 803 1352 839 1a
1379 805 1510 851 eJuS.

1332 853 1517 901 Dicant
1541 853 1630 913 qui
1657 856 1902 914 redempti
1918 864 2039 905 sunt
2065 872 2091 907 a
2119 861 2262 910 Dno:

1270 926 1398 975 quos
1429 915 1643 963 redemit
1670 918 1732 965 de
1762 929 1921 965 manu
1952 919 2180 983 inimici;
2203 923 2266 972 de

1272 976 1564 1036 regionibus
1587 980 1910 1039 congregavit
1933 993 2033 1028 eoS.

1337 1038 1386 1086 A
1418 1039 1539 1087 solis
1560 1045 1674 1088 ortu
1693 1046 1740 1090 et
1759 1053 1938 1090 occasu
1962 1058 1975 1092 ς
2005 1043 2069 1091 ab
2097 1041 2266 1103 Aqui-

1271 1098 1383 1148 lone
1404 1105 1452 1149 et
1477 1102 1627 1150 mari.

1332 1161 1718 1211 Erraveruntin
1743 1164 2031 1224 solitudine,
2067 1165 2119 1213 in
2154 1165 2266 1213 ina-

1271 1234 1429 1294 quoso
1446 1239 1459 1272 :
1481 1226 1615 1273 viam
1636 1226 1854 1275 civitatis
1871 1227 2144 1277 habitaculi
2161 1240 2264 1276 non

1273 1292 1597 1335 invenerunt.

1334 1346 1627 1396 Esurientes
1670 1353 1719 1398 et
1761 1350 1988 1400 sitientes
2024 1367 2038 1401 z
2090 1351 2265 1400 anima

1271 1420 1447 1457 eorum
1473 1410 1524 1456 in
1549 1410 1673 1469 ipsis
1694 1410 1888 1460 defecit.
1971 1440 1979 1446 ,

1337 1468 1401 1516 Et
1423 1470 1768 1519 clamaverunt
1784 1473 1847 1521 ad
1869 1473 2010 1520 Dfim
2032 1470 2150 1519 cum
2169 1472 2266 1520 tri-

1271 1530 1569 1579 bularentur
1618 1547 1630 1581 ε
1678 1537 1726 1580 et
1772 1534 1834 1581 de
1884 1531 2266 1581 necessitatibus

1271 1603 1447 1641 eorum
1470 1594 1656 1652 eripuit
1678 1606 1777 1643 eOS.

1334 1653 1400 1701 Et
1415 1655 1622 1704 deduxit
1639 1668 1723 1704 eos
1739 1656 1793 1704 in
1811 1656 1947 1704 viam
1971 1661 2157 1705 rectam
2177 1659 2268 1707 :ut

1272 1715 1405 1764 irent
1428 1717 1483 1765 in
1506 1718 1759 1767 civitatem
1780 1718 2125 1767 habitationiS.

1304 1837 1315 1849 ο
1335 1776 1681 1829 Confiteantur
1732 1781 1846 1830 Diio
1903 1781 2265 1831 misericordiae

1271 1850 1382 1898 ejus
1415 1855 1428 1890 z
1453 1846 1503 1891 et
1526 1843 1780 1892 mirabilia
1810 1844 1922 1905 ejus
1949 1843 2072 1892 filiis
2098 1843 2267 1892 homi-

1272 1913 1419 1950 num.

1337 1962 1470 2021 Quia
1491 1965 1693 2013 satiavit
1710 1966 1937 2013 animam
1961 1966 2164 2012 inanem
2188 1968 2268 2013 :et

1273 2024 1501 2072 animam
1537 2027 1843 2074 esurientem
1873 2025 2076 2073 satiavit
2098 2025 2265 2073 boniS.

1335 2085 1572 2134 Sedentes
1624 2088 1677 2134 in
1732 2086 1951 2135 tenebris
1994 2090 2043 2133 et
2083 2086 2267 2134 umbra

1273 2145 1454 2258 ¹mortis
1484 2162 1498 2197 ε
1536 2148 1732 2197 vinctos
1768 2148 1822 2197 in
1860 2146 2183 2196 mendicitate
2218 2151 2269 2197 et

1293 2219 1423 2258 erro,

1335 2268 1471 2329 Quia
1494 2271 1912 2320 exacerbaverunt
1927 2270 2124 2330 eloquia
2140 2271 2232 2319 Dei
2251 2285 2266 2320 ε

1274 2336 1323 2380 et
1344 2332 1617 2382 consilium
1643 2333 1899 2382 Altissimi
1919 2333 2267 2382 irritaverunt.

1337 2393 1401 2443 Et
1438 2394 1583 2443 hum·
1612 2395 1768 2444 'atum
1806 2401 1881 2444 est
1917 2395 1971 2444 in
2011 2395 2269 2446 laboribus

1277 2467 1359 2503 cor
1378 2469 1551 2504 eorum
1580 2471 1593 2506 z
1644 2458 1867 2508 nfirmati
1887 2462 2027 2519 sunt,
2055 2470 2147 2508 nec
2171 2457 2269 2507 fuit

1275 2517 1365 2580 qui
1387 2518 1669 2579 adJuvaret.

1339 2579 1403 2628 Et
1430 2581 1778 2630 clamaverunt
1798 2581 1861 2628 ad
1884 2581 2020 2629 Dfim
2044 2579 2161 2628 cum
2182 2580 2270 2627 tri-

1275 2640 1573 2689 bularentur
1626 2657 1639 2690 z
1686 2646 1734 2689 et
1779 2641 1840 2688 de
1888 2641 2270 2689 necessitatibus

1276 2714 1451 2750 eorum
1476 2701 1709 2750 liberavit
1730 2713 1831 2749 eos,

1337 2763 1402 2811 Et
1415 2764 1589 2812 eduxit
1611 2774 1694 2811 eos
1709 2764 1770 2811 de
1785 2762 2005 2810 tenebris
2024 2766 2072 2810 et
2085 2762 2270 2812 umbra

1276 2825 1460 2873 mortis
1484 2840 1496 2874 ε
1520 2830 1566 2872 et
1589 2824 1791 2872 vincula
1822 2836 1998 2871 eorum
2030 2824 2267 2884 disrupit.

1340 2885 1684 2935 Confiteantur
1745 2886 1857 2935 Dno
1912 2886 2269 2936 misericordiae

1277 2947 1389 3010 ejus
1417 2962 1430 2996 ε
1453 2953 1503 2997 et
1532 2948 1787 2997 mirabilia
1820 2948 1932 3010 ejus
1953 2949 2073 2998 filiis
2104 2950 2271 3000 homi·-

1277 3023 1426 3058 num.

1340 3071 1476 3132 Quia
1509 3072 1746 3120 contrivit
1780 3076 1949 3131 portas
1985 3085 2139 3123 aereas
2171 3088 2184 3122 τ
2222 3079 2271 3122 et

1279 3139 1439 3183 vectes
1462 3134 1645 3182 ferreos
1666 3133 1927 3194 confregit.

1346 3196 1574 3256 Suscepit
1614 3208 1697 3245 eos
1742 3197 1803 3245 de
1849 3194 1932 3242 via
1980 3194 2271 3254 iniquitatis

1278 3269 1454 3306 eorum
1504 3273 1517 3308 :
1561 3262 1758 3316 propter
1807 3256 2087 3316 injustitias
2130 3257 2269 3306 enim

1201 3336 1207 3340 ·
1281 3331 1399 3367 suas
1421 3319 1677 3367 humiliati
1700 3322 1840 3366 sunt.

1344 3380 1564 3429 Omnem
1626 3393 1790 3429 escam
1843 3378 2133 3428 abominata
2196 3383 2273 3429 est

1283 3441 1455 3490 anima
1496 3454 1711 3491 eorum:
1748 3444 1796 3490 et
1832 3441 2271 3500 appropinquave-

1283 3507 1408 3552 runt
1427 3515 1591 3564 usque
1610 3503 1674 3551 ad
1697 3506 1867 3563 portas
1886 3502 2084 3551 mortis.
