2910 4457
703 288 795 339 viii
1246 304 1321 340 nr,
1348 304 1622 341 omi-mun
1649 306 1781 344 ros-r
1803 306 2000 358 nolus,
2025 308 2145 346 mc.

703 434 888 486 Crucis
919 436 951 463 ‘⁶
968 449 1002 484 a
1032 432 1200 485 fronte
1225 433 1292 484 ad
1317 434 1524 501 pectus”
1550 434 1605 501 (i.
1630 451 1674 487 e.
1701 436 1971 506 tangendo
1995 437 2220 491 frontem
2246 438 2374 492 dum
2398 441 2709 498 nominetur

701 519 877 582 Pater,
926 525 1111 587 pectus
1158 518 1285 570 dum
1333 519 1634 573 nominetur
1683 520 1878 586 Filius,
1924 524 2205 578 humerum
2253 527 2548 595 sinistrum,
2575 530 2706 584 dum

697 603 902 656 dicatur
943 603 1197 673 Spiritus,
1235 604 1479 657 dextrum
1524 604 1645 659 vero
1684 605 1813 660 dum
1849 608 2055 662 dicatur
2094 610 2361 682 Sanctus),
2398 615 2454 666 in
2492 615 2704 671 Missali

698 688 1070 742 Sarisburiensi
1085 697 1267 742 eontra
1285 689 1543 759 signando
1562 708 1616 744 se
1640 695 1671 721 “
1687 692 1746 744 in
1760 694 1935 762 facie”
1954 696 2170 765 proferri
2185 701 2579 771 praecipiantur‚
2598 721 2703 758 non

696 776 914 827 omnino
928 775 1266 844 improbabile
1276 775 1439 828 videri
1451 785 1625 845 potest
1640 786 1764 831 ante
1782 779 1956 833 Horas
1971 784 2132 836 etiam
2150 783 2700 855 sarisburienses‚non
2781 786 2784 793 ⁴

691 860 943 913 hodierno
975 877 1119 915 more
1152 879 1186 914 a
1216 861 1384 914 fronte
1416 861 1488 915 ad
1519 871 1704 932 pectus
1727 865 1834 929 sed,
1860 867 1915 918 in
1939 866 2110 922 fronte
2142 871 2255 924 sola
2286 882 2532 928 sanctum
2566 877 2699 931 illud

692 947 905 1015 signum
930 947 1250 1017 signandum
1274 948 1452 1002 fuisse.

759 1054 830 1105 At
866 1053 1119 1106 Psalterio
1158 1054 1398 1107 Romano
1433 1059 1754 1126 praeponitur
1787 1060 1949 1113 etiam
1986 1065 2235 1118 orationis
2269 1066 2442 1122 forma
2477 1086 2695 1140 sequens

686 1148 803 1206 post
818 1138 1062 1192 Officium
1081 1141 1417 1209 completum,
1436 1158 1503 1194 ex
1522 1144 1755 1208 consilio,
1775 1145 1845 1197 ad
1863 1156 2167 1216 sequentem
2191 1150 2384 1206 Leonis
2401 1154 2474 1206 X.
2497 1155 2614 1224 (qui
2631 1157 2691 1209 ab

686 1224 823 1276 A.D.
863 1229 997 1276 1513
1032 1225 1099 1277 ad
1132 1244 1333 1279 annum
1370 1232 1507 1279 1522
1542 1228 1794 1282 Ecclesiae
1835 1232 2065 1302 praefuit)
2092 1235 2480 1307 indulgentiam
2515 1259 2690 1296 conse·

685 1312 950 1381 quendam
975 1313 1159 1367 devote
1185 1313 1483 1368 recitanda:
1541 1384 1542 1387 Ἴ

752 1428 784 1452 “
815 1424 1111 1477 Orationem
1134 1435 1416 1495 sequentem
1438 1427 1610 1480 devote
1635 1440 1754 1498 post
1784 1429 2033 1498 Officium
2050 1434 2387 1488 recitantibus
2410 1438 2518 1491 Leo
2546 1440 2690 1510 Papa

682 1512 714 1538 “
739 1509 819 1562 X.
846 1511 1070 1580 defectus
1093 1521 1141 1562 et
1177 1510 1354 1582 culpas
1376 1513 1437 1564 in
1469 1531 1524 1565 eo
1557 1514 1880 1582 persolvendo
1905 1535 1967 1568 ex
1991 1518 2224 1572 human&
2235 1521 2543 1591 frayilitate
2575 1545 2685 1580 con-

683 1598 715 1622 “
739 1605 926 1649 tractas
949 1597 1188 1650 indulsit.

751 1687 783 1711 “
806 1684 1158 1737 Sacrosanctae
1182 1694 1236 1737 et
1259 1684 1544 1739 individuae
1566 1687 1835 1755 Trinitati,
1854 1692 2094 1745 crucifixi
2120 1694 2341 1748 Domini
2365 1702 2534 1753 nostri
2557 1701 2594 1754 J
2598 1719 2683 1754 esu

678 1773 710 1797 “
739 1769 935 1821 Christi
958 1771 1298 1834 humanitati,
1322 1772 1639 1825 beatissimae
1663 1782 1717 1827 et
1735 1775 2119 1844 gloriosissimae
2144 1797 2449 1852 semperque
2467 1786 2683 1856 virg-inis

679 1858 710 1883 “
737 1854 927 1907 Mariae
950 1856 1185 1908 fecundae
1211 1858 1521 1926 integritati,
1545 1866 1600 1910 et
1622 1861 1860 1914 omnium
1900 1862 2213 1919 Sanctorum
2247 1869 2595 1936 universitati,
2618 1875 2683 1926 sit

676 1944 707 1969 ‘⁴
734 1944 1050 2010 sempiterna
1065 1942 1197 2006 lauS,
1221 1942 1402 2007 honor,
1421 1943 1602 2008 virtuS,
1627 1952 1681 1997 et
1705 1946 1888 2016 gloria,
1907 1949 1974 2000 ab
1993 1952 2138 2002 omni
2155 1954 2413 2018 creatura,
2428 1957 2680 2027 nobisque

674 2032 706 2056 “
733 2029 966 2081 remissio
1025 2029 1263 2082 omnium
1321 2037 1671 2098 peccatorum,
1718 2048 1812 2100 per
1857 2033 2068 2086 infinita
2114 2037 2307 2090 saecula
2352 2043 2675 2096 saeculorum.

596 2158 601 2159 ff
677 2117 708 2142 “
735 2116 808 2170 n.
831 2117 1018 2170 Amen.

747 2206 779 2232 “
803 2201 870 2255 Ἡ.
898 2203 1070 2258 Beata
1100 2205 1300 2258 viscera
1331 2203 1521 2258 Mariae
1546 2203 1800 2275 VirginiS,
1835 2223 1954 2276 quae
1987 2217 2328 2278 portaverunt
2362 2219 2548 2271 aetemi
2576 2217 2672 2271 Pa-

679 2295 710 2319 “
723 2292 814 2342 tris
839 2290 1049 2344 Filium.
1070 2291 1145 2344 “iR.
1167 2292 1406 2345 Etbeata
1421 2295 1585 2346 ubera
1602 2310 1719 2362 quae
1737 2294 2063 2350 lactaverunt
2081 2298 2352 2354 Christum
2367 2301 2670 2360 Dominum.

749 2381 781 2405 “
807 2375 965 2429 Pater
988 2386 1178 2429 noster.
1250 2378 1364 2429 Ave
1388 2377 1610 2431 Maria.”

746 2478 880 2539 Quae
904 2495 1070 2546 quum
1093 2477 1426 2547 indulgentia
1455 2479 1525 2532 ad
1560 2489 1740 2534 nostra
1774 2484 1934 2536 etiam
1961 2482 2151 2539 Officia
2174 2490 2504 2556 pertinuerit,
2524 2494 2668 2548 dubi·
2764 2513 2773 2526 ·

672 2566 774 2617 tari
796 2580 904 2617 non
928 2564 1083 2617 debet
1106 2566 1364 2617 orationes
1387 2582 1598 2635 quoque
1618 2566 1845 2633 (etiamsi
1859 2572 2127 2624 memoriae
2146 2581 2200 2626 et
2214 2573 2297 2626 hae
2315 2577 2495 2644 potius
2514 2595 2668 2649 quam

672 2652 820 2704 libris
842 2654 1295 2723 imprimebantur)
1320 2655 1386 2706 ab
1410 2654 1710 2724 Anglicano
1734 2654 1987 2726 (exceptis
2009 2660 2225 2713 tantum
2249 2662 2476 2717 Henrici
2498 2667 2664 2720 VIII.

673 2746 727 2791 et
774 2740 1009 2793 Edvardi
1049 2740 1148 2791 VI.
1192 2739 1502 2810 fautoribus)
1549 2758 1657 2794 non
1702 2742 1883 2796 minus
1930 2743 2093 2813 quam
2141 2763 2174 2799 a
2223 2748 2377 2801 Clero
2424 2748 2665 2807 Romano

672 2823 894 2875 libenter
928 2823 1095 2876 dictas
1129 2822 1302 2876 fuisse.

743 2926 824 2977 Ut
845 2925 966 2978 vero
992 2924 1061 2977 ad
1085 2925 1319 2995 singulas
1333 2926 1498 2995 ipsius
1516 2928 1689 2980 Officii
1712 2937 1884 2997 partes
1906 2931 2386 3004 redeamuS‚—quae
2406 2940 2587 2993 statim
2613 2942 2665 2994 in

672 3014 908 3067 Rubrica
929 3012 1102 3083 prima
1125 3029 1232 3066 non
1256 3013 1541 3069 admodum
1567 3015 1734 3069 facilis
1766 3019 1990 3071 occurrit
2011 3020 2209 3073 locutio
2233 3026 2265 3052 “
2283 3024 2317 3075 ὰ
2342 3024 2577 3083 Domine
2599 3045 2665 3081 ne

669 3102 726 3152 in
751 3100 876 3164 ira’'‚
899 3117 964 3153 ea
985 3107 1263 3153 consuetus
1293 3107 1373 3153 est
1404 3101 1593 3155 modus
1625 3101 1898 3156 indicandi
1925 3104 2263 3165 Dominicam
2295 3110 2523 3178 primam
2547 3121 2663 3185 post

672 3188 901 3242 Octavas
923 3188 1256 3258 Epiphaniae,
1277 3189 1334 3241 in
1358 3189 1510 3258 cujus
1536 3190 1831 3244 Dominicae
1856 3190 2042 3246 Officio
2059 3193 2333 3249 Nocturno
2350 3197 2661 3254 inchoantur

671 3275 925 3344 Epistolae
957 3275 1214 3339 Paulinae,
1249 3284 1304 3329 et
1331 3276 1517 3345 primae
1541 3277 1779 3331 lectionis
1802 3277 2139 3348 Responsorii
2160 3281 2374 3336 initium
2397 3293 2477 3338 est
2499 3290 2532 3317 “
2552 3288 2659 3340 Do-

669 3363 830 3426 mine,
869 3378 938 3415 ne
978 3362 1035 3414 in
1071 3364 1152 3415 ira
1189 3370 1283 3415 tua
1318 3378 1511 3432 arguas
1549 3363 1679 3426 me,'’
1716 3363 2143 3418 &c.—Similiter
2177 3373 2354 3420 autem
2390 3372 2422 3399 “
2444 3371 2478 3422 ὰ
2517 3372 2661 3426 Deus
