2910 4457
590 361 707 422 110

652 495 714 543 Et
736 492 897 541 factus
916 498 1032 536 sum
1047 486 1179 531 sicut
1201 482 1350 529 homo
1374 490 1475 526 non
1497 486 1584 523 au·

592 557 767 605 diens:
788 558 836 602 et
859 563 958 598 non
983 547 1174 595 habens
1195 544 1249 591 in
1271 554 1356 590 ore
1378 551 1471 587 suo
1504 549 1584 584 re-

592 616 939 677 dargutiones.

656 677 912 740 Quoniam
945 673 998 720 in
1032 675 1080 718 te
1118 668 1230 716 Dr‘ie
1259 662 1455 724 speravi
1482 676 1495 711 z
1528 666 1584 707 tu

594 740 826 791 exaudies
847 748 946 794 me,
966 734 1078 782 Dne
1097 732 1234 778 Deus
1254 739 1418 775 meus,

658 802 793 863 Quia
825 798 955 856 dixi,
989 792 1271 853 Nequando
1311 797 1590 847 supergau-

598 868 750 915 deant
789 860 921 910 mibi
961 855 1161 906 inimici
1202 852 1343 902 mei:
1384 856 1431 898 et
1462 850 1589 897 dum

582 926 983 985 ,commoventur
1006 918 1154 978 pedes
1174 915 1300 973 mei,
1324 924 1476 972 super
1510 920 1593 957 me

600 1000 789 1048 magna
812 983 962 1033 locuti
983 985 1123 1029 sunt.

666 1049 924 1111 Quoniam
958 1055 1049 1104 ego
1081 1042 1133 1089 in
1169 1037 1363 1096 flagella
1387 1038 1596 1095 paratus

604 1122 758 1163 sum:
793 1115 842 1158 et
882 1107 1022 1156 dolor
1062 1112 1208 1152 meus
1242 1100 1296 1147 in
1327 1101 1596 1156 conspectu

603 1188 717 1225 meo
738 1182 955 1229 semper.

668 1233 926 1296 Quoniam
960 1226 1282 1288 iniquitatem
1305 1232 1473 1270 meam
1506 1231 1600 1267 an-

609 1295 853 1346 nuntiabo
877 1309 890 1342 :
932 1296 981 1340 et
1021 1288 1247 1349 cogitabo
1280 1297 1370 1345 pro
1404 1286 1601 1343 peccato

611 1372 743 1410 meo.

671 1416 879 1470 Inimici
899 1419 1069 1465 autem
1092 1410 1194 1460 mei
1217 1410 1399 1457 vivunt
1418 1410 1469 1454 et
1488 1416 1604 1452 eon-

611 1482 801 1533 firmati
824 1482 945 1528 sunt
969 1487 1121 1535 super
1144 1485 1225 1522 me
1249 1487 1263 1522 ε
1284 1475 1332 1519 et
1353 1466 1604 1526 multipli-

612 1546 711 1595 cati
731 1548 853 1592 sunt
874 1540 964 1601 qui
985 1538 1202 1586 oderunt
1222 1546 1305 1582 me
1326 1532 1519 1590 inique.

675 1605 780 1666 Qui
820 1602 1112 1651 retribuunt
1150 1596 1284 1645 mala
1329 1606 1418 1653 pro
1459 1589 1607 1639 bonis

612 1666 938 1718 detrahebant
970 1661 1130 1711 mihi:
1163 1656 1408 1718 quoniam
1429 1663 1608 1713 seque-

614 1731 704 1779 bar
727 1728 1021 1775 bonitatem.

678 1792 753 1841 Ne
802 1786 1124 1843 derelinquas
1175 1792 1259 1828 me
1307 1779 1420 1826 Due
1470 1776 1609 1823 Deus

616 1864 791 1903 meus:
815 1861 877 1896 ne
896 1843 1187 1897 discesseris
1207 1854 1235 1889 a
1258 1852 1357 1889 me.

679 1912 889 1963 Intende
927 1910 981 1957 in
1023 1904 1339 1966 adjutorium
1380 1910 1556 1950 meum
1594 1913 1608 1947 ε

617 1978 727 2026 Dne
741 1977 879 2023 Deus
891 1970 1071 2020 salutis
1094 1980 1233 2017 meae.

680 2037 853 2087 Gloria
873 2033 1032 2082 Patri.

684 2102 876 2149 Contra
894 2093 1176 2144 luxuriam.
1201 2088 1443 2136 Psalmus
1471 2082 1523 2145 [l]
1536 2118 1548 2132 .

682 2164 923 2213 Miserere
940 2157 1040 2205 mei
1058 2156 1194 2203 Deus
1205 2149 1487 2200 secundum
1502 2156 1613 2194 ma-

625 2238 782 2286 gnam
804 2216 1204 2272 misericordiam
1237 2217 1328 2261 etc.
1358 2211 1428 2273 (p.
1450 2209 1553 2266 38.)

671 2289 861 2337 Contra
881 2282 1175 2332 avaritiam.
1193 2275 1436 2323 Psalmus
1460 2270 1541 2332 [ej]
1553 2305 1566 2318 .

717 2348 887 2396 omine
907 2342 1085 2391 exaudi
1107 2339 1385 2389 orationem
1406 2345 1575 2381 meam
1598 2346 1613 2381 z

627 2363 766 2460 Det
786 2410 975 2456 clamor
997 2415 1141 2453 meus
1161 2400 1224 2448 ad
1247 2404 1295 2447 te
1315 2396 1503 2446 veniat.

686 2471 798 2522 Non
834 2472 1033 2517 avertas
1069 2463 1244 2512 l'aciem
1275 2464 1416 2506 tuam
1440 2468 1470 2505 a
1493 2467 1613 2503 me:

626 2535 680 2584 in
717 2540 1020 2593 quacunque
1048 2526 1129 2575 die
1158 2521 1390 2579 tribulor,
1426 2517 1618 2566 inclina

626 2597 690 2647 ad
712 2607 795 2644 me
815 2603 992 2642 aurem
1014 2594 1177 2637 tuam.

691 2660 753 2707 In
777 2664 1080 2718 quacunque
1098 2650 1181 2700 die
1208 2647 1507 2696 invocavero
1527 2645 1575 2690 te
1602 2656 1615 2691 ε

629 2720 862 2771 velociter
883 2714 1063 2766 exaudi
1084 2726 1182 2762 me.

692 2783 827 2843 Quia
856 2779 1144 2828 defecerunt
1163 2773 1294 2821 sicut
1317 2769 1493 2817 sumus
1512 2765 1621 2814 dies

630 2846 730 2893 mei
757 2859 770 2893 :
792 2848 840 2890 et
878 2852 990 2889 ossa
1031 2849 1143 2886 mea
1185 2835 1318 2883 sicut
1369 2829 1619 2879 cremium

631 2906 896 2956 aruerunt.

692 2968 969 3014 Percussus
983 2971 1100 3008 sum
1115 2963 1173 3005 ut
1194 2957 1404 3013 foenum,
1422 2957 1472 3002 et
1487 2951 1624 3000 aruit

631 3037 904 3079 cormeum
931 3038 944 3072 ε
966 3021 1084 3082 quia
1109 3019 1300 3067 oblitus
1319 3028 1438 3065 sum
1459 3025 1625 3062 eome-

631 3093 748 3142 dere
768 3098 950 3148 panem
972 3093 1164 3132 meum.

696 3154 747 3202 Α
772 3163 887 3199 voce
918 3146 1137 3208 gemitus
1155 3141 1259 3191 mei
1285 3155 1298 3189 ε
1329 3137 1542 3189 adhaesit
1568 3149 1626 3186 os

633 3226 808 3269 meum
839 3211 984 3260 carni
1006 3221 1145 3257 meae.

697 3275 892 3327 Similis
924 3273 1086 3321 sactus
1110 3278 1225 3318 sum
1258 3263 1481 3325 pelicano
1507 3260 1628 3309 soli-

636 3338 868 3390 tudinis:
897 3335 1056 3384 l'actus
1088 3343 1204 3381 sum
1237 3328 1369 3376 sicut
1408 3324 1629 3386 nyctico-

636 3416 724 3453 rax
747 3402 801 3450 in
822 3397 1097 3448 domicilio,

698 3462 922 3524 vigilavi
946 3464 1026 3511 :et
1042 3457 1203 3506 factus
1222 3464 1339 3502 sum
1362 3451 1494 3500 sicut
1517 3460 1632 3509 pas-

635 3541 714 3578 ser
746 3524 1003 3575 solitarius
1023 3521 1076 3570 in
1099 3523 1243 3568 tecto.

1410 360 1629 404 simtu
1671 355 1872 398 rsALnn

1741 468 1866 516 Tota
1901 465 1982 513 die
2011 458 2378 522 exprobrabant
2408 454 2543 504 mihi
2573 453 2678 502 ini-

1682 529 1802 580 mici
1826 528 1926 577 mei
1952 538 1966 573 t
1993 531 2040 574 et
2066 524 2157 585 qui
2175 520 2450 570 laudabant
2477 529 2561 566 me
2581 518 2679 565 ad-

1682 604 1887 642 versum
1915 601 1997 637 me
2013 586 2274 647 jurabant,

1747 654 1879 714 Quia
1931 651 2151 698 cinerem
2198 651 2444 704 tanquam
2484 652 2678 700 panem

1686 713 2056 766 manducabam
2076 715 2151 758 :et
2166 711 2340 768 potum
2358 716 2531 753 meum
2553 715 2681 751 cum

1687 779 1806 828 fletu
1827 775 2122 824 miscebam.

1751 841 1802 889 Α
1839 837 1963 885 facie
2004 836 2090 884 irae
2137 827 2505 893 indignationis
2534 830 2643 876 tuas
2667 835 2686 874 τ

1689 903 1808 964 quia
1835 901 2033 948 elevans
2053 896 2253 945 allisisti
2274 906 2373 942 me.

1755 964 1871 1012 Dies
1892 960 1991 1009 mei
2021 959 2153 1007 sicut
2184 957 2366 1004 umbra
2398 951 2690 1002 declinave-

1692 1032 1814 1075 runt
1838 1040 1851 1074 :
1873 1029 1921 1071 et
1940 1034 2031 1082 ego
2051 1021 2184 1069 sicut
2206 1019 2396 1067 foenum
2419 1014 2555 1063 arui.

1755 1088 1834 1136 Tu
1847 1091 2016 1135 autem
2031 1084 2141 1131 Due
2156 1082 2209 1130 in
2225 1084 2471 1129 aeternum
2488 1086 2689 1136 perma-

1697 1161 1785 1199 nes
1810 1165 1823 1200 z
1847 1152 1897 1196 et
1920 1144 2212 1195 memoriale
2232 1148 2381 1191 tuum
2402 1141 2456 1189 in
2480 1149 2691 1200 genera·

1698 1213 1835 1260 tione
1856 1214 1904 1257 et
1926 1207 2319 1269 generationem.

1759 1273 1837 1321 Tu
1892 1280 2141 1329 exurgens
2194 1268 2305 1314 Due
2367 1263 2694 1313 misereberis

1697 1335 1849 1385 Sion:
1877 1333 1996 1394 quia
2018 1340 2218 1390 tempus
2237 1326 2512 1377 miserendi
2539 1327 2659 1387 ejus
2675 1362 2689 1386 ,

1698 1398 1819 1459 quia
1845 1395 1984 1444 venit
2001 1398 2217 1452 tempus.

1762 1458 2017 1518 Quoniam
2052 1455 2349 1514 placuerunt
2390 1450 2553 1498 servis
2583 1450 2698 1498 tuis

1701 1521 1893 1632 lapides
1914 1520 2025 1579 ejus
2049 1522 2132 1567 :et
2158 1522 2302 1565 terrai
2333 1513 2448 1573 eius
2479 1512 2697 1562 misere-

1737 1588 1914 1630 untur.

1763 1645 1828 1693 Et
1851 1643 2101 1691 timebunt
2121 1639 2308 1688 Gentes
2335 1648 2520 1685 nomen
2541 1641 2696 1683 tuum

1702 1707 1813 1817 Prie
1838 1721 1849 1753 :
1872 1709 1918 1753 et
1939 1715 2117 1752 omnes
2142 1713 2284 1762 reges
2308 1703 2453 1748 terrae
2476 1697 2697 1758 gloriam

1726 1780 1866 1817 uam.

1766 1830 1900 1890 Quia
1932 1825 2198 1877 aedifieavit
2225 1825 2336 1871 Diis
2365 1822 2486 1872 Sion
2511 1826 2598 1871 :et
2620 1822 2701 1870 vi·-

1705 1893 1905 1941 debitur
1929 1891 1980 1938 in
2002 1889 2160 1949 gloria
2177 1899 2288 1934 sua.

1768 1952 2004 2013 Respexit
2028 1952 2081 1998 in
2094 1949 2372 1998 orationem
2385 1944 2666 1995 humilium
2685 1960 2698 1994 τ

1709 2021 1758 2065 et
1779 2029 1881 2063 non
1902 2013 2089 2074 sprevit
2111 2022 2308 2072 precem
2329 2020 2527 2056 eorum.

1773 2078 2072 2127 Scribantur
2086 2075 2192 2123 haee
2209 2074 2263 2121 in
2288 2070 2610 2132 generatione
2629 2070 2703 2116 al-

1708 2146 1847 2189 tera:
1870 2144 1917 2186 et
1941 2138 2157 2197 populus
2191 2134 2280 2196 qui
2313 2132 2567 2181 creabitur
2591 2132 2703 2179 lau-

1709 2203 1848 2253 dabit
1868 2202 2025 2250 Diim.

1775 2266 1907 2325 Quia
1942 2259 2191 2323 prospexit
2222 2259 2283 2307 de
2315 2256 2505 2305 excelso
2529 2261 2705 2305 sancto

1711 2340 1803 2376 suo
1829 2343 1841 2375 ι
1864 2328 1974 2374 Diis
1991 2325 2052 2372 de
2072 2322 2193 2371 coelo
2210 2321 2263 2368 in
2286 2325 2474 2368 terram
2493 2317 2702 2379 aspexit;

1773 2388 2049 2438 Utaudiret
2058 2384 2276 2446 gemitus
2285 2381 2707 2440 compeditorum:

1715 2457 1774 2500 ut
1793 2451 2006 2499 solveret
2026 2448 2158 2495 filios
2180 2446 2623 2502 interemptorum.

1775 2513 1844 2562 Ut
1856 2510 2164 2561 annuntient
2177 2508 2231 2555 in
2244 2506 2365 2555 Sion
2379 2517 2563 2553 nomen
2574 2505 2704 2553 Dr‘ii'.

1714 2580 1763 2624 et
1784 2575 1986 2623 laudem
2009 2573 2121 2633 ejus
2143 2570 2195 2617 in
2219 2568 2563 2618 Hierusalem.

1777 2639 1836 2685 In
1856 2633 2198 2684 conveniendo
2215 2631 2427 2691 populos
2442 2629 2497 2677 in
2512 2640 2678 2677 unum
2696 2642 2710 2676 z

1716 2705 1765 2749 et
1791 2710 1932 2758 reges
1953 2702 2010 2745 ut
2029 2695 2254 2744 serviant
2273 2694 2403 2740 Duo.

1780 2759 2060 2820 Respondit
2084 2757 2129 2806 ei
2155 2756 2209 2804 in
2233 2755 2314 2803 via
2337 2751 2544 2802 virtutis
2564 2764 2671 2801 suae
2696 2767 2710 2800 z

1717 2824 2029 2933 Paulcitatem
2051 2820 2251 2869 dierum
2273 2827 2505 2866 meorum
2526 2815 2712 2862 nuntia

1719 2899 1794 2935 nn
1833 2900 1869 2934 1.

1783 2949 1857 2997 Ne
1877 2957 2075 2995 revoces
2095 2955 2177 2992 me
2198 2942 2251 2990 in
2273 2939 2487 2990 dimidio
2507 2937 2715 2986 dierum

1721 3021 1952 3059 meorum
1979 3022 1992 3055 z
2031 3007 2084 3054 in
2121 3002 2443 3066 generatione
2475 3004 2525 3048 et
2561 3011 2718 3059 gene-

1721 3072 1971 3121 rationem
1989 3068 2113 3116 anni
2131 3067 2228 3115 tui.

1782 3133 1937 3182 Initio
1957 3136 2015 3179 tu
2035 3131 2146 3178 Due
2168 3134 2355 3178 terram
2379 3124 2606 3174 fundasti
2632 3139 2646 3173 ι
2668 3131 2720 3173 et

1721 3208 1869 3256 opera
1889 3205 2142 3242 manuum
2165 3197 2370 3239 tuarum
2389 3191 2511 3237 sunt
2529 3186 2665 3236 coeli.

1784 3258 1890 3318 lpsi
1932 3255 2185 3316 peribunt,
2219 3257 2276 3300 tu
2318 3256 2486 3300 autem
2522 3261 2722 3308 perma-

1725 3332 1814 3369 nes
1852 3335 1866 3369 ε
1895 3323 1943 3366 et
1976 3328 2152 3365 omnes
2179 3315 2312 3365 sicut
2348 3312 2719 3361 vestimentum

1725 3383 2067 3439 veterascent3

1786 3444 1851 3494 Et
1872 3443 2002 3490 sicut
2022 3438 2331 3500 opertorium
2358 3434 2586 3485 mutabis
2605 3446 2692 3485 eos
2705 3473 2718 3493 ‚

1727 3512 1776 3555 et
1818 3504 2156 3555 mutabuntur
2204 3517 2216 3549 :
2264 3506 2322 3547 tu
2364 3502 2535 3548 autem
2580 3496 2718 3547 idem
