2910 4457
849 616 916 665 11.
986 615 1058 665 ΙΝ
1091 609 1373 666 omnem
1404 607 1652 666 VAlttA.

453 764 510 828 1.
597 760 695 846 5η
740 766 1021 847 officiunt
1061 765 1510 832 &renuntiantis
1552 765 1768 835 &cittii
1810 762 2055 832 tettae.

261 872 350 925 Ad
374 870 411 941 §
439 867 599 942 98.)
626 872 754 935 Quae
785 873 849 924 de
886 874 1003 940 ipso
1035 873 1229 927 Sancto
1257 880 1435 927 nostro
1474 880 1525 926 et
1550 874 1614 926 de
1647 874 1892 926 fratribus
1921 876 2051 941 ejus,
2080 891 2145 926 ex
2170 875 2325 929 Brev.

168 956 358 1011 Sarisb.
387 963 586 1026 partem
612 958 892 1008 maximam
921 962 1166 1023 extracta,
1207 960 1262 1009 in
1289 958 1566 1010 Fasciculo
1597 960 1772 1009 Primo
1796 953 1872 1025 (p.
1889 958 1997 1023 xlv,
2015 959 2083 1009 ad
2107 959 2324 1027 calcem)

164 1039 437 1092 duodecim
465 1040 655 1092 abhinc
672 1043 824 1090 annis
844 1040 967 1105 dixi,
999 1053 1061 1091 ea
1077 1057 1220 1092 nunc
1237 1040 1566 1094 Venerabilis
1590 1041 1746 1092 Bedae
1773 1042 2098 1108 aliorumque
2127 1044 2324 1095 auxilio

162 1124 489 1190 aliquatenus
518 1123 604 1176 hic
631 1140 823 1192 augere
841 1123 997 1176 simul
1027 1130 1080 1176 et
1104 1126 1363 1192 corrigere
1385 1125 1529 1178 libet.
1557 1126 1692 1178 Sunt
1709 1131 1883 1177 autem
1901 1128 2201 1193 sequentia:

257 1208 335 1247 “S.
365 1209 507 1257 cedda,
544 1208 724 1258 Episcopi
752 1207 1001 1246 Londinensis
1030 1207 1199 1255 ejusdem
1241 1209 1406 1247 nominis
1445 1215 1482 1248 et
1515 1208 1675 1247 duorum'
1699 1211 1858 1249 eliorum
1895 1212 2139 1250 Sacerdotium
2166 1212 2324 1261 pracla-

158 1272 312 1311 “rornm
352 1273 490 1311 Sinibil
516 1281 554 1313 et
579 1275 726 1314 chelim
754 1274 880 1324 frater,
905 1274 1026 1324 primii
1051 1276 1203 1326 quidem
1235 1275 1453 1315 nonasterii
1491 1271 1533 1314 B.
1560 1275 1683 1315 Uaria
1710 1278 1930 1326 Lestlngeyi
1959 1279 1997 1316 in
2024 1278 2151 1317 insula
2178 1279 2327 1317 undis-

159 1338 363 1376 “remensi
402 1339 547 1389 (lioly
572 1340 764 1390 laland)
806 1341 933 1379 Abba
973 1342 1069 1390 fuit3
1111 1341 1251 1380 deinde
1276 1342 1387 1390 vero,
1429 1343 1468 1380 in
1503 1344 1670 1392 partibus
1705 1346 1915 1394 peregrini·
1943 1346 2082 1386 diutius
2109 1348 2327 1386 demorante

156 1404 385 1454 “wilfrido⁹
412 1417 433 1444 ι
458 1407 586 1455 Wyne
614 1405 914 1446 occidentalium
942 1409 1130 1446 saxonum
1157 1408 1348 1457 Episcopo
1374 1409 1554 1458 Archiep.
1589 1409 1706 1449 Ebot.
1734 1412 1948 1450 consecrari
1974 1420 2129 1452 coactu·
2156 1411 2328 1454 est.'Re-

156 1471 298 1511 “verso
336 1479 460 1511 antem
485 1473 678 1522 wilfrido,
717 1476 757 1512 S.
787 1472 917 1513 Cedda
951 1474 1136 1512 necte-ie
1164 1474 1438 1514 Lichreldensis
1466 1475 1584 1525 Ep'us
1612 1476 1754 1515 electus
1782 1484 1854 1516 ent.
1898 1478 2064 1516 Mortuus
2092 1478 2182 1517 vero
2208 1481 2250 1517 Α.
2277 1480 2326 1518 D.

157 1537 276 1586 “670,
301 1540 327 1578 6
355 1537 449 1577 Non.
474 1535 638 1588 Blattius,
669 1545 707 1578 et
731 1541 770 1577 in
796 1539 907 1580 Eccl.
932 1538 975 1578 B.
1000 1540 1137 1578 Uarine
1164 1540 1280 1588 primii
1306 1542 1495 1591 sepultus,
1532 1548 1618 1591 post
1641 1541 1853 1581 Ecclesium
1879 1543 1971 1582 vero
1998 1545 2035 1582 S.
2062 1543 2159 1583 Petri
2186 1544 2326 1583 ibidem

153 1605 444 1645 “consu-netem
470 1609 508 1645 in
536 1608 694 1646 eandem
719 1607 936 1654 translatus..
961 1614 1158 1658 utrumqne
1182 1608 1310 1648 locum
1335 1610 1534 1649 sanitatum
1560 1610 1749 1648 miraculis
1776 1610 1965 1649 celebrem
1992 1610 2165 1649 reddidit.
2191 1610 2326 1650 Postea

154 1674 295 1723 “vero,
318 1676 505 1715 saviente
531 1675 754 1713 secutorum
778 1676 1030 1713 recentiorum
1057 1675 1183 1713 furore
1210 1682 1246 1714 et
1269 1676 1417 1725 rupini,
1446 1678 1574 1715 eximii
1600 1678 1712 1723 hujus
1732 1677 1861 1716 sancti
1878 1685 2012 1724 corpus
2033 1687 2054 1714 ι
2073 1678 2145 1725 piis
2166 1678 2325 1727 quilius-

154 1739 268 1778 “dam
311 1740 477 1779 feliciter
503 1739 666 1779 celatum
694 1748 778 1789 αις
817 1747 930 1791 atque
968 1740 1064 1779 adeo
1090 1741 1203 1779 hodie
1228 1741 1438 1781 Ecclesiam
1467 1743 1728 1782 cathedralem
1754 1743 1878 1781 eidem
1905 1753 2026 1792 nuper
2050 1742 2329 1792 Birmingtnmi

151 1806 395 1845 “dedicatam
421 1808 628 1845 sanctitatis
652 1818 731 1845 sue
757 1807 876 1846 odore
902 1805 1106 1846 illustrat.”

253 1872 465 1935 Quibus
490 1889 649 1938 nunc,
674 1878 953 1938 antequam
975 1872 1127 1940 plura
1151 1872 1335 1939 dicam,
1360 1874 1732 1926 annotationes
1753 1880 2031 1941 sequentes
2057 1874 2326 1943 appendo:

253 1957 428 2002 ejusdem
455 1956 641 2008 nominis]
674 1958 738 1996 Slc
764 1956 878 1995 Brev.
909 1956 1049 1995 sarisb.
1089 1957 1128 1995 in
1155 1958 1283 1996 Sancti
1317 1960 1435 1998 nostri
1462 1959 1717 2008 Depositionis
1747 1959 1845 1998 festo
1883 1964 1939 2009 (v,
1966 1960 2079 2006 infru,
2107 1970 2142 2007 p.
2167 1958 2323 2006 xxxin:

152 2022 198 2061 de
224 2024 328 2062 veris
357 2032 483 2063 autem
508 2032 581 2063 tam
605 2025 800 2073 utriusque
833 2023 1022 2073 pontificis
1062 2036 1173 2075 qnam
1198 2032 1408 2063 ceterorum
1437 2026 1594 2065 rutrum
1620 2026 1835 2063 nominibus
1861 2026 1948 2064 vide
1975 2026 2074 2064 inter
2109 2026 2327 2065 Annou-

151 2092 310 2130 tiones
338 2093 639 2140 Longiores3
664 2091 730 2128 ubi
755 2091 867 2129 etiam
893 2091 939 2130 de
965 2091 1051 2141 ipso
1078 2092 1307 2130 Londinensi
1333 2092 1526 2142 Episcopo
1552 2103 1673 2142 peuce
1699 2092 1868 2142 quadam
1894 2092 2015 2130 videri
2043 2099 2213 2140 possunt.

247 2159 288 2197 in
328 2158 463 2196 lnsula
490 2156 802 2207 Lindisfernensi]
842 2158 905 2197 Sic
929 2157 1044 2199 Brev.
1072 2158 1212 2197 Sari-b.
1236 2158 1275 2195 in
1302 2155 1331 2209 ᾗ
1357 2159 1445 2207 162,
1471 2160 1548 2198 lec.
1577 2160 1616 2197 1:
1651 2158 1696 2197 de
1723 2158 1835 2205 liujus
1865 2165 1987 2198 eutem
2012 2158 2227 2198 nonasterii
2252 2159 2327 2199 situ

149 2224 238 2265 vide
266 2224 314 2264 ad
343 2224 504 2264 eandem
531 2227 751 2265 sectionem.
1245 2223 1248 2226 ’

249 2294 391 2332 deinde
418 2303 528 2341 vero,
544 2312 593 2320 —
616 2295 829 2333 consecrari
856 2299 1009 2334 coactus
1036 2293 1113 2346 est]
1140 2295 1229 2335 linc
1256 2296 1447 2347 aliquanto
1476 2296 1644 2347 pleniora
1669 2297 1709 2336 in
1743 2291 1772 2347 ᾖ
1799 2293 1887 2345 162,
1914 2295 2149 2336 lectionibus
2175 2293 2197 2336 1
2228 2300 2265 2335 et
2287 2294 2328 2344 2,

146 2359 269 2398 videri
297 2366 479 2409 possum.

246 2428 292 2466 Α.
321 2429 367 2466 1).
394 2426 495 2478 670]
522 2428 586 2467 Sic
612 2427 723 2466 Brev.
749 2429 909 2468 san-inu:
937 2430 985 2469 de
1011 2440 1104 2469 vero
1129 2438 1252 2469 eutem
1269 2430 1393 2471 obitos
1422 2432 1507 2479 ejus
1532 2442 1632 2470 enno
1658 2432 1746 2472 vide
1775 2432 1819 2471 nd
1847 2428 1875 2483 ξ
1903 2432 1990 2472 100.

245 2493 456 2533 “Reverso
482 2501 604 2532 autem
624 2494 850 2545 Will'rido‚”
871 2496 958 2543 dcc.)
986 2496 1087 2535 lnter
1111 2498 1268 2537 duorum
1284 2498 1578 2548 Episcopatuum
1606 2505 1792 2548 tempora,
1817 2496 2092 2549 aliquantulum
2110 2496 2262 2545 snttem,
2288 2494 2327 2534 in

144 2558 380 2599 lonasterio
413 2560 515 2610 quod
541 2566 649 2600 antee
675 2569 837 2609 rexerat..
865 2563 906 2600 S.
935 2561 1062 2601 Cedda
1089 2562 1284 2613 “quietam
1310 2566 1423 2603 vitam
1442 2564 1610 2613 agebnt”
1637 2563 1699 2614 (v.
1727 2567 1768 2607 S.
1788 2565 1899 2604 Beda
1921 2565 2034 2603 nist.
2060 2564 2184 2602 Eccl.
2204 2558 2330 2615 Gsqt·

146 2627 208 2663 tis
238 2626 304 2664 An
317 2627 535 2674 giorum,
571 2627 638 2664 lib.
662 2627 729 2674 lv,
756 2638 839 2675 cap.
863 2625 910 2676 23
949 2628 1065 2677 unde,
1093 2636 1177 2677 post
1215 2630 1412 2669 “Reverso
1440 2638 1564 2669 antem
1603 2630 1829 2679 wilfrido,”
1862 2631 1998 2669 melius
2025 2631 2233 2680 legeretur,
2250 2612 2328 2669 ςῦ8.

144 2690 311 2731 “cedda
340 2704 434 2731 mox
454 2691 644 2731 Ecclesia·
672 2693 949 2732 Lichreldensis
976 2695 1188 2744 Episcopus
1219 2695 1336 2735 ructus
1365 2696 1469 2737 est.''

246 2759 441 2810 Sancti
477 2764 652 2810 autem
685 2761 870 2824 nostri,
894 2787 962 2798 —
983 2760 1051 2811 ad
1075 2778 1229 2826 quem
1253 2762 1439 2826 solum,
1476 2767 1534 2813 ut
1564 2763 1621 2813 in
1647 2760 2083 2814 Annotatiom‘bm
2108 2761 2334 2831 Lonqio-

141 2841 291 2893 ribus
315 2843 603 2905 videbitur,
624 2858 816 2893 nomen
845 2842 1036 2895 Oeddae
1051 2845 1170 2909 jure
1191 2846 1430 2911 pertinet,
1457 2872 1523 2881 —
1544 2846 1766 2897 historia
1788 2847 2000 2911 quidem
2023 2847 2247 2916 integra,
2271 2856 2331 2900 ut

142 2940 174 2974 a
197 2925 373 2976 Beato
399 2925 553 2976 Beda
584 2926 845 2976 mem'oriae
871 2926 1065 2977 tradita
1099 2934 1193 2992 est,
1227 2934 1316 2978 aut
1347 2930 1405 2979 in
1438 2927 1635 2979 ibidem
1657 2929 2007 2980 memorandis
2032 2946 2192 2997 supra
2214 2931 2329 2983 lau-

143 3008 254 3058 dati
280 3010 480 3075 Operis
507 3009 620 3074 ejus
643 3009 793 3072 locis,
816 3016 908 3061 aut
930 3011 1067 3061 inter
1087 3011 1398 3063 Sanctorum
1414 3011 1564 3063 Vitas
1583 3013 1832 3063 Sui-ianas
1853 3013 1907 3079 (a
1931 3013 2083 3065 Surio
2110 3014 2330 3065 Carthu-

142 3092 296 3143 siano
326 3094 559 3156 aliisque
577 3092 837 3159 scriptas),
859 3098 933 3157 ut,
958 3093 1214 3159 gradatim
1232 3100 1414 3157 auctae,
1439 3094 1674 3145 Coloniae
1690 3095 1995 3162 Agrippinae
2013 3098 2164 3148 annis
2186 3101 2333 3160 1617,

143 3179 276 3227 1618
309 3176 642 3243 prodierunt,
685 3182 773 3226 aut
807 3176 1033 3241 denique
1063 3178 1120 3227 in
1153 3178 1432 3244 magnifico
1475 3177 1922 3229 Bollandistarum
1964 3195 2120 3247 opere
2162 3177 2331 3244 (Actis

142 3255 516 3326 Sanctorum),
561 3258 729 3332 videri
759 3263 961 3325 potest3
995 3260 1072 3325 (in
1106 3261 1295 3325 quibus
1326 3261 1564 3325 utrisque
1598 3261 1771 3312 Fastis
1806 3261 2074 3313 hodiernis
2110 3278 2227 3328 quae
2260 3262 2328 3312 ab

141 3340 194 3392 S.
226 3342 382 3393 Beda
416 3343 477 3391 in
513 3357 670 3407 supra
699 3341 943 3392 indicatis
981 3343 1239 3408 capitibus
1277 3342 1511 3409 dispersa
1539 3343 1805 3411 leguntur,
1838 3346 1895 3395 in
1933 3360 2124 3411 corpus
2147 3359 2329 3408 unum,

143 3425 244 3476 sub
271 3426 358 3476 die
375 3424 564 3474 Martii
581 3424 828 3487 secund0,
855 3424 908 3474 S.
928 3423 1119 3475 Ceddae
1143 3425 1347 3476 scilicet
1362 3426 1726 3491 Depositionis
1750 3427 1905 3491 festo,
1931 3426 2154 3479 collecta
2176 3431 2328 3490 sunt3

138 3507 196 3557 in
212 3509 519 3575 posteriore
536 3505 792 3556 accedunt
809 3505 1068 3557 editorum
1079 3508 1500 3559 doctissimorum
1515 3509 1959 3560 “Commentarius
1971 3510 2326 3576 Historicus”,

136 3592 253 3642 sive
267 3593 668 3657 proleqomena,
697 3594 750 3639 et
772 3591 1141 3641 annotationes
1154 3591 1190 3657 ε)
1208 3618 1275 3628 -
1290 3590 1608 3642 notabiliora
1629 3608 1755 3642 vero
1776 3593 2012 3657 quaedam
2030 3589 2241 3659 (praeter
2264 3609 2329 3645 ea

135 3688 257 3738 quae
293 3687 466 3739 supra
491 3672 632 3722 dicta
656 3672 797 3738 sunt)
831 3674 889 3723 in
920 3673 1024 3725 hoc
1068 3675 1224 3725 etiam
1251 3675 1548 3740 Fascicu10,
1574 3675 1778 3726 scilicet
1798 3677 1855 3725 in
1885 3676 2117 3741 ejusdem
2142 3677 2327 3729 Sancti

134 3758 311 3809 nostri
337 3754 736 3806 Translationis
761 3756 849 3822 (de
885 3772 988 3821 quo
1012 3772 1155 3808 nunc
1177 3757 1370 3825 agitur)
1407 3764 1460 3809 et
1482 3757 2006 3811 commemorationis
2030 3756 2116 3826 (ὃς
2144 3764 2239 3814 160
2260 3788 2327 3799 -

138 3838 266 3907 164)
284 3838 523 3903 Officiis,
544 3853 662 3890 cum
680 3840 1108 3892 annotationibus
1130 3841 1198 3892 ad
1219 3841 1455 3909 singulas
1479 3842 1748 3908 utriusque
1764 3846 1955 3909 partes,
1978 3836 2327 3897 invenientur.

1757 3958 1787 3998 1³
