2910 4457
1122 345 1195 384 An
1238 344 1464 384 taunsss.
2238 328 2316 391 1⁵9

230 458 298 506 ab
319 457 527 506 bomine
549 458 726 517 iniquo
742 463 791 506 et
804 457 975 506 doloso
991 469 1109 505 erue
1124 468 1227 506 me.

297 519 431 579 Quia
465 524 522 567 tu
552 532 606 568 es
634 520 772 567 Deus
802 518 1040 567 fortitudo
1069 531 1179 567 mea
1212 534 1225 567 τ

229 593 389 640 quare.
419 593 505 629 me
526 581 775 641 repulisti,
806 585 854 628 et
880 593 1035 640 quare
1068 580 1229 629 tristis

231 642 428 701 incedo,
452 641 579 691 dum
597 643 775 702 affligit
793 655 874 690 me
892 642 1171 690 inimicus?

292 704 486 752 Emitte
519 704 681 752 lucem
712 709 855 751 tuam
886 707 935 750 et
963 704 1226 752 veritatem

230 771 374 813 tuam
401 781 415 815 z
451 766 562 825 ipsa
594 777 677 813 me
704 766 1021 814 deduxerunt
1058 770 1105 813 et
1138 767 1228 813 ad-

229 829 487 875 duxerunt
500 827 553 875 in
568 832 791 876 montem
808 832 1041 875 sanctum
1054 831 1200 874 tuum
1215 863 1229 886 ,

228 889 350 937 etin
372 889 695 937 tabernacula
714 894 821 936 tua.

292 950 359 998 Et
375 951 597 998 introibo
612 950 673 999 ad
693 951 847 998 altare
858 950 949 998 Dei
965 949 1049 998 :ad
1063 950 1224 998 Deum

230 1012 323 1071 qui
340 1012 560 1060 laetificat
577 1012 896 1070 juventutem
916 1024 1099 1059 meam.

294 1072 579 1122 Confitebor
624 1073 717 1121 tibi
762 1073 815 1120 in
856 1074 1048 1120 cithara
1093 1073 1228 1120 Deus

229 1134 368 1182 Deus
397 1147 549 1183 meus
572 1150 584 1184 :
612 1147 768 1194 quare
799 1135 961 1182 tristis
980 1146 1033 1182 es
1054 1135 1225 1181 anima

229 1206 362 1255 mea,
387 1201 437 1245 et
457 1209 616 1256 quare
636 1196 908 1244 conturbas
928 1198 1040 1244 me‘l

295 1258 452 1317 Spera
466 1258 519 1305 in
539 1258 658 1316 De0‚
676 1258 919 1318 quoniam
935 1258 1100 1306 adhuc
1116 1268 1229 1304 con·

229 1318 411 1368 fitebor
440 1320 513 1367 illi
551 1335 563 1369 :
592 1319 814 1368 salutare
842 1319 1014 1367 vultus
1042 1319 1143 1366 mei
1179 1323 1228 1366 et

230 1380 369 1430 Deus
390 1393 558 1429 meus·

295 1442 471 1491 Gloria
515 1441 675 1490 Patri.
699 1443 762 1490 A.
787 1441 1016 1490 Salutate
1052 1441 1227 1490 vultus

231 1505 353 1563 mei,
377 1510 427 1552 et
445 1505 585 1552 Deus
606 1515 769 1552 meus,

297 1567 361 1615 A.
386 1566 469 1614 Ad
493 1569 541 1613 te
562 1566 624 1614 de
649 1566 757 1613 luce
778 1564 952 1625 vigilo.
975 1564 1067 1614 Ps,
1090 1565 1225 1614 Deus

230 1628 371 1677 Deus
390 1640 556 1676 meus·
579 1632 645 1686 (p.
668 1625 765 1687 12.)

233 1750 507 1799 Canticum
528 1750 752 1798 Ezechioe
765 1768 779 1797 .·
808 1749 975 1810 EsaJ'ae
995 1749 1224 1810 xxxviij·

229 1824 381 1923 Ego
411 1813 533 1871 dixi,
555 1814 614 1860 In
637 1812 850 1860 dimidio
874 1812 1074 1864 dierum
1097 1824 1227 1860 meo-

318 1886 436 1922 rum
463 1890 476 1924 :
499 1874 681 1922 vadam
704 1874 765 1921 ad
786 1879 953 1932 portas
974 1874 1140 1927 inferi.

295 1935 521 1998 Quaesivi
540 1937 803 1984 residuum
826 1947 1079 1982 annorum
1096 1947 1226 1983 meo—

227 2011 349 2046 rum
377 2013 390 2046 :
421 1998 546 2055 dixi,
568 1998 682 2047 Non
704 1997 880 2044 videbo
900 1997 1036 2044 Dum
1058 1997 1222 2045 Deum

229 2059 287 2107 in
309 2065 444 2108 terra
467 2059 770 2107 viventium.

292 2122 407 2170 Non
429 2120 674 2179 aspiciam
695 2119 955 2167 hominem
980 2119 1114 2167 ultra
1139 2135 1153 2170 :
1175 2126 1225 2168 et

226 2182 567 2232 habitatorem
588 2182 793 2242 quietis.

293 2245 565 2294 Generatio
595 2257 706 2293 mea
734 2244 895 2291 ablata
921 2247 1012 2302 est,
1035 2248 1084 2291 et
1104 2256 1223 2292 eon-

227 2307 402 2355 voluta
416 2311 492 2355 est
508 2319 536 2354 a
550 2319 635 2355 me
653 2322 666 2355 :
681 2307 825 2367 quasi
840 2306 1220 2354 tabernaculum

227 2374 514 2430 pastorum.

292 2430 512 2479 Praecisa
545 2433 620 2477 est
656 2429 792 2476 velut
825 2441 854 2477 a
889 2434 1081 2478 texente
1117 2429 1221 2477 vita

226 2504 343 2601 {inea
377 2506 390 2540 t
424 2492 550 2540 dum
594 2491 762 2540 adhuc
801 2491 1018 2550 ordirer,
1057 2491 1222 2539 succi-

265 2554 305 2601 it
324 2566 426 2602 me.

289 2615 367 2663 De
381 2626 530 2663 mane
543 2625 706 2673 usque
719 2614 781 2662 ad
798 2626 1055 2673 vesperam
1072 2613 1219 2662 finies

227 2687 312 2726 me
325 2692 338 2726 :
351 2676 613 2735 sperabam
630 2688 791 2735 usque
802 2677 864 2723 ad
879 2688 1053 2736 mane;
1068 2675 1214 2735 quasi

226 2737 302 2787 leo
322 2738 398 2786 sic
416 2738 655 2786 contrivit
675 2738 847 2784 omnia
868 2750 979 2785 ossa
1001 2749 1130 2785 mea.

288 2800 364 2847 De
379 2812 528 2848 mane
544 2811 704 2859 usque
717 2800 780 2846 ad
796 2811 1054 2857 vesperam
1071 2798 1217 2847 (inies

225 2872 338 2910 me:
359 2862 492 2909 sicut
509 2861 680 2920 pullus
692 2861 1005 2919 hirundinis,
1028 2860 1101 2908 sic
1123 2861 1217 2908 cla-

224 2923 392 2982 mabo,
415 2922 698 2970 meditabor
720 2927 776 2969 ut
798 2922 1046 2970 columba.

285 2983 556 3033 Attenuati
576 2988 698 3031 sunt
725 2984 856 3032 oculi
884 2984 987 3033 mci
1011 2998 1023 3032 :
1054 2982 1215 3043 suspi-

221 3045 409 3095 cientes
431 3045 483 3093 in
505 3045 776 3094 excelsum.
1036 3086 1041 3090 .

281 3108 394 3157 Dfie
436 3108 543 3154 vim
596 3107 757 3166 patior
771 3142 784 3164 ,
842 3106 1085 3165 responde
1126 3119 1215 3166 pro

219 3180 304 3217 me
328 3169 488 3231 :quid
513 3168 703 3226 dicam,
741 3173 830 3215 aut
861 3168 983 3227 quid
1016 3180 1217 3227 respon·

219 3231 355 3279 debit
375 3230 527 3288 mihi,
552 3228 671 3278 cum
696 3230 801 3288 ipse
821 3228 1057 3278 fecerim?

281 3292 589 3353 Recogitabo
656 3291 750 3338 tibi
817 3303 993 3339 omnes
1052 3304 1214 3339 annos

217 3366 357 3403 meos
382 3370 395 3404 ε
419 3356 472 3402 in
496 3352 843 3401 amaritudine
864 3353 1047 3401 anima}
1067 3366 1208 3402 meae.

277 3417 390 3465 Dite
422 3416 466 3464 si
506 3415 580 3462 sic
613 3414 823 3477 vivitur,
855 3418 902 3460 et
934 3414 986 3461 in
1025 3415 1209 3463 talibus

213 3478 316 3527 vita
353 3477 572 3538 spiritus
604 3474 726 3533 mei,
763 3475 998 3533 corripies
1038 3487 1119 3523 me
1160 3482 1207 3524 et

1326 455 1606 505 vivificabis
1648 468 1767 507 me:
1798 469 1909 506 ecoe
1939 458 1991 506 in
2027 471 2143 520 pace
2176 473 2317 511 ama-

1323 517 1495 566 ritudo
1519 531 1629 567 mea
1651 520 1993 569 amarissima.

1386 580 1467 628 Tu
1488 585 1659 628 autem
1681 582 1861 630 eruisti
1888 583 2116 631 animam
2148 595 2314 633 meam

1324 646 1380 688 ut
1411 654 1512 689 non
1543 642 1763 701 periret:
1791 644 2046 703 projecisti
2076 651 2186 705 post
2217 652 2318 695 ter-

1326 714 1449 762 gum
1471 707 1620 751 tuum
1644 705 1814 752 omnia
1840 711 2034 765 peccata
2059 719 2189 755 mea.

1388 764 1521 823 Quia
1572 777 1672 811 non
1720 765 1951 814 infernus
1997 769 2316 818 confitebitur

1324 824 1434 883 tibi,
1469 837 1630 884 neque
1658 837 1797 873 mors
1826 827 2049 876 laudabit
2082 835 2129 878 te
2159 846 2173 880 :
2213 844 2314 878 non

1323 887 1658 945 expectabunt
1689 887 1778 945 qui
1814 890 2123 938 descendunt
2157 893 2212 940 in
2249 893 2316 941 la-

1323 960 1441 996 cum
1468 949 1727 996 veritatem
1749 954 1910 997 tuam.

1389 1011 1594 1068 Vivens,
1630 1011 1819 1068 vitem,
1859 1011 1962 1069 ipse
1995 1012 2314 1062 confitebitur

1323 1073 1434 1130 tibi,
1458 1072 1589 1119 sicut
1612 1077 1658 1119 et
1688 1084 1778 1131 ego
1812 1073 1957 1121 bodie
1982 1088 1995 1122 :
2026 1079 2164 1132 pater
2194 1076 2316 1123 filiis

1324 1140 1496 1183 notam
1518 1134 1659 1182 saciet
1679 1135 1941 1183 veritatem
1964 1140 2125 1183 tuam.

1386 1196 1495 1245 Dne
1536 1196 1734 1244 salvum
1777 1209 1858 1245 me
1912 1197 1987 1245 fac
2023 1211 2036 1245 τ
2087 1201 2136 1245 et
2177 1196 2308 1257 psal·

1324 1270 1435 1306 mos
1449 1262 1646 1305 nostros
1666 1259 1988 1306 cantabimus
2002 1259 2200 1307 eunctis
2214 1259 2313 1307 die-

1322 1320 1419 1367 bus
1440 1318 1555 1366 vita>
1579 1324 1778 1377 nostrae,
1794 1321 1849 1367 in
1865 1320 2015 1368 domo
2032 1321 2152 1369 Dni.

1384 1380 1557 1429 Gloria
1593 1382 1751 1429 Patri.
1794 1383 1856 1428 Α.
1900 1381 2106 1430 Cunctis
2134 1381 2313 1429 diebus

1322 1442 1437 1490 vitae
1461 1446 1660 1500 nostrae,
1684 1442 1849 1490 salvos
1872 1442 1946 1489 sac
1968 1454 2060 1489 nos
2080 1442 2208 1491 Dine.

1384 1505 1448 1550 Δ.
1473 1504 1532 1551 In
1555 1503 1760 1551 excelsis
1789 1502 1987 1551 laudate
2007 1503 2190 1551 Deum.
2213 1502 2306 1550 Ps.

1322 1565 1565 1613 Laudate.
1590 1567 1654 1622 (p.
1678 1562 1779 1624 13.)

1384 1651 1445 1710 (1)
1475 1651 1597 1712 Cap.
1616 1650 1852 1712 Vigilate.
1879 1649 1951 1711 (p.
1972 1650 2071 1709 39.)

1383 1714 1429 1760 Α
1465 1713 1576 1761 Dite
1613 1725 1676 1761 ne
1705 1714 1757 1760 in
1803 1713 1878 1761 ira
1906 1727 2059 1775 usque
2100 1716 2171 1765 ad
2205 1729 2274 1765 Χῖ,
2291 1752 2306 1776 ,

1319 1776 1523 1883 gando
1538 1776 1597 1822 de
1611 1775 1673 1836 ἰὴ·
1682 1773 1815 1835 serici
1834 1775 2026 1838 aqitur,
2038 1778 2229 1827 dicitur
2239 1779 2310 1828 ad

1401 1837 1519 1884 ades
1533 1850 1739 1908 sequens
1763 1837 2025 1897 Hymnus.

1322 1899 1487 2009 Ales
1501 1898 1599 1947 diei
1617 1900 1832 1946 nuntius

1416 1960 1601 2008 Lucem
1620 1961 1954 2019 propinquam
1972 1962 2233 2021 praecinit:

1319 2020 1421 2070 Nos
1442 2022 1678 2068 excitator
1695 2022 1945 2069 mentium
1963 2056 1976 2078 ,

1317 2080 1434 2128 Jam
1459 2082 1691 2130 Christus
1710 2083 1771 2131 ad
1795 2082 1953 2129 vitam
1974 2088 2133 2130 vocat.

1383 2142 1597 2190 Auferte
1612 2178 1625 2200 ,
1650 2143 1834 2190 clamat
1846 2177 1859 2199 ,
1884 2142 2090 2191 lectulos
2108 2179 2123 2203 ,

1318 2202 1505 2263 AEgros
1525 2216 1698 2264 sopore
1718 2204 1945 2252 desides:

1318 2265 1555 2326 Castique
1570 2302 1583 2324 ‚
1609 2267 1757 2325 recti,
1776 2278 1834 2314 ac
1855 2265 2011 2313 sobrii

1319 2327 1565 2387 Vigilate:
1582 2328 1693 2387 jam
1716 2341 1830 2376 sum
1854 2328 2133 2387 proximus,

1373 2391 1549 2438 Jesum
1572 2392 1767 2438 ciamus
1789 2391 2019 2449 vocibuS,

1315 2451 1516 2500 Flentes
1531 2490 1543 2511 ‚
1569 2458 1825 2512 precantes
1839 2489 1852 2512 ,
1872 2453 2034 2503 sobrie
2058 2467 2072 2502 ε

1316 2514 1516 2563 intenta
1538 2515 1835 2575 supplicatio

1311 2575 1546 2624 Dormire
1565 2590 1648 2625 cor
1664 2578 1917 2624 mundum
1933 2581 2082 2625 vetat.

1375 2639 1454 2686 Tu
1478 2638 1674 2686 Christe
1691 2651 1931 2685 somnum
1953 2638 2174 2685 discute:

1312 2698 1392 2747 Tu
1415 2712 1593 2758 rumpe
1609 2699 1770 2746 noctis
1786 2698 1989 2745 vincula
2005 2733 2018 2755 ,

1311 2761 1391 2807 Tu
1406 2761 1542 2808 solve
1558 2766 1813 2819 peccatum
1832 2764 1974 2806 vetus
1989 2794 2003 2817 ,

1311 2822 1611 2881 Novumque
1632 2821 1800 2869 lumen
1817 2820 2007 2880 ingere.

1373 2884 1477 2931 Deo
1499 2883 1657 2931 Patri.
1683 2890 1747 2941 (p.
1766 2881 1863 2942 39.)

1372 2943 1435 3007 ψ’.
1454 2946 1513 2993 In
1541 2945 1829 2993 matutinis,
1858 2942 2015 3008 (ibid.)

1373 3044 1440 3106 (2)
1474 3045 1599 3107 Cap.
1633 3045 1869 3105 Vigilate.
1901 3047 2005 3095 Per
2036 3048 2295 3098 AEstatem

1309 3107 1571 3168 Hymnus,
1593 3107 1715 3157 Eece
1734 3109 1843 3167 jam
1866 3110 2045 3158 noctis.
2074 3115 2139 3169 (p.
2160 3110 2263 3174 15.)

1370 3168 1432 3232 ψ.
1458 3172 1516 3218 ln
1542 3170 1825 3219 matutinis·

1369 3233 1432 3279 A.
1455 3232 1520 3280 Et
1547 3233 1643 3279 erit
1663 3232 1771 3279 Diis
1795 3232 1939 3280 nobis
1968 3245 2127 3281 cornu
2148 3234 2296 3282 salu-

1309 3293 1402 3350 tis,
1438 3294 1491 3341 in
1523 3294 1672 3342 domo
1698 3289 1859 3343 David
1893 3296 2034 3353 pueri
2066 3296 2167 3344 sui.
2199 3296 2291 3343 Ps.

1308 3355 1627 3403 Benedictus.
1660 3355 1813 3415 (ibid.)

1371 3417 1550 3463 Preces
1566 3423 1624 3464 ut
1636 3430 1798 3479 supra
1811 3417 1869 3464 in
1882 3415 1927 3477 ij
1938 3415 2089 3476 feria.
2113 3417 2291 3466 oratio

1311 3484 1371 3525 ut
1388 3480 1541 3526 decet.
1570 3479 1759 3527 Caetera
1779 3484 2028 3539 utsupra.

2001 3558 2033 3606 5

2255 4013 2484 4226 ,f

2237 4247 2252 4268 td

2247 4299 2252 4310 l
