2910 4457
571 323 596 352 c

564 443 612 488 x
1276 433 1324 474 m
1348 433 1599 473 saevum
1624 434 1803 475 samse.
1828 435 1964 475 nso.
1991 435 2008 474 ι
2472 420 2574 488 (An
2590 424 2695 475 Pr.1

569 569 748 623 multis
773 569 885 620 sive
902 566 1199 634 paucisO’b),
1217 571 1324 618 tam
1351 585 1415 619 ex
1433 570 1690 620 Breviarii
1710 568 2116 621 sarisburiensis
2135 569 2327 635 Pica(‘)
2348 587 2504 636 quam
2521 590 2584 623 ex
2598 574 2704 639 ejus-

572 651 688 702 dem
719 650 917 702 Tabula
942 650 1007 701 de
1030 648 1304 701 Fastorum
1331 651 1616 715 Dividam,
1647 657 1846 702 certum
1872 657 1966 715 est,
1984 682 2054 690 —
2070 654 2250 703 Tertia
2274 669 2488 720 quoque
2510 656 2707 705 comme-

572 735 793 785 moratio
828 733 1080 799 quiedam,
1115 737 1169 785 et
1203 732 1282 798 (ut
1309 733 1535 800 videtur)
1573 734 1807 800 ejusdem
1840 737 1948 788 fere
1978 752 2096 788 cum
2131 736 2384 789 Secunda
2417 739 2627 804 generis,
2654 740 2709 789 fa·

576 818 763 869 cienda
780 822 905 868 erat.

672 910 837 959 Erant
853 914 1026 959 autem
1045 907 1574 960 Commemorationes
1591 910 1971 976 Eboracenses‚
1988 913 2177 977 praeter
2191 911 2255 961 B.
2272 912 2462 963 Mariae
2478 907 2541 962 in
2553 912 2716 962 Sabba-

577 999 630 1042 to
643 992 1214 1056 Commemorationem,
1234 991 1283 1042 S.
1301 991 1569 1043 Wilhelmi
1579 992 1822 1058 Archiep.
1841 993 2104 1058 quondam
2117 994 2275 1045 Ebor.
2295 1001 2350 1046 et
2359 996 2606 1061 Martyris
2621 991 2721 1044 serii

577 1074 742 1136 tertii,
772 1080 822 1123 et
838 1072 1213 1141 Apostolorum
1230 1075 1374 1126 Petri
1391 1080 1444 1125 et
1459 1074 1631 1137 Pauli,
1662 1076 1850 1139 quibus
1877 1076 2022 1126 Eccl.
2051 1075 2209 1126 Ebor.
2236 1076 2485 1128 dedicata
2503 1083 2594 1139 est,
2620 1075 2722 1125 feria

578 1157 775 1224 quinti,
801 1185 864 1194 -
885 1159 1090 1222 quoties
1112 1158 1225 1208 scil.
1246 1159 1840 1210 commemorationibus
1863 1159 2008 1210 hisce
2034 1159 2195 1211 nullae
2223 1160 2343 1211 alise
2361 1162 2512 1211 feriae
2531 1162 2723 1227 aptiores

579 1247 784 1303 essent3
816 1240 1231 1292 Herefordenses
1257 1241 1381 1291 vero
1414 1241 1468 1292 S.
1500 1241 1716 1292 Thomae
1744 1241 1935 1293 ibidem
1963 1243 2219 1309 Episcopi
2246 1246 2299 1292 et
2319 1242 2666 1307 Confessoris‚
2689 1249 2727 1292 et

582 1326 633 1374 S.
653 1323 942 1375 Ethelbcrti
957 1324 1115 1390 Regis
1135 1339 1198 1374 ac
1214 1325 1478 1390 Martyris.

680 1413 835 1477 Quod
867 1421 1042 1465 autem
1075 1414 1144 1465 ad
1180 1417 1350 1481 ipsam
1384 1414 1679 1466 Ecclesiam
1716 1414 2160 1467 sarisburiensem
2194 1417 2403 1482 attinet,
2443 1419 2502 1469 in
2534 1418 2728 1469 Rubrica

583 1498 780 1564 Magna
797 1513 914 1562 quae
931 1497 996 1548 de
1014 1499 1185 1549 Festis
1203 1500 1259 1548 in
1276 1496 1451 1548 Di'iica
1475 1497 1867 1549 occurrentibus
1887 1497 1953 1547 ad
1970 1500 2150 1564 primae
2165 1505 2290 1565 post
2305 1502 2622 1552 Trinitatem
2634 1501 2729 1551 heb·

586 1579 821 1630 domadae
838 1581 991 1631 finem
1011 1580 1215 1647 legitur,
1246 1580 1503 1645 ejusmodi
1522 1580 1782 1646 perioduS,
1814 1581 1927 1631 sive
1943 1581 2154 1632 rubrica
2169 1583 2360 1647 minor,
2388 1584 2663 1645 invenitur,
2685 1599 2731 1631 ex
2778 1629 2779 1632 ,

587 1681 691 1730 qua
725 1669 866 1716 certo
903 1662 1084 1730 colligi
1111 1669 1298 1730 potest,
1336 1664 1393 1713 in
1428 1663 1588 1714 choro
1625 1663 1824 1726 Sarum,
1858 1668 2044 1729 praeter
2073 1664 2137 1714 B.
2165 1665 2369 1731 Mariae,
2409 1669 2503 1718 cui
2529 1666 2733 1717 Ecclesia

585 1747 699 1798 haec
726 1747 967 1798 dedicata
992 1751 1117 1808 erat,
1153 1747 1306 1797 aliam
1344 1746 1559 1809 nullam,
1589 1762 1692 1811 quo
1728 1746 1913 1797 saltem
1937 1752 2171 1813 tempore
2197 1747 2311 1798 haec
2335 1750 2558 1800 rubrica
2579 1749 2733 1814 scripta

590 1837 683 1893 est,
714 1831 826 1881 fieri
845 1831 1068 1895 solitam,
1101 1831 1180 1882 Cf.
1206 1831 1361 1901 etiam
1378 1831 1465 1880 Pr.
1489 1832 1548 1880 18
1566 1846 1600 1880 a
1618 1835 1670 1879 et
1686 1829 1731 1893 b,
1759 1846 1938 1897 parag.
1968 1830 2295 1880 “ScmNnUM
2316 1831 2447 1883 est''.
2467 1850 2470 1853 ’

687 1922 793 1972 Hic
815 1927 989 1973 tamen
1012 1938 1183 1971 rerum
1208 1926 1391 1984 statu8‚
1416 1925 1475 1970 ut
1497 1922 1603 1970 fere
1630 1919 1825 1970 certum
1848 1920 2070 1985 videtur,
2095 1926 2217 1987 post
2242 1922 2294 1972 S.
2326 1923 2594 1975 Osmundi
2616 1938 2734 1973 cano

592 2005 907 2056 nizationem
944 2004 1014 2070 (V.
1046 2019 1219 2070 supra,
1256 2003 1321 2054 ad
1358 2002 1557 2053 calcem
1590 2020 1641 2070 p.
1669 2001 1769 2072 xli)
1797 2005 1873 2054 ita
1904 2009 2157 2054 mutatum
2188 2011 2284 2069 est,
2319 2012 2382 2057 ut
2408 2008 2582 2073 ipsius
2614 2006 2733 2070 hujus

593 2087 773 2138 Sancti
796 2087 1230 2138 commemoratio
1258 2102 1353 2152 pro
1384 2085 1629 2136 Secunda
1653 2086 1882 2137 admissa
1909 2088 2002 2148 sit;
2032 2086 2087 2135 id
2115 2087 2257 2151 quod
2286 2103 2351 2137 eo
2379 2089 2597 2139 facilius
2630 2085 2735 2138 credi

594 2174 780 2236 potest,
806 2169 946 2235 quod
968 2171 1104 2220 inter
1120 2168 1506 2220 Translationis
1526 2168 1637 2232 ejus
1662 2169 1782 2219 festi
1800 2168 2082 2235 Synodalis
2107 2170 2220 2219 sive
2251 2171 2735 2240 Dioeeesani·(axvn
2777 2224 2780 2244 Ι

596 2253 705 2303 Cal.
726 2254 843 2319 Sep.
862 2269 956 2318 per
974 2253 1201 2304 Octavas
1229 2252 1545 2322 continuati)
1566 2253 1768 2317 Officia,
1797 2250 1912 2303 afiae
1939 2253 2006 2302 ad
2034 2251 2339 2320 Maqnfficat
2366 2262 2420 2306 et
2439 2257 2737 2315 Benedictus,

596 2337 791 2401 cratin,
812 2343 864 2386 et
881 2337 1159 2388 Lectiones
1176 2338 1231 2387 in
1253 2339 1758 2389 Commemoratione
1778 2337 1888 2401 ejus
1908 2336 2141 2387 dicendae
2159 2337 2530 2391 inveniuntur.

693 2429 1016 2479 Beatissimae
1041 2433 1213 2478 autem
1231 2429 1464 2495 Virginis
1491 2433 1542 2479 et
1572 2429 1623 2479 S.
1644 2427 1900 2479 Osmundi
1918 2426 2527 2482 commemorationibus
2547 2430 2736 2482 Tertiam
2774 2406 2777 2489 ἱ

598 2511 858 2577 quandam
894 2517 1105 2578 postea,
1152 2512 1375 2562 fortasse
1412 2511 1463 2563 S.
1503 2512 1718 2561 Thomae
1759 2510 2068 2577 Martyriscf)
2083 2548 2097 2575 ‚
2133 2511 2370 2562 additam
2409 2530 2562 2578 esse,
2609 2511 2737 2564 haud·
2776 2538 2777 2545 κ

601 2610 861 2659 quaquam
878 2593 1219 2661 improbabile
1239 2594 1459 2645 videtur.
1485 2594 1638 2656 Quod
1657 2595 1703 2643 si
1719 2594 1914 2644 factum
1935 2599 2028 2657 est,
2046 2594 2213 2659 ipsius
2230 2595 2377 2645 Eccl.
2398 2596 2606 2649 Sarisb.
2622 2597 2737 2648 com·
2776 2586 2777 2603 ³

601 2679 1030 2729 memorationum
1046 2678 1133 2728 lex
1149 2676 1333 2728 ultima
1350 2677 1608 2742 ejusmodi
1624 2677 1786 2726 fuisse
1806 2676 2064 2726 credenda
2085 2682 2179 2740 est,
2198 2683 2256 2727 ut
2275 2679 2322 2727 si
2337 2684 2447 2731 tres
2460 2682 2520 2731 in
2532 2697 2638 2732 una
2647 2677 2740 2729 heb·

604 2760 826 2810 domada
837 2762 977 2811 feriae
989 2767 1253 2824 vacarent,
1273 2776 1392 2811 cum
1403 2759 1525 2810 D‘fia
1536 2761 1728 2811 Nostra
1739 2765 1844 2809 tam
1868 2760 1921 2810 S.
1943 2760 2172 2811 Thomas
2196 2776 2355 2826 quam
2378 2761 2430 2813 S.
2455 2762 2739 2819 Osmnndua

604 2843 649 2892 si
677 2841 781 2893 duo
811 2848 1026 2907 tantum,
1057 2859 1175 2895 cum
1195 2844 1374 2894 eadem
1393 2843 1442 2894 S.
1463 2843 1764 2894 Osmundus
1784 2843 1946 2906 solus,
1967 2843 2190 2893 Servitio
2210 2845 2380 2895 Pleno
2401 2860 2740 2898 commemora·
2776 2852 2777 2867 ¹

601 2931 757 2976 retur.
780 2925 996 2987 Quoties
1021 2931 1193 2979 autem
1209 2943 1317 2977 una
1332 2932 1535 2977 tantum
1552 2928 1609 2976 in
1625 2926 1954 2978 hebdomada
1967 2927 2098 2977 feria
2112 2927 2354 2992 vacabat,
2375 2930 2442 2980 de
2454 2930 2742 2982 Beatissimae

606 3008 801 3074 ubique
820 3010 1052 3077 Virginis
1074 3009 1508 3061 commemoratio
1532 3010 1774 3061 facienda
1797 3015 1923 3062 erat.

708 3102 878 3164 Quum
907 3103 1105 3153 veroin
1124 3102 1422 3154 cathedrali
1440 3103 1783 3167 Eboracensi,
1809 3109 1869 3154 ut
1885 3101 2127 3167 vidimus,
2157 3119 2267 3154 non
2283 3101 2422 3155 D‘fiae
2441 3106 2648 3158 Nostrae
2664 3108 2743 3153 tan-

609 3190 735 3250 tum,
756 3184 848 3235 sed
868 3191 918 3236 et
936 3185 1177 3237 Secunda
1195 3193 1247 3238 et
1263 3189 1441 3238 Tertia
1461 3187 1892 3239 commemoratio
1912 3188 2068 3237 serias
2086 3186 2186 3238 sibi
2203 3203 2314 3252 prae
2332 3191 2526 3240 ceteris
2546 3189 2743 3253 assigna-

610 3275 691 3318 tas
708 3268 1002 3333 habuerint,
1031 3286 1140 3320 non
1159 3271 1272 3320 sine
1292 3285 1482 3322 caussa
1500 3271 1660 3336 quaeri
1677 3275 1865 3336 potest,
1897 3286 1965 3320 an
1984 3269 2048 3320 de
2068 3268 2556 3324 Sarisburiensibus
2577 3283 2745 3337 quoqut¹

612 3356 664 3402 et
680 3351 1000 3402 Hereforden
1008 3353 1152 3404 sibus
1169 3352 1308 3402 idem
1327 3353 1642 3404 credendum
1659 3354 1743 3404 sit.

608 3574 613 3577 ’
690 3562 761 3626 rb)
785 3562 924 3612 Fieri
956 3569 1131 3629 potest
1161 3568 1235 3626 ut,
1270 3561 1647 3629 progredienti·
1745 3567 2008 3612 notantur.
2042 3561 2200 3612 Ebor.
2219 3561 2413 3628 Gough
2444 3566 2477 3615 6
2505 3568 2673 3614 autem
2689 3554 2749 3606 «fic.

615 3627 714 3679 bus
739 3629 959 3692 saeculis,
986 3630 1544 3680 commemorationum
1574 3628 1646 3677 di·
1745 3636 1801 3678 ut
1814 3645 1873 3692 p.
1898 3628 2023 3678 xliii.

618 3694 897 3744 cendarum
936 3697 1265 3762 privilegium
1307 3712 1416 3745 non
1462 3711 1646 3761 parum
1832 3694 1867 3758 f)
1888 3695 2044 3744 Hanc
2077 3692 2295 3744 eandem
2325 3708 2421 3758 pro
2460 3694 2751 3746 Commemo-

619 3765 891 3810 extensum
910 3763 1001 3811 sit:
1028 3764 1093 3813 cf.
1121 3779 1170 3828 p.
1195 3763 1319 3824 xlvi,
1344 3777 1453 3828 par.
1482 3766 1526 3811 2.
1745 3761 1945 3811 ratione
1979 3761 2156 3810 Tertia
2183 3761 2241 3810 in
2268 3759 2545 3825 plerisque
2570 3758 2749 3811 Provin-

704 3826 742 3891 θ)
770 3827 833 3876 In
856 3827 984 3877 Pica
1016 3829 1272 3879 Breviarii
1295 3828 1646 3880 Eboracensis
1746 3828 1841 3876 ciae
1887 3826 2274 3876 Cantuarieusis
2314 3824 2450 3876 locis
2505 3828 2749 3878 admissam

622 3891 812 3967 Gough
850 3899 912 3950 59
960 3895 1493 3949 Commemorationes
1537 3910 1646 3944 non
1747 3908 1862 3944 esse
1885 3909 1991 3943 non
2012 3890 2356 3958 improbabile
2378 3892 2615 3945 videtur.
