2910 4457
538 412 665 481 206

672 557 919 611 Homolia
940 557 1272 612 Venerabilis
1299 559 1455 612 Bodae

908 625 1224 691 Presbyteri.

608 691 731 746 Leo.
751 692 836 759 υῇ.
859 692 1035 743 Homo
1060 692 1147 743 hic
1170 692 1454 757 aedificans,
1473 695 1588 758 ipse

543 765 623 811 est
656 760 916 810 Mediator
948 759 1052 810 Dei
1077 766 1128 809 et
1150 759 1437 822 hominum,
1477 760 1587 810 Ho-

542 843 628 878 mo
677 826 913 877 Christus
957 824 1147 887 Jesus;
1204 826 1294 891 qui
1341 826 1586 877 dilectam

548 894 652 944 sibi
681 892 907 954 domum,
943 899 1181 941 sanctam
1214 891 1466 942 videlicet
1487 894 1588 943 Ec-

548 958 779 1020 clesiam,
820 958 875 1007 in
912 972 1016 1022 qua
1050 962 1303 1023 perpetuo
1336 965 1587 1021 maneret,

548 1025 807 1077 aedificare
826 1029 879 1075 et
898 1038 1205 1074 consecrare
1226 1024 1472 1091 dignatus
1493 1031 1588 1075 est.

915 1087 1093 1140 Lectio
1117 1089 1224 1155 vizy'.

640 1171 701 1207 m
734 1155 867 1206 fodit
896 1157 952 1206 in
988 1154 1166 1218 altum,
1196 1162 1247 1208 et
1269 1156 1446 1221 posuit
1471 1155 1587 1207 sun·

659 1223 959 1273 damentum
978 1236 1138 1286 snpra
1153 1228 1369 1287 petram,
1390 1224 1516 1287 qnia
1532 1224 1589 1273 in

548 1290 708 1340 corde
732 1301 944 1339 suorum
966 1286 1197 1337 fidelium
1218 1288 1467 1354 quicquid
1490 1295 1588 1340 ter-

545 1370 686 1406 renae
720 1353 1027 1403 intentionis
1071 1355 1302 1418 invenit,
1349 1355 1588 1406 funditus

548 1421 805 1487 extirpare
838 1418 1056 1470 studuit.
1100 1420 1369 1481 Quatenus
1406 1422 1588 1485 ejectis

546 1488 733 1554 priscae
775 1485 1172 1537 consuetudinis
1208 1487 1501 1549 ruderibus,
1539 1493 1591 1537 et

550 1552 960 1620 cogitationibus
1001 1553 1301 1619 superfluis,
1346 1554 1590 1604 stabilem

546 1621 605 1671 in
633 1620 709 1670 eis
741 1620 858 1686 ipse
883 1624 936 1669 et
965 1620 1338 1669 inconcussam
1362 1620 1590 1670 mansio-

548 1702 669 1735 nem
691 1690 873 1751 posset
894 1684 1104 1735 habere.
1378 1684 1498 1736 Leo.
1517 1685 1589 1736 ico.

607 1764 703 1801 psa
744 1750 880 1801 enim
925 1756 1005 1800 est
1041 1755 1190 1814 petra
1235 1766 1393 1815 super
1432 1766 1592 1815 quam

548 1764 603 1875 Π
619 1815 921 1881 hujusmodi
946 1814 1131 1865 domfis
1153 1815 1496 1866 fundamenta
1511 1818 1589 1866 lo-

550 1883 706 1932 cavit.
742 1882 811 1931 Et
845 1882 983 1932 sicut
1010 1880 1067 1929 in
1100 1880 1255 1931 domo
1282 1882 1591 1933 aedificanda

547 1949 624 1997 nil
646 1952 807 2013 petrae
830 1947 917 1997 cui
940 1945 1339 1998 fundamentum
1366 1949 1589 2013 imponi-

546 2020 633 2065 tur
666 2014 969 2075 antefertur,
1009 2013 1086 2062 ita
1125 2021 1310 2065 sancta
1348 2015 1592 2065 Ecclesia

547 2080 755 2132 Petram
766 2094 929 2142 suam,
942 2079 1186 2131 videlicet
1197 2080 1474 2144 Christum,
1484 2083 1589 2134 imo

547 2146 707 2198 habet
743 2148 800 2197 in
843 2146 1001 2197 corde
1035 2146 1377 2210 reconditam,
1418 2163 1588 2211 neque

548 2212 749 2279 aliquid
770 2212 895 2264 fidei
914 2212 1058 2264 illius
1084 2227 1148 2263 ac
1171 2212 1441 2265 dilectioni
1459 2231 1589 2281 prae-

547 2281 726 2345 ponit;
761 2280 894 2332 adeo
929 2286 989 2330 ut
1058 2295 1117 2329 ro
1150 2280 1251 2331 hac
1274 2281 1432 2331 etiam
1454 2296 1589 2330 mor·

546 2353 654 2396 tem
675 2348 786 2411 pati
808 2362 917 2395 non
942 2345 1012 2395 du
1048 2345 1160 2394 itet.

613 2413 701 2463 An
726 2411 963 2461 Liunns
985 2427 1094 2460 una
1115 2412 1227 2462 sola
1250 2411 1369 2462 αῆα.

613 2478 701 2529 An
726 2478 968 2527 pamm
991 2490 1058 2526 ΕΤ
1081 2489 1161 2524 An
1186 2478 1365 2527 Amas
1388 2477 1591 2529 Hoaas

548 2545 719 2596 omnia
729 2543 874 2610 fiant
895 2543 1024 2601 sicut
1045 2543 1197 2619 infra
1226 2542 1332 2594 Oet.
1464 2568 1470 2574 ‚

614 2612 702 2662 An
727 2611 779 2661 11
802 2608 995 2660 Vnsr’s
1030 2608 1356 2674 omniafiamt
1382 2610 1513 2661 sicut
1533 2611 1594 2661 in

541 2678 725 2743 prima
746 2676 846 2740 die,
875 2683 1070 2742 praeter
1093 2675 1249 2738 Baium
1271 2675 1425 2742 [quod
1447 2677 1592 2727 omit-

549 2742 726 2810 titur];
763 2760 876 2797 cum
917 2740 1164 2792 Oratione
1196 2742 1343 2793 Deus
1378 2743 1469 2807 qui
1492 2744 1590 2794 Ec-

553 2810 768 2861 clesiam
790 2816 935 2860 tuam
960 2809 1013 2868 (ἓ
1042 2807 1174 2872 175).

631 2887 670 2955 9
712 2887 912 2956 194.)
957 2871 1054 2954 ἒιι
1091 2879 1315 2940 Φάωνα
1358 2875 1488 2958 3⁸2-

901 2959 1235 3022 titutionis.

615 3039 703 3091 Au
738 3037 764 3088 1
798 3037 1009 3106 Vnsr's,
1042 3055 1199 3104 super
1212 3039 1442 3104 psalmos
1465 3037 1591 3090 Ant.

550 3106 597 3158 Ο
623 3114 779 3170 qnam
800 3105 1112 3154 metuendus
1144 3102 1199 3170 (ἓ
1228 3105 1361 3170 164).
1392 3104 1594 3156 Psalmi

555 3171 812 3223 Feriales.

623 3236 815 3303 Gap'm,
840 3235 1009 3300 Etiam,
1042 3245 1091 3287 et
1114 3244 1283 3287 cetera
1315 3237 1504 3299 omnia,
1527 3237 1592 3288 si·

550 3312 634 3356 cut
660 3304 721 3354 in
742 3302 925 3368 prima
947 3301 1033 3354 die
1069 3303 1142 3353 ad
1170 3304 1369 3367 primas
1406 3302 1592 3367 Vesp's,

549 3369 767 3422 cumbae
786 3366 1045 3432 Oratione,
1062 3368 1208 3419 Deus
1228 3369 1318 3434 qui
1334 3367 1488 3419 nobis
1499 3384 1593 3434 per

550 3436 788 3502 singulos
809 3431 865 3501 (ᾖ
894 3433 1024 3503 166).

614 3502 702 3553 An
743 3503 890 3552 Mar.
930 3514 999 3550 nr
1032 3513 1113 3550 An
1146 3499 1381 3549 Lamias
1419 3501 1594 3550 omnia

546 3568 682 3634 fiant
730 3568 861 3619 sicut
897 3567 957 3618 in
980 3567 1164 3634 prima
1202 3565 1288 3618 die
1336 3565 1470 3633 [cum
1514 3566 1594 3616 his

550 3633 886 3700 lectionibus}
1412 3629 1534 3682 Leo.
1545 3631 1592 3697 j.

632 3712 913 3750 omninum
936 3699 1159 3763 videtur,
1193 3699 1395 3761 fratres,
1414 3698 1592 3748 solen-

646 3765 801 3815 nitati
825 3781 981 3830 quam
1004 3767 1244 3828 colimuS,
1281 3764 1344 3814 de
1368 3763 1594 3815 aedifica-

549 3831 695 3882 tione
729 3831 913 3898 templi
947 3831 1124 3898 aliqua
1157 3845 1591 3894 commemorare3

1270 428 1316 469 m
1344 424 1678 468 nnmculouss
1705 422 1985 466 sccmsm.

2384 409 2439 477 (9
2463 413 2713 467 les-195

1824 2355 2028 2422 195.)
2067 2356 2130 2408 Si
2149 2359 2349 2424 festum
2370 2358 2437 2425 iij
2466 2361 2744 2413 lectionum

1691 2423 1726 2473 Ῑι
1793 2440 1881 2475 em
1888 2425 2141 2489 proprias
2158 2425 2397 2475 lectiones
2409 2425 2511 2476 hac
2530 2427 2623 2480 die
2641 2445 2742 2479 eve-

1691 2490 1844 2552 nerit,
1863 2491 2008 2556 fiant
2040 2490 2105 2540 de
2137 2490 2247 2555 ipso
2275 2491 2460 2542 medice
2483 2493 2742 2544 lectiones.

1695 2553 1778 2621 [Si
1793 2554 1942 2623 ποπε]
2497 2556 2629 2610 Leo.
2651 2559 2744 2625 iiij.

1784 2635 1888 2671 uos
1928 2622 2179 2673 videlicet
2223 2621 2428 2687 lapides
2469 2640 2574 2674 rex
2620 2641 2744 2690 qua-

1694 2633 1781 2748 (Q)
1803 2689 1939 2738 drari
1961 2689 2224 2755 pracepit,
2247 2695 2306 2738 ut
2327 2691 2624 2754 magistros
2649 2692 2746 2742 Ee·

1693 2754 1868 2804 clesiae
1909 2756 2228 2820 compositos
2267 2754 2505 2806 moribus
2553 2764 2611 2808 et
2656 2758 2747 2808 im-

1691 2820 1914 2871 mobiles
1938 2822 2114 2870 animo
2135 2836 2251 2871 esse
2269 2820 2461 2871 debere
2481 2822 2531 2871 si
2577 2831 2746 2873 naret.

1696 2884 1932 2952 [Initium
1962 2885 2084 2936 Leo.
2116 2885 2204 2952 iiij
2231 2886 2292 2936 in
2328 2887 2416 2936 Pr.
2453 2887 2517 2938 L.

1694 2952 1834 3002 enim
1872 2952 2196 3017 quadratum,
2234 2966 2560 3018 quocunque
2585 2957 2750 3006 verti·

1691 3022 1791 3079 tur,
1833 3024 1950 3081 stat,
1989 3020 2064 3068 ita
2086 3019 2439 3083 perfectorum
2476 3021 2598 3071 vita
2630 3021 2753 3072 nul-

1691 3083 1759 3134 lis
1809 3085 2160 3135 tentationum
2207 3083 2529 3149 impulsibus
2575 3104 2610 3136 a
2657 3103 2753 3138 aua

1693 3149 1979 3201 stabilitate
2004 3150 2158 3214 dejici
2182 3152 2351 3200 novit.

1781 3231 1891 3266 aar
1926 3223 2101 3267 antem
2132 3216 2443 3281 praedictum
2481 3222 2599 3268 tem
2642 3219 2756 3269 lum

1797 3282 1862 3333 de
1884 3298 2138 3333 marmore
2161 3282 2318 3333 Pario
2356 3282 2471 3347 (qui
2494 3289 2587 3335 est
2637 3285 2755 3351 apis

1693 3348 1881 3412 albus)
1947 3353 2264 3410 extructum,
2332 3353 2395 3398 ut
2453 3350 2758 3402 eandorem
2828 3367 2829 3370 ¹

1693 3415 2063 3466 ecclesiasticae
2098 3415 2352 3465 castitatis
2405 3418 2756 3480 exprimeret.

1692 3481 1938 3531 Habebat
1959 3496 2084 3531 vero
2123 3481 2398 3546 sexaginta
2433 3481 2665 3534 cubitos
2702 3484 2756 3533 in

1691 3546 2041 3612 longitudine,
2067 3553 2120 3597 et
2141 3547 2334 3613 viginti
2354 3548 2413 3597 in
2434 3546 2756 3608 latitudine,

1693 3615 1747 3663 et
1768 3613 1984 3678 triginta
2003 3614 2060 3664 in
2084 3612 2377 3664 altitudine.

1822 3694 1943 3746 Leo.
1968 3695 2032 3761 vj.
2060 3693 2150 3762 [In
2171 3695 2256 3744 Pr.
2283 3694 2343 3756 L,
2369 3692 2496 3746 Leo.
2524 3695 2598 3762 v.]
2828 3739 2829 3742 ,

1777 3773 2060 3812 oncri-uno
2111 3760 2293 3826 templi
2331 3759 2491 3810 fidem
2537 3768 2756 3812 sancta

1691 3777 2038 3890 lLEcclesiae
2050 3826 2308 3892 designat,
2326 3841 2423 3892 per
2439 3842 2615 3892 quam
2634 3828 2756 3879 lon·

2600 2889 2752 2940 Sicut
2828 2922 2829 2939 η

2543 3152 2684 3204 Lec.
2707 3171 2750 3203 v.
2828 3191 2829 3211 ,
