2910 4457
553 432 683 522 xlvj

1381 447 1431 487 m
1460 447 1686 489 officum
1713 449 1906 490 navum

2444 435 2561 502 (An
2591 440 2621 501 5
2642 439 2717 489 115

554 583 879 650 intelligatur
910 582 1135 649 oportet)
1175 581 1451 635 Servitium
1484 582 1608 634 Diei
1639 583 1715 632 ita
1746 581 2072 633 Beatissimae
2106 597 2320 648 quoque
2339 584 2593 653 Virginis
2619 589 2719 639 Offi-

559 669 696 717 cium
723 668 1251 718 Commemorativum
1275 675 1400 730 erat,
1425 674 1498 731 ut,
1525 667 1959 731 quemadmodum
1980 667 2037 717 in
2066 667 2307 731 ejusdem
2331 669 2494 719 festis
2522 677 2575 720 et
2592 671 2720 722 Com-

557 749 1019 800 memorationibus
1037 749 1538 814 Hebdomadalibus,
1565 750 1743 801 Officii
1766 751 1878 816 ejus
1896 750 2054 800 Parvi
2077 749 2276 800 additio
2302 766 2405 816 pro
2431 768 2550 802 non
2568 770 2721 805 neces-

557 834 695 883 saria
715 832 1009 884 haberetur.

654 917 736 965 De
760 913 994 979 ejusdem
1015 929 1141 965 vero
1165 913 1300 965 Diiae
1322 915 1527 966 Nostrae
1551 914 1723 966 Officii
1746 915 2070 979 antiquitate,
2107 929 2174 963 ex
2207 913 2534 983 Du-Cangii
2558 919 2722 971 Media

557 1004 604 1046 et
627 996 828 1059 Infimoe
850 996 1153 1048 Latinitatis
1180 997 1443 1049 Glossario
1466 997 1851 1065 paragraphum
1874 1001 2174 1061 sequentem
2202 997 2544 1049 exscribam:

657 1079 1058 1131 “Matidinarim
1088 1081 1279 1131 Cisrsus
1301 1080 1366 1131 B.
1391 1081 1595 1132 Mariae.
1621 1082 1783 1148 Hugo
1806 1080 2096 1131 Flaviniac.
2131 1094 2217 1129 an.
2242 1081 2358 1144 961,
2384 1098 2444 1148 p.
2480 1087 2606 1135 135:
2644 1085 2725 1147 Qui

561 1162 711 1229 “tuno
731 1161 880 1228 forte
910 1163 1015 1214 solo
1039 1171 1340 1228 prostratus
1371 1163 1765 1214 matutinarium
1796 1162 1974 1213 Beatoe
2008 1160 2238 1227 Virginis
2270 1160 2606 1218 decantabat
2628 1185 2723 1218 cur-

562 1244 716 1294 “sum.
745 1243 895 1294 Unde
919 1244 1083 1309 liquet
1108 1245 1347 1295 Officium
1371 1247 1431 1296 B.
1457 1247 1690 1312 Virginis
1714 1247 1769 1294 in
1793 1244 2033 1295 Ecclesia
2054 1246 2491 1310 perantiquum.''

654 1325 855 1388 Quibus
892 1333 1066 1376 autem
1102 1327 1283 1379 diebus
1311 1329 1635 1378 Beatissimae
1664 1328 1896 1394 Virginis
1920 1327 2165 1392 Vesperae
2194 1332 2246 1378 et
2275 1328 2589 1396 Matutinae,
2623 1349 2724 1398 pro·

555 1410 665 1475 prie
689 1410 766 1459 sic
796 1409 1026 1475 dictaeo),
1063 1410 1120 1461 in
1143 1420 1393 1462 conventu
1416 1412 1550 1476 (sive
1577 1412 1636 1461 in
1665 1410 1855 1475 choro),
1885 1409 2074 1475 quibus
2102 1417 2269 1473 θεοῖν-α,
2300 1400 2555 1464 dicendae
2583 1422 2726 1476 erant,

555 1492 738 1543 ultima
765 1494 973 1558 quidem
1008 1496 1258 1545 sectionis
1288 1495 1382 1544 125
1414 1494 1638 1557 rubrica,
1662 1521 1727 1528 —
1755 1509 1820 1543 ex
1851 1494 2103 1559 impresso
2132 1492 2197 1554 A,
2232 1493 2389 1557 cujus
2421 1495 2726 1563 plerumque

557 1578 917 1627 auctoritatem
939 1577 1036 1628 Ed.
1071 1583 1253 1629 nostra
1281 1579 1529 1642 sequitur,
1561 1577 1835 1643 exscripta,
1854 1603 1919 1614 —
1943 1575 2129 1626 docere
2154 1567 2467 1642 profitetur3
2511 1596 2727 1646 sequens

556 1665 746 1721 autem,
782 1675 897 1724 quse
930 1662 986 1710 in
1009 1669 1186 1712 vetere
1210 1661 1360 1711 MSto
1386 1660 1430 1709 L
1467 1659 1760 1710 immediate
1791 1665 1914 1725 post
1935 1657 2069 1709 Dflae
2093 1659 2298 1709 Nostrae
2320 1659 2602 1727 vesperas
2636 1664 2730 1713 Ad·

555 1742 827 1792 ventuales
862 1742 934 1808 (V.
969 1746 1118 1808 infra,
1156 1761 1206 1810 p.
1240 1743 1391 1810 xlvij)
1427 1745 1676 1809 sequitur,
1712 1759 1819 1793 non
1853 1743 2059 1809 plenior
2093 1747 2310 1806 tantum,
2346 1744 2449 1793 sed
2481 1752 2541 1795 et
2574 1748 2729 1814 magis

557 1831 814 1888 accurata,
841 1842 954 1877 esse
979 1826 1210 1890 videtum
1238 1831 1288 1876 et
1310 1830 1560 1892 praeterea
1583 1825 1648 1876 de
1674 1826 1860 1876 ceteris
1884 1825 2043 1875 Horis
2067 1824 2312 1874 nonnihil
2336 1825 2525 1876 addit:

659 1907 760 1957 “Et
776 1908 1037 1959 sciendum
1055 1917 1142 1972 est,
1167 1909 1303 1975 quod
1316 1925 1415 1974 per
1433 1916 1593 1959 totum
1608 1925 1804 1958 annum
1820 1908 2036 1974 singulis
2053 1907 2231 1958 diebus
2253 1909 2517 1961 dicuntur
2538 1910 2727 1978 [Vesp.]

560 1991 637 2041 “et
657 1990 785 2041 Mat.
815 1991 880 2042 de
907 1989 963 2041 S.
993 1991 1172 2042 Maria
1199 1993 1257 2043 in
1276 1992 1457 2053 chor-03
1486 1992 1592 2041 nisi
1618 1990 1843 2057 infestis
1870 1989 2177 2055 duplicibus,
2206 1997 2252 2040 et
2280 1990 2339 2039 in
2386 1990 2503 2058 Viy.
2534 1992 2729 2043 Natalis

560 2074 714 2137 “Diii,
745 2082 793 2125 et
811 2074 996 2125 abhinc
1013 2092 1169 2142 usque
1195 2076 1267 2126 ad
1292 2074 1400 2126 Oct.
1422 2075 1479 2126 S.
1499 2073 1768 2140 Stephani,
1794 2082 1842 2125 et
1857 2074 1961 2124 nisi
1976 2073 2034 2123 in
2065 2071 2174 2139 Viq.
2195 2072 2546 2138 Epiphaniae,
2576 2084 2626 2126 et
2644 2077 2731 2126 nisi
2808 2087 2809 2102 ¹

559 2159 622 2206 “a
651 2156 882 2223 Vesperis
901 2166 1081 2223 quarte
1094 2159 1307 2225 ferie(¹’)
1322 2167 1440 2209 ante
1465 2158 1653 2209 Oenam
1670 2156 1784 2207 Dm
1809 2172 1964 2222 usque
1988 2156 2047 2206 in
2075 2155 2362 2206 crastinum
2388 2155 2503 2207 Oct.
2524 2156 2730 2219 Pascha,

559 2242 634 2291 “et
661 2241 763 2291 nisi
777 2258 881 2306 per
909 2243 1242 2294 ebdomadam
1260 2241 1409 2293 Pent.
1444 2250 1492 2292 et
1498 2257 1602 2306 per
1628 2240 1734 2290 Oct.
1755 2238 2120 2291 Dedicacionis
2138 2237 2385 2290 Ecclesie.
2413 2238 2601 2293 Uetere
2626 2258 2732 2292 vero

559 2323 747 2386 “Hore,
764 2324 954 2375 scilicet
971 2324 1170 2389 Prima,
1202 2325 1392 2388 Tertia,
1419 2323 1596 2389 Sexta,
1616 2332 1663 2376 et
1681 2323 1851 2388 Nona,
1876 2331 1924 2374 et
1947 2314 2357 2388 Ompletorium,
2376 2323 2435 2374 in
2454 2324 2622 2375 choro
2641 2342 2733 2374 non

559 2404 883 2455 “dicuntum''
902 2403 986 2471 (V.
1007 2415 1179 2458 autem
1199 2408 1264 2457 ad
1283 2410 1314 2469 ἓ
1337 2407 1472 2476 125.)

655 2488 758 2538 Sed
789 2493 840 2538 et
867 2495 1171 2553 sequentem
1190 2491 1253 2540 de
1274 2490 1465 2541 Officio
1485 2488 1620 2539 Dfiae
1638 2490 1840 2540 Nostrae
1856 2488 2117 2539 rubricam
2134 2486 2611 2555 generalem,quae
2629 2492 2683 2540 in
2699 2491 2734 2539 L
2810 2512 2811 2555 j

553 2571 849 2623 immediate
883 2578 1005 2638 post
1049 2574 1204 2624 modo
1242 2574 1511 2625 laudatam
1544 2574 1750 2640 legitur,
1788 2573 1999 2623 omnino
2036 2586 2206 2637 operae
2241 2572 2477 2637 pretium
2518 2574 2624 2622 erit
2661 2589 2737 2621 ex·
2810 2572 2811 2599 ἶ

558 2654 799 2705 scribere:

660 2735 763 2786 “Et
791 2737 1076 2789 notandum
1101 2746 1172 2790 est
1199 2738 1335 2805 quod
1362 2747 1484 2790 ante
1511 2740 1854 2805 incepcionem
1877 2737 2217 2804 Vesperarum
2234 2745 2282 2789 et
2302 2737 2434 2788 Mat.
2457 2739 2529 2791 de
2548 2738 2612 2791 S.
2634 2739 2742 2789 Ma-

564 2820 677 2870 “ria
704 2837 811 2871 non
829 2821 913 2872 d'r
936 2822 1094 2871 Pater
1121 2826 1299 2872 noster
1328 2839 1420 2873 nec
1438 2822 1553 2872 Aue
1575 2823 1744 2873 Maria
1769 2822 1828 2872 in
1854 2821 2144 2883 audiencia,
2168 2836 2264 2871 nec
2284 2820 2446 2871 eciam
2469 2822 2565 2872 sub
2590 2825 2744 2875 silen-

566 2901 753 2967 “cio(‘),
774 2920 879 2968 per
903 2911 1060 2953 totum
1082 2921 1292 2967 annum,
1324 2905 1533 2970 quando
1562 2922 1667 2955 non
1692 2904 1914 2956 Plenum
1942 2903 2228 2955 Servicium
2240 2903 2314 2969 fit
2341 2904 2419 2981 de·
2446 2906 2603 2970 ea.(f)
2646 2905 2747 2957 Sed

647 3026 686 3090 t)
713 3026 772 3074 In
804 3026 1075 3076 Matutinis
1093 3029 1315 3093 proprie
1346 3030 1417 3079 sic
1445 3029 1595 3080 dictis

565 3092 904 3142 includuntur
921 3091 1153 3143 Laudes:
1179 3096 1462 3159 quinimmo
1480 3096 1593 3146 Ma-

560 3160 738 3209 tutinae
764 3159 1051 3208 rectissime
1071 3160 1149 3209 sic
1174 3160 1324 3211 dictae
1343 3162 1475 3211 nihil
1502 3162 1594 3210 ali-

559 3226 630 3275 ud
655 3241 812 3290 quam
829 3223 1039 3275 Laudes
1062 3233 1207 3288 sunt3
1236 3229 1435 3278 etiamsi
1462 3228 1594 3279 Noc-

560 3293 719 3355 turni,
737 3293 854 3343 ideo
873 3293 1096 3357 primum
1113 3293 1167 3342 in
1185 3295 1410 3344 nominis
1428 3296 1593 3344 socie-

560 3366 719 3408 tatem
737 3358 966 3421 admissi,
990 3359 1130 3422 quod
1152 3359 1338 3410 iisdem
1369 3360 1594 3425 plerum-

563 3441 662 3488 que
687 3426 1041 3491 praeponendo
1072 3425 1506 3492 adjungebantur,
1538 3429 1591 3476 in

562 3492 743 3558 lingua
774 3492 1027 3542 hodierna
1060 3508 1251 3541 nomen
1282 3494 1455 3557 ipsum
1487 3493 1593 3542 fere

558 3574 704 3607 suum
726 3560 914 3609 fecisse
938 3558 1196 3610 videntur.

638 3624 685 3686 b)
703 3624 875 3689 Hujus
898 3627 1065 3686 vociS,
1090 3631 1142 3674 et
1163 3626 1351 3690 partim
1374 3624 1595 3675 aliorum

563 3691 982 3820 qu‘iiinssammbm'
925 3692 1084 3807 pez-{¹2
1099 3693 1343 3809 ῗὲῖῗῗὲ
1376 3756 1442 3806 ad
1468 3757 1497 3818 5
1516 3759 1579 3808 98

734 3792 746 3806 .
805 3793 818 3805 .
1247 3797 1259 3808 .
1339 3796 1350 3807 .
1586 3795 1598 3820 ,

561 3838 612 3887 p.
637 3823 813 3886 xxxvj.
840 3824 1284 3890 Distinguendum
1317 3829 1507 3888 autem,
1542 3830 1599 3874 ut

1694 3029 1915 3092 videtur,
1949 3031 2084 3079 inter
2116 3044 2283 3079 vocem
2305 3027 2627 3080 submissam
2651 3044 2751 3095 qua

1695 3093 1860 3146 Pater
1892 3103 2064 3146 noster
2098 3101 2151 3145 ct
2188 3093 2298 3144 Ave
2333 3093 2522 3144 Maria
2562 3097 2667 3159 (cf.
2696 3095 2749 3145 in

1694 3164 1846 3212 Fasc.
1866 3161 1905 3225 1,
1925 3163 2010 3211 Pr.
2030 3162 2061 3211 5
2078 3162 2132 3226 a)
2158 3161 2342 3210 aliaeve
2369 3161 2641 3211 omnibus
2660 3172 2751 3212 no·

1694 3233 1763 3278 tae
1801 3228 2036 3278 formulae
2074 3228 2139 3276 ab
2176 3242 2509 3290 unoquoque
2550 3244 2663 3292 pro
2700 3243 2750 3276 se

1696 3301 1915 3358 secreto,
1952 3300 2003 3344 et
2026 3309 2143 3358 qua,
2167 3294 2302 3342 utin
2327 3293 2357 3352 ἓ
2384 3295 2467 3355 98,
2497 3294 2750 3357 quaedam

1697 3360 2001 3411 officiorum
2033 3366 2204 3426 partes
2240 3358 2305 3409 ab
2341 3374 2452 3407 uno
2491 3360 2590 3409 vel
2643 3361 2751 3425 qui·

1693 3426 1915 3477 busdam
1947 3442 2040 3491 pro
2076 3426 2278 3475 cunctis
2315 3424 2509 3474 humili
2533 3434 2752 3476 tantum

1695 3508 1842 3555 voce,
1869 3492 2101 3543 dicendae
2125 3496 2288 3541 erant.

1780 3560 1817 3625 f)
1853 3559 1989 3609 Ante
2036 3559 2294 3623 Vesperas
2342 3562 2395 3605 et
2439 3558 2751 3610 Matutinas

1696 3624 1901 3676 Par-vas
1930 3626 1993 3675 de
2026 3626 2085 3673 B.
2110 3624 2326 3689 Virgine
2360 3622 2487 3674 ideo
2524 3644 2655 3677 non
2684 3626 2754 3674 di·

1697 3692 1910 3743 cebatur
1941 3692 2051 3741 Ave
2075 3690 2266 3750 Maria,
2303 3689 2448 3752 quod
2485 3692 2754 3759 Vesperis

1698 3765 1750 3808 et
1766 3758 2036 3807 Matutinis
2049 3756 2112 3807 de
2124 3756 2224 3805 Die
2241 3757 2572 3820 respective,
2594 3768 2661 3807 ut
2676 3774 2755 3807 ea-

1698 3825 1915 3876 rundem
1939 3822 2217 3889 appendiX,
2251 3821 2753 3888 subjungebantur.
