2910 4457
1065 423 1139 461 An
1178 424 1311 463 mr.
1340 424 1409 464 m·
1450 424 1676 464 uenas.
2319 405 2397 465 27

345 536 459 587 Dfis
477 537 610 586 sicut
630 535 800 597 pluvia
830 536 886 585 in
917 534 1097 586 vellus.
1120 535 1325 586 Orietur

350 601 406 649 in
443 600 620 648 diebus
651 599 763 660 ejus
790 599 1016 660 justitia,
1060 599 1124 648 Et
1155 599 1328 647 abun-

348 662 523 712 dantia
545 661 702 721 pacis.
728 659 791 723 521.
814 661 879 710 Et
904 662 1187 710 adorabunt
1208 673 1325 710 eum

348 735 526 772 omnes
541 736 684 784 reges
699 736 904 773 :omnes
920 727 1092 783 gentes
1108 724 1329 772 servient

349 786 414 835 ei.
461 786 667 835 Orietur
711 786 767 834 in
798 786 999 835 diebus.
1028 785 1220 836 Gloria.
1263 786 1328 835 Et

347 848 677 897 abundantia.

413 916 445 964 ¹11
478 910 547 957 In
579 909 642 970 iij
683 913 816 957 noct.
856 908 1147 958 Secundum
1186 907 1330 960 Mat-

352 970 562 1019 thaeum.
605 971 685 1034 [V.
720 984 769 1031 p.
800 971 850 1021 7.
909 970 1052 1032 (Cap.
1085 970 1148 1031 oej
1177 970 1262 1030 A.)

352 1043 440 1144 ΙΝ
466 1033 551 1081 illo
575 1037 811 1093 tempore,
877 1045 966 1081 um
998 1034 1224 1082 audisset
1243 1032 1330 1081 Jo-

407 1095 598 1144 hannes
620 1096 673 1143 in
708 1096 928 1143 vinculis
948 1108 1097 1155 opera
1121 1094 1326 1153 Christi,

352 1157 563 1206 mittens
583 1158 711 1206 duos
736 1158 798 1206 de
828 1157 1092 1217 discipulis
1114 1158 1241 1214 suis,
1259 1157 1332 1205 ait

354 1219 450 1268 illi.
466 1220 543 1267 Tu
557 1232 608 1268 es
624 1219 712 1280 qui
736 1224 981 1274 venturus
997 1232 1066 1279 eS,
1086 1232 1153 1268 an
1170 1220 1328 1268 alium

352 1283 707 1342 expectamus?
745 1280 811 1329 Et
847 1281 1060 1340 reliqua.

427 1343 659 1392 Homelia
680 1343 738 1391 B.
762 1342 993 1403 Gregorii
1014 1343 1180 1401 Papae.

413 1404 549 1453 Lect.
570 1405 662 1465 υϋ.
693 1405 1037 1465 Quaerendum
1068 1403 1215 1453 nobis
1236 1408 1328 1463 est,

353 1466 532 1515 fratres
574 1466 879 1525 charissimi,
922 1466 1181 1514 Johannes
1218 1477 1333 1524 pro-

353 1530 502 1589 pheta
540 1534 589 1577 et
620 1530 732 1588 plus
756 1540 918 1589 quam
953 1528 1214 1587 propheta,
1240 1526 1329 1587 qui

354 1591 636 1640 venientem
686 1591 749 1638 ad
787 1590 1028 1639 Jordanis
1079 1590 1329 1648 baptisma

353 1653 491 1702 Dnm
524 1652 758 1712 ostendit,
782 1653 971 1710 dicenS,
994 1651 1119 1700 Ecce
1136 1649 1331 1711 ,Agnus

353 1715 449 1764 Dei
472 1730 486 1764 z
510 1726 618 1762 ecce
636 1715 724 1774 qui
751 1714 880 1762 tollit
908 1719 1101 1774 peccata
1126 1713 1328 1772 mundi,

353 1778 446 1836 qui
461 1781 509 1824 et
519 1776 856 1824 humilitatem
868 1788 1015 1824 suam
1033 1781 1080 1823 et
1093 1775 1334 1824 divinita-

354 1838 1330 1898 tisejuspotentiamconsideran5,dixit,

357 1901 462 1961 Qui
483 1901 545 1948 de
570 1905 703 1948 terra
734 1904 808 1947 est
838 1900 899 1948 de
921 1904 1053 1947 terra
1073 1900 1325 1959 loquitur:

356 1962 447 2023 qui
469 1967 640 2010 autem
672 1962 733 2010 de
753 1961 874 2009 coelo
896 1962 1033 2009 venit
1052 1972 1201 2020 super
1223 1973 1334 2009 om-

357 2036 448 2073 nes
468 2029 560 2082 est,
593 2037 684 2072 cur
707 2024 762 2071 in
783 2036 978 2072 carcere
998 2024 1193 2083 positus
1212 2023 1336 2070 mit-

357 2092 470 2135 tens
488 2085 764 2146 discipulos
796 2086 1012 2145 requirit
1034 2101 1048 2134 ι
1069 2085 1148 2133 Tu
1170 2096 1223 2132 es
1245 2082 1334 2142 qui

358 2152 606 2196 venturus
627 2161 698 2204 es,
722 2160 788 2196 an
807 2147 968 2195 alium
985 2147 1334 2205 expectamus?

359 2210 626 2271 Tanquam
663 2210 709 2259 si
742 2209 938 2270 ignoret
977 2220 1127 2269 quem
1170 2211 1337 2256 osten-

359 2273 532 2336 derat3
565 2279 613 2321 et
634 2285 702 2320 an
725 2272 829 2331 ipse
850 2272 918 2320 sit
944 2271 1159 2328 nesciat,
1183 2281 1335 2329 quem

360 2335 530 2395 ipsum
553 2347 659 2383 esse
692 2333 1050 2394 prophetando,
1085 2332 1341 2391 baptizan-

363 2397 445 2457 d0,
463 2396 766 2445 ostendendo
781 2396 1102 2443 clamaverat.
1124 2395 1219 2443 Sed
1233 2394 1339 2442 haec

360 2459 571 2519 quaestio
592 2458 742 2506 citius
765 2458 978 2506 solvitur
998 2456 1073 2506 :si
1096 2456 1163 2505 rei
1190 2459 1337 2516 gestae

359 2527 562 2580 tempus
577 2525 624 2569 et
646 2522 766 2569 ordo
789 2524 1042 2580 pensetur.
1068 2529 1115 2581 132
1131 2518 1182 2568 7.
1205 2517 1339 2567 Veni

359 2582 487 2641 Dfie,
513 2587 560 2631 et
577 2583 676 2629 noli
701 2583 899 2631 tardare
917 2581 1103 2631 :relaxa
1117 2579 1338 2629 facinora

361 2645 494 2703 plebi
534 2649 651 2691 tuae.
682 2643 747 2692 Et
783 2657 956 2693 revoca
989 2644 1241 2703 dispersos
1282 2643 1338 2690 in

363 2710 550 2757 terram
573 2717 739 2753 suam.
761 2704 822 2767 ψ.
839 2705 1014 2754 Excita
1035 2705 1145 2753 Due
1169 2709 1340 2764 poten·

367 2766 493 2814 tiam
518 2771 660 2813 tuam
691 2771 738 2814 et
767 2767 901 2826 veni,
923 2771 983 2813 ut
1002 2767 1166 2815 salvos
1187 2766 1339 2814 facias

366 2840 479 2876 noS.
506 2826 573 2875 Et
594 2839 767 2875 revoca
788 2829 1059 2888 dispersos.

426 2889 563 2938 Lect.
615 2887 725 2949 viij.
780 2890 863 2938 Ad
915 2889 1155 2937 Jordanis
1200 2888 1338 2938 enim

364 2952 554 3001 fluenta
577 2950 770 3011 positus
795 2951 1070 3010 JohanneS,
1094 2951 1213 3010 quia
1236 2951 1341 3010 ipse

363 3015 669 3074 Redemptor
701 3013 885 3061 mundi
916 3018 1045 3061 esset
1076 3013 1291 3061 asseruit
1326 3028 1339 3063 z

365 3077 556 3124 missus
576 3080 745 3124 autem
778 3076 832 3124 in
855 3087 1123 3133 carcerem,
1147 3086 1213 3122 an
1237 3074 1342 3134 ipse

365 3139 535 3186 veniat
569 3138 799 3197 requirit.
822 3138 935 3187 Non
969 3137 1087 3198 quia
1118 3137 1223 3196 ipse
1241 3138 1343 3185 Re-

365 3200 676 3259 demptorem
730 3201 911 3248 mundi
964 3199 1159 3248 dubitet
1201 3213 1215 3247 z
1255 3199 1340 3247 sed

367 3262 584 3322 requirit
608 3267 665 3309 ut
685 3261 811 3308 sciat
835 3263 880 3310 si
911 3261 956 3309 is
987 3262 1077 3322 qui
1107 3273 1192 3321 per
1213 3261 1340 3308 sein

367 3325 622 3373 mundum
646 3328 849 3371 venerat
865 3360 877 3381 ,
917 3336 1006 3383 per
1032 3336 1084 3372 se
1104 3323 1256 3372 etiam
1279 3323 1341 3370 ad

369 3385 554 3434 inferni
595 3386 818 3434 claustra
847 3386 1133 3434 descendat.
1176 3384 1342 3444 Quem

370 3448 505 3496 enim
529 3459 840 3506 praecurrens
861 3449 1054 3496 mundo
1075 3447 1344 3495 nuntiave-

371 3513 478 3566 rat,
500 3509 637 3557 hunc
657 3510 919 3559 moriendo
936 3510 998 3557 ad
1021 3508 1208 3558 inferos
1225 3521 1346 3568 prae-

372 3571 620 3620 currebat.
652 3582 697 3632 13²
732 3571 783 3620 8.
823 3571 1110 3631 Erumpunt
1147 3576 1344 3620 montes

1419 538 1783 599 jocunditatem
1819 543 1907 589 :et
1944 538 2093 589 colles
2123 538 2399 600 justitiam.

1424 601 1559 661 Quia
1584 602 1668 649 lux
1700 601 1884 649 mundi
1903 601 2013 651 Dfis
2040 613 2157 649 cum
2178 602 2401 662 potentia

1423 663 1580 711 venit.
1629 661 1692 722 ys,
1733 664 1866 712 Leva
1910 664 2230 712 Hierusalem
2280 676 2402 712 ocu-

1425 725 1500 834 los
1543 728 1591 773 et
1630 726 1743 774 vide
1769 726 2041 785 potentiam
2070 726 2245 787 RegiS.
2268 725 2403 786 Quia

1444 799 1530 835 ux.

1489 847 1624 896 Lect.
1646 849 1723 897 ix.
1737 847 1829 897 Ait
1844 861 1980 910 ergo,
1999 850 2077 899 Tu
2091 861 2147 898 es
2160 849 2251 910 qui
2271 859 2404 897 ven-

1425 915 1576 957 turus
1596 923 1667 971 es,
1686 924 1749 960 an
1769 911 1927 960 alium
1950 909 2403 971 expectamus‘tAc

1424 972 1471 1021 si
1504 978 1671 1031 aperte
1708 972 1858 1032 dicat,
1903 974 1957 1022 Si
1985 986 2076 1033 pro
2106 972 2403 1021 hominibus

1426 1034 1567 1082 nasci
1589 1035 1830 1096 dignatus
1849 1047 1919 1094 eS,
1943 1048 2010 1083 an
2033 1036 2184 1084 etiam
2209 1048 2297 1094 pro
2318 1034 2403 1082 ho-

1425 1096 1656 1146 minibus
1686 1098 1817 1145 mori
1838 1098 2065 1158 digneris
2086 1098 2291 1144 insinua
2314 1101 2404 1146 :ut

1424 1158 1512 1218 qui
1536 1160 1816 1208 nativitatis
1835 1164 1934 1207 tuae
1950 1172 2228 1219 praecursor
2243 1158 2401 1216 extiti,

1423 1221 1606 1268 mortis
1646 1222 1797 1271 etiam
1833 1233 2110 1280 praecursor
2152 1222 2273 1269 fiam
2311 1233 2324 1269 z
2355 1224 2405 1269 et

1424 1287 1700 1331 venturum
1766 1282 1963 1331 inferno
2023 1289 2072 1332 te
2135 1282 2400 1339 nuntiem,

1425 1356 1578 1404 quem
1597 1346 1704 1403 jam
1726 1346 1924 1394 venisse
1939 1346 2131 1393 mundo
2147 1343 2403 1392 nuntiavi.

1425 1416 1473 1467 132
1503 1404 1554 1454 9.
1586 1408 1710 1456 Ecce
1744 1408 1885 1455 radix
1916 1408 2057 1456 Jesse
2089 1407 2320 1455 ascendet
2349 1404 2404 1452 in

1425 1468 1639 1518 salutem
1682 1471 1983 1530 populorum
2024 1485 2038 1519 ι
2076 1470 2244 1528 ipsum
2284 1479 2407 1528 gen-

1427 1533 1502 1577 tes
1532 1531 1951 1591 deprecabuntur.
1988 1532 2054 1580 Et
2084 1531 2180 1579 erit
2221 1537 2404 1577 nomen

1429 1591 1542 1650 eJus
1575 1594 1872 1654 gloriosum.
1895 1592 1957 1654 ψ.
1986 1593 2052 1643 Et
2082 1593 2178 1641 erit
2205 1590 2405 1652 justitia

1428 1654 1695 1713 cingulum
1730 1656 2019 1704 lumborum
2053 1655 2262 1713 ejus:et
2285 1652 2407 1701 fides

1427 1716 1733 1766 cinctorium
1783 1730 1963 1766 renum
2012 1717 2141 1777 ejuS.
2189 1716 2254 1764 Et
2290 1714 2404 1763 erit.

1426 1776 1620 1827 Gloria.
1643 1780 1709 1828 Et
1727 1780 1841 1827 erit.

1496 1834 1561 1905 [ἹῘ
1583 1839 1960 1962 Αητέ)13ααάεε]
1985 1839 2044 1902 Ῠ.
2070 1839 2258 1887 Emitte
2290 1836 2409 1898 Ag-

1428 1915 1556 1951 num
1607 1915 1656 1962 p.
1740 1938 1752 1950 .

1492 1965 1558 2012 In
1659 1963 1856 2011 adibus.
1878 1963 1942 2011 A.
1966 1964 2015 2011 1.
2036 1962 2217 2011 Veniet
2238 1962 2348 2009 Dfis
2366 1964 2416 2008 et

1435 2038 1539 2074 non
1578 2025 1817 2080 tardabit,
1865 2030 1912 2072 et
1958 2023 2269 2071 illuminabit
2306 2023 2419 2070 abs-

1431 2087 1634 2135 condita
1647 2087 1968 2134 tenebrarum
1983 2100 1995 2134 :
2013 2091 2060 2133 et
2077 2083 2419 2133 manifestabit

1432 2161 1486 2197 se
1517 2148 1580 2196 ad
1612 2160 1788 2195 omnes
1820 2153 2018 2207 gentem,
2050 2145 2290 2205 Alleluja.
2323 2145 2417 2193 Ps.

1434 2210 1547 2259 Dr'ls
1584 2209 1830 2269 regnavit.
1874 2210 1939 2258 A.
1970 2207 2020 2257 2.
2065 2206 2416 2266 Hierusalem,

1436 2273 1597 2334 gaude
1610 2273 1793 2331 gaudio
1804 2281 2006 2332 magno,
2018 2271 2135 2330 quia
2149 2270 2313 2318 veniet
2325 2270 2419 2317 tibi

1436 2334 1688 2392 Salvator,
1730 2333 1883 2382 All’a.
1915 2333 2007 2381 Ps.
2045 2333 2266 2381 Jubilate
2298 2332 2419 2380 Deo.

1435 2399 1501 2445 A.
1533 2397 1581 2444 3.
1604 2396 1742 2444 Dabo
1771 2396 1824 2444 in
1858 2395 1978 2444 Sion
2016 2396 2250 2454 salutem,
2284 2398 2332 2442 et
2362 2393 2416 2440 in

1435 2459 1756 2507 Hierusalem
1789 2457 2001 2518 gloriam
2041 2468 2227 2514 meam,
2263 2454 2418 2504 All'a.

1393 2531 1405 2535 ·
1438 2520 1529 2568 Ps.
1546 2520 1681 2568 Deus
1693 2520 1827 2568 Deus
1843 2531 2006 2568 meus,
2018 2520 2080 2567 A.
2094 2518 2143 2567 [ι.
2159 2514 2361 2569 Montes
2371 2521 2420 2565 et

1436 2595 1615 2631 omnes
1671 2582 1817 2630 colles
1871 2581 2311 2641 humiliabuntur3
2372 2582 2422 2627 et

1443 2649 1594 2692 erunt
1613 2656 1767 2703 prava
1790 2643 1842 2690 in
1869 2644 2075 2701 directa,
2099 2648 2147 2690 et
2167 2652 2343 2700 aspera
2365 2641 2417 2688 in

1437 2705 1548 2753 vias
1584 2706 1760 2765 planas
1784 2721 1798 2755 ι
1819 2705 1935 2753 veni
1956 2705 2084 2762 Dne,
2109 2708 2158 2751 et
2192 2703 2295 2750 noli
2319 2707 2423 2749 tar-

1437 2768 1575 2825 dare,
1600 2766 1752 2814 All'a.
1794 2767 1885 2815 Ps.
1911 2765 2199 2814 Benedicite
2229 2763 2422 2813 omnia.

1437 2830 1501 2877 A.
1524 2827 1571 2876 ὅ.
1582 2828 1612 2876 J
1618 2833 1727 2877 uste
1743 2833 1790 2876 et
1805 2829 1885 2888 pie
1894 2828 2146 2882 vivamus·‚
2161 2830 2424 2886 expectan-

1438 2896 1513 2940 tes
1536 2891 1732 2938 beatam
1760 2902 1900 2950 spem
1932 2895 1979 2938 et
2000 2891 2274 2939 adventum
2301 2887 2422 2936 nni.

1437 2953 1532 3001 Ps.
1560 2953 1801 3000 Laudate.
1930 2951 2093 3012 Cap.j
2107 2951 2221 3000 Cor.
2243 2949 2339 3010 iiij.
2358 2951 2422 2999 A.

1444 3027 1563 3106 qm
1588 3027 1679 3062 nos
1709 3014 1960 3062 existimet
1979 3014 2130 3061 homo
2157 3018 2215 3061 ut
2230 3012 2423 3061 minis-

1443 3093 1458 3118 ι
1493 3081 1621 3124 ,tros
1646 3075 1853 3135 Christi,
1877 3081 1925 3125 et
1939 3077 2310 3136 dispensatores
2331 3074 2425 3122 mi·

1439 3138 1767 3187 nisteriorum
1786 3139 1874 3186 Dei
1897 3154 1909 3188 ε
1943 3138 2024 3186 bic
2044 3139 2153 3198 jam
2177 3135 2424 3196 quaeritur

1440 3201 1573 3248 inter
1611 3201 1981 3260 dispensatores
2018 3204 2075 3246 ut
2108 3198 2269 3247 fidelis
2308 3196 2426 3257 quis

1440 3262 1749 3310 inveniatur.

1503 3324 1665 3384 Hym.
1697 3324 1801 3372 Vox
1822 3322 1955 3370 clara
1977 3333 2086 3371 ecce
2114 3319 2185 3382 (p.
2217 3319 2285 3380 9).

1502 3383 1566 3447 5⁷·
1590 3385 1696 3433 Vox
1718 3383 1983 3434 clamantis
2002 3382 2129 3445 (ia).

1503 3447 1567 3496 A.
1590 3446 1847 3496 Johannes
1876 3451 2043 3493 autem
2066 3457 2184 3492 cum
2204 3440 2427 3494 audisset

1441 3508 1495 3557 in
1533 3507 1751 3557 vinculis
1785 3520 1934 3568 opera
1964 3505 2177 3562 Christi,
2221 3504 2427 3555 mittens

1440 3572 1569 3621 duos
1593 3572 1656 3622 de
1675 3569 1937 3631 discipulis
1955 3569 2065 3619 suis
2075 3569 2147 3618 ait
2162 3567 2238 3616 illi
2253 3583 2266 3616 ι
2282 3568 2426 3617 Tues
