2910 4457
834 439 938 477 uos
962 435 1226 478 nrm—nn
1252 434 1441 477 rami.
2075 422 2184 479 xvii

158 571 311 626 nobis
335 571 563 642 quidem
586 571 767 639 magis
791 576 1199 623 consentaneum
1224 567 1448 621 videtur.
1520 567 1673 621 Adde
1692 566 1852 621 etiam
1877 568 2023 638 quod
2045 572 2181 623 ratio

157 658 216 711 in
267 658 494 729 Speculo
543 674 704 726 supra
759 663 1044 709 memorato
1091 654 1313 723 reddita,
1363 653 1514 725 (quae
1571 662 1751 707 tamen
1805 654 1875 707 ad
1929 655 2179 709 lectione·

160 748 434 815 praecipue
465 744 711 814 spectat,)
740 756 847 795 non
878 743 1058 795 minus
1087 742 1153 795 de
1186 741 1348 794 Pater
1380 750 1551 794 noster
1579 742 1687 794 solo
1722 740 1884 809 quam
1916 742 1981 795 de
2016 742 2180 794 Pater

158 844 338 887 noster
373 850 503 887 cum
540 832 651 884 Ave
685 828 874 883 Maria
908 831 991 883 vel
1031 828 1196 883 Credo
1232 836 1483 897 sequente
1516 826 2051 880 valet.·-—Meminerit
2083 845 2178 882 au-

158 927 277 972 tem
313 921 497 984 lector,
534 935 655 988 quae
692 917 757 970 de
797 918 1008 969 “Pater
1046 926 1229 969 noster.
1279 916 1359 968 Et
1393 932 1459 967 ne
1495 915 1622 968 &c.”
1660 914 1911 980 diximus,
1942 933 2022 981 ea,
2054 932 2176 970 mu·

161 1007 299 1057 tatis
330 1003 624 1069 mutandiS,
650 1003 715 1056 de
740 1006 772 1033 “
789 1003 951 1056 Credo
986 1004 1049 1054 in
1071 1002 1259 1054 Deum.
1294 1002 1483 1055 Carnis
1511 1003 1944 1055 remrrectioneaen.
1992 1003 2070 1056 Ec
2104 1006 2177 1055 υἰ-

164 1101 286 1142 tam
327 1101 578 1155 ceter-nam,
608 1090 823 1143 Amen.''
855 1089 929 1158 (p.
965 1094 1037 1142 22
1070 1091 1122 1141 b.
1159 1089 1285 1159 διο.)
1319 1089 1562 1145 similiter
1597 1089 1942 1158 intelligenda
1980 1106 2178 1144 mse.—

171 1172 351 1229 Plura
384 1175 447 1229 de
479 1175 628 1228 modo
665 1175 877 1229 dicendi
914 1175 1075 1227 Pater
1105 1184 1288 1240 noster,
1323 1175 1431 1226 Ave
1455 1174 1663 1238 Maria,
1694 1183 1748 1227 et
1776 1174 1940 1228 Credo
1970 1175 2091 1228 vide
2120 1178 2177 1228 in

171 1262 400 1333 Proprio
423 1263 487 1317 de
512 1265 773 1334 Tempore
795 1281 846 1333 p.
872 1268 906 1316 5
931 1281 978 1316 a.
1005 1279 1129 1316 cum
1152 1264 1495 1316 annotatione
1519 1263 1711 1314 nostrii.

236 1400 239 1401 ν
987 1359 1084 1420 De
1114 1356 1353 1419 Prima,

239 1460 667 1531 Hymn0,—tam
700 1461 758 1512 in
783 1459 982 1523 Prima,
1006 1458 1168 1528 quam
1191 1459 1248 1510 in
1279 1457 1480 1522 Tertia,
1508 1456 1689 1521 Sexta,
1713 1465 1767 1510 et
1796 1457 2175 1528 Nonas-pm-

164 1547 421 1616 ponenda
458 1556 583 1600 sunt
622 1547 767 1599 Deus
797 1548 857 1599 in
888 1546 1210 1617 adjutorium
1245 1544 1373 1597 &c.:
1412 1561 1460 1595 v.
1479 1560 1531 1612 p.
1551 1547 1617 1594 12
1641 1560 1688 1595 a.
1745 1544 1959 1596 Harum
1998 1554 2176 1598 autem

166 1641 433 1702 quattuor,
464 1633 755 1697 Horarum,
787 1631 845 1684 id
882 1631 1023 1700 quod
1063 1631 1146 1683 vel
1186 1647 1253 1683 ex
1292 1627 1445 1682 titulo
1474 1628 1668 1698 (quem
1699 1626 1919 1698 vocant)
1945 1641 2177 1682 currente

163 1720 452 1784 videbitur,
495 1737 604 1772 non
648 1718 980 1771 Dominicale
1017 1714 1247 1781 tantum,
1286 1713 1472 1768 verum
1509 1717 1670 1769 etiam
1705 1716 1883 1770 feriale
1925 1715 2174 1771 Officium

166 1805 227 1856 in
249 1803 339 1856 his
362 1805 570 1874 paginis
592 1805 888 1873 reperietur.

245 1890 312 1943 P.
342 1894 406 1943 16
424 1908 457 1943 a
469 1920 541 1928 —
554 1895 619 1942 18
637 1892 689 1942 b.
711 1890 908 1943 Psalmi
926 1894 1153 1955 21—25,
1168 1892 1259 1960 qui
1278 1892 1335 1944 in
1354 1890 1625 1944 Breviario
1642 1900 1817 1946 nostro
1843 1892 2075 1962 (quando
2094 1891 2174 1945 di-

171 1984 403 2031 cuntur:
438 1994 492 2029 v,
520 1977 609 2030 Pr.
634 1982 700 2029 10
724 1978 776 2046 a)
803 1977 1014 2029 Psalmo
1038 1977 1182 2029 Deus
1205 1979 1266 2030 in
1287 1979 1493 2029 nomine
1518 1978 1587 2046 (p.
1607 1982 1676 2029 26
1698 1979 1753 2047 b)
1778 1979 1962 2032 diebus
1988 1979 2173 2032 Domi·

164 2065 303 2116 uicis
334 2070 733 2133 praeponuntur,
758 2065 834 2116 ita
857 2065 913 2115 in
940 2063 1093 2115 Rom.
1119 2061 1373 2116 hodierno
1397 2062 1784 2116 distribuuntur
1804 2073 1883 2126 ut,
1906 2066 1964 2115 in
1988 2064 2174 2117 Officio

164 2149 368 2202 Feriali
392 2148 683 2213 Ordinatio,
707 2149 838 2202 feria
868 2148 1016 2203 sexta
1042 2148 1138 2218 (ob
1162 2148 1470 2201 Passionem
1506 2148 1752 2215 Domini)
1781 2148 1868 2201 Ps.
1894 2152 1982 2211 21,
1999 2148 2089 2200 fer.
2117 2155 2168 2201 5.

166 2236 263 2288 Ps.
286 2240 379 2298 22,
401 2235 544 2288 feriis
566 2245 741 2289 autem
764 2241 816 2301 2,
841 2242 893 2302 3,
918 2245 973 2290 et
1004 2241 1058 2299 4,
1083 2235 1195 2288 Pss.
1231 2240 1320 2298 23,
1344 2240 1432 2298 24,
1455 2239 1544 2298 25,
1568 2236 1758 2303 singuli
1790 2237 2030 2304 singu1i8,
2053 2247 2170 2307 post

165 2320 456 2373 Psalmum
477 2321 629 2373 istum
652 2322 926 2385 dicantu13
960 2323 1018 2373 in
1055 2320 1202 2373 festis
1232 2328 1355 2373 vero
1391 2327 1448 2373 et
1474 2328 1705 2389 tempore
1742 2320 1988 2375 Paschali
2014 2323 2090 2392 (v.
2116 2342 2166 2394 p.

160 2407 255 2477 xi)
285 2406 610 2460 omittantur.

236 2492 330 2545 Ps.
356 2498 423 2545 17
446 2494 496 2545 b.
570 2493 698 2547 Post
721 2493 920 2547 Psalmi
966 2497 1036 2546 24
1084 2512 1136 2546 v.
1166 2498 1210 2546 l.
1237 2492 1372 2547 adde
1395 2501 1667 2563 punctum.

241 2579 308 2631 P.
354 2583 419 2631 19
453 2596 498 2631 a.
543 2578 790 2633 Psalmus
823 2579 1180 2650 Cmfitemini‚
1204 2588 1266 2633 ut
1287 2581 1345 2632 in
1370 2580 1526 2633 BreV.
1553 2581 1812 2647 Romano,
1838 2584 1959 2636 solis
1983 2583 2166 2638 diebus

163 2665 472 2719 Dominicis
500 2665 708 2717 dicitur.
1361 2685 1364 2688 “

230 2754 295 2806 Ρ.
334 2758 405 2806 20
438 2754 487 2805 b.
522 2753 727 2822 quando
759 2769 834 2804 DE
860 2769 1027 2805 FERIA
1051 2751 1251 2822 aqitur]
1281 2753 1430 2805 Libri
1453 2752 1516 2803 de
1539 2753 1620 2804 do.
1644 2753 1680 2804 i.
1706 2770 1750 2804 e.
1777 2753 1839 2804 de
1861 2752 2163 2819 Dominimi,

162 2840 305 2909 quod
346 2841 392 2893 si
430 2839 564 2892 forte
604 2839 816 2891 retineri
839 2841 1028 2908 potuit,
1051 2841 1130 2892 ita
1151 2840 1339 2892 saltem
1362 2837 1769 2908 intelligendum
1800 2840 1900 2892 erit
1931 2848 1990 2893 ut
2018 2840 2161 2894 idem

156 2934 304 3003 quod
329 2934 392 2985 de
415 2932 574 3002 seria
608 2933 886 3000 significet,
911 2931 1121 3001 quando
1154 2932 1263 2985 scil.
1302 2931 1471 2985 Missa
1505 2941 1559 2985 et
1593 2932 1776 2986 Oratio
1815 2934 2163 2991 Dominicalis

152 3018 400 3082 dicenda,
426 3025 480 3071 et
501 3018 754 3071 lectiones
779 3018 843 3071 de
870 3017 1143 3087 Scriptura
1168 3018 1490 3070 Dominicali
1513 3019 1744 3089 legendae
1769 3027 1907 3073 sunt.
1990 3021 2161 3078 Sensu

151 3106 273 3159 vero
299 3105 397 3159 tali
423 3108 455 3134 “
472 3104 535 3156 de
557 3103 873 3156 Dominio-ff
892 3103 1014 3168 dici,
1028 3105 1155 3157 alibi
1173 3121 1436 3173 nusquam
1457 3105 1665 3170 (saltem
1684 3108 1739 3159 in
1765 3107 1922 3160 Brev.
1945 3106 2159 3179 Sarisb.)

148 3191 339 3262 legisse
363 3191 719 3245 recordamur.
760 3190 827 3242 In
847 3190 1040 3260 Gough
1059 3194 1126 3242 68
1155 3190 1233 3259 (v.
1258 3199 1438 3244 notam
1457 3193 1480 3243 i
1498 3208 1548 3260 p.
1572 3193 1734 3262 xxiii)
1757 3194 1909 3247 verba
1927 3198 2000 3246 “a
2022 3196 2156 3250 D’ne

148 3277 437 3347 —ayitur”
469 3293 579 3330 non
605 3277 872 3345 leguntur.

152 3403 278 3448 malo.
302 3399 509 3446 Amen.'’
549 3397 651 3444 Ubi
672 3412 758 3459 per
786 3397 1024 3446 incuriam
1045 3399 1237 3447 tantum
1258 3400 1479 3449 additum
1500 3401 1688 3449 videtur
1707 3401 1869 3450 Amen.
1898 3401 1965 3464 (v.
1990 3410 2153 3451 notam

142 3479 218 3542 p);
254 3479 503 3541 siquidem
535 3478 589 3524 in
617 3477 832 3538 ejusdem
864 3477 974 3527 libri
1008 3479 1270 3528 Matutinis
1305 3479 1440 3544 (ante
1472 3481 1681 3544 primam
1710 3481 1990 3543 lectionem)
2023 3488 2152 3530 recte

150 3561 388 3610 omissum
413 3565 503 3607 est.
1168 3628 1202 3675 3

1113 3641 1143 3676 c
