2910 4457
614 329 731 391 108

609 475 764 525 usquc
798 462 868 510 ad
902 460 1012 510 Oct.
1053 459 1278 517 Pascha,
1314 459 1393 507 ita
1424 463 1596 507 tamen

610 526 744 586 quod
755 525 813 572 in
827 522 1056 571 omnibus
1070 520 1214 581 feriis
1232 534 1327 581 per
1342 522 1472 568 Adv.
1490 525 1539 567 et
1562 519 1599 569 ὰ

611 588 723 637 Due
745 587 871 634 nein
887 585 963 632 ira
983 596 1136 656 usque
1161 583 1232 631 ad
1250 583 1457 630 Coenam
1474 582 1597 639 Diti,

613 654 663 697 et
689 647 724 695 ὰ
747 649 884 695 Deus
923 657 1158 693 omnium
1187 657 1342 705 usque
1368 644 1437 691 ad
1467 645 1596 691 Adv.

613 709 738 766 Dat,
756 708 958 769 quando
971 708 1029 754 de
1039 705 1173 766 feria
1191 707 1381 767 agitur,
1400 710 1522 765 post
1537 704 1598 768 Ῠ.

614 771 729 819 Fiat
753 768 1097 817 misericordia
1119 771 1210 815 etc.
1234 767 1408 815 statim
1430 779 1602 828 sequa·

614 837 702 880 tur
725 831 922 879 Exaudi
951 832 1061 878 Due
1098 840 1268 877 vocem
1298 840 1464 876 meam
1499 840 1601 888 qua

613 892 829 942 clamavi
841 893 903 942 ad
922 897 986 940 te.
1002 891 1241 943 Miserere
1253 891 1353 938 mei
1366 890 1601 938 etexaudi

615 968 715 1004 me.
748 954 1001 1015 Sequatur
1029 954 1121 1000 Ps.
1153 952 1432 1002 Miserere:
1467 956 1603 999 totus

615 1018 708 1065 Ps.
730 1016 917 1064 dicitur
940 1027 1055 1061 cam
1078 1013 1247 1062 Gloria
1272 1019 1319 1060 et
1339 1014 1480 1061 Sicut
1495 1018 1604 1061 erat

616 1078 726 1125 sine
753 1076 895 1124 nota.
926 1077 998 1122 Et
1022 1080 1142 1122 tunc
1169 1074 1344 1122 omnia
1372 1074 1508 1136 fiant
1544 1075 1603 1121 in

610 1138 957 1200 prostratione
983 1136 1047 1183 ab
1074 1136 1355 1196 inceptione
1379 1136 1413 1196 j
1443 1136 1604 1195 Kyrie

616 1202 799 1250 eleison
817 1212 970 1259 usque
978 1203 1097 1258 post
1111 1197 1404 1245 Orationem
1417 1202 1466 1244 et
1480 1197 1605 1246 Con-

616 1262 759 1310 fiteor
805 1265 854 1307 et
882 1261 1186 1309 Misereatur
1233 1264 1281 1306 et
1311 1260 1605 1307 Absolutio-

618 1336 735 1372 nem
753 1338 766 1372 :
782 1322 857 1369 ita
872 1327 1042 1369 tamen
1055 1322 1187 1382 qaod
1194 1321 1480 1369 immediate
1487 1324 1606 1381 post

618 1385 891 1433 Psalmum
926 1384 1090 1444 eriyat
1117 1396 1169 1434 se-
1194 1381 1437 1431 Sacerdos
1468 1383 1605 1431 solus

619 1447 692 1494 sic
719 1446 918 1494 dicens.-

681 1509 881 1567 Exurge
902 1508 1013 1555 Dfie
1031 1506 1215 1565 adjuva
1239 1517 1347 1553 nos,
1370 1504 1434 1553 Et
1449 1504 1605 1554 libera

622 1582 713 1618 nos
735 1575 935 1630 propter
957 1581 1140 1631 nomen
1157 1572 1324 1615 tuum.

659 1633 770 1680 Dfie
781 1632 919 1678 Deus
926 1630 1174 1677 virtutum
1186 1632 1416 1675 converte
1429 1628 1608 1676 nos.Et

620 1692 821 1741 ostende
831 1691 1006 1739 taciem
1021 1695 1178 1746 tuam,
1196 1694 1243 1736 et
1255 1688 1380 1736 salvi
1392 1689 1605 1737 erimus,

681 1755 792 1801 Dne
807 1752 1003 1800 exaudi.
1020 1751 1084 1798 Et
1103 1751 1311 1797 clamor.

680 1815 791 1862 Diis
806 1812 918 1859 vob.
948 1811 1028 1872 [Et
1050 1810 1204 1872 cum.]

680 1875 940 1932 Illumina‚
974 1884 1271 1932 quaesumus
1301 1872 1412 1922 Dfie
1457 1874 1608 1934 DeuS‚

621 1937 851 1986 tenebras
887 1940 1085 1982 nostras
1117 1949 1128 1981 :
1168 1939 1216 1982 et
1254 1935 1409 1982 totius
1449 1934 1611 1995 hujus

623 1999 784 2048 noctis
800 1996 1014 2045 insidias
1026 2001 1080 2043 tu
1092 2008 1120 2043 a
1135 1995 1280 2043 nobis
1297 1996 1479 2056 repelle
1499 2009 1613 2056 pro-

621 2061 798 2120 pitius.
841 2060 938 2107 Per
969 2058 1105 2105 Dum
1142 2056 1394 2118 [nostrum
1434 2058 1611 2106 Jesum

623 2123 883 2172 Christum
904 2157 917 2180 ,
940 2119 1131 2167 Filium
1149 2124 1295 2168 tuum
1310 2155 1323 2178 ,
1341 2121 1430 2180 qui
1445 2125 1611 2168 tecum

622 2185 751 2233 vivit
775 2189 824 2234 et
849 2181 1042 2244 regnat]
1067 2182 1120 2230 in
1154 2182 1349 2231 unitate
1375 2181 1614 2244 [Spiritus

623 2248 797 2297 Sancti
812 2246 964 2305 DeuS,
980 2258 1067 2304 per
1080 2245 1253 2294 omnia
1265 2245 1446 2293 saecula
1457 2257 1615 2293 saecu-

625 2310 812 2358 lorum.
846 2306 1055 2367 Amen].

688 2371 798 2418 Diis
820 2369 1100 2416 vobiscum.
1138 2367 1357 2430 [Etcum
1384 2379 1462 2427 sp.
1481 2367 1606 2430 tu0.]

625 2431 994 2480 Benedicamus
1009 2429 1138 2476 Dfio.
1166 2430 1285 2502 [Deo
1305 2429 1531 2491 gratias]

687 2492 812 2540 Hcec
832 2491 1009 2538 Oratio
1016 2492 1263 2550 proedicta
1278 2506 1409 2539 cum.
1429 2492 1617 2552 Cap.et

626 2553 690 2610 ψ.
723 2553 931 2602 Custodi
958 2564 1049 2600 nos
1081 2552 1283 2600 dicatur
1314 2554 1383 2600 ad
1417 2553 1610 2613 Compl.

622 2612 719 2679 per
740 2620 903 2663 totum
921 2627 1136 2675 annum,
1156 2615 1261 2662 nisi
1282 2613 1318 2663 ὰ
1336 2615 1490 2662 Coena
1506 2613 1615 2662 Dm·

626 2691 782 2740 usque
802 2678 871 2725 ad
891 2675 1000 2725 Oct.
1020 2676 1247 2724 Paschae.

696 2738 851 2787 Omni
865 2739 944 2785 die
962 2751 1057 2797 per
1072 2750 1271 2784 annum
1280 2743 1400 2798 post
1418 2737 1612 2798 Compi.

626 2803 687 2849 de
713 2801 808 2859 die,
834 2804 1017 2858 etpost
1039 2798 1174 2845 Mat.
1203 2800 1262 2846 de
1285 2800 1379 2857 die,
1402 2805 1616 2858 pra-ter-

625 2873 780 2922 quam
791 2861 849 2906 in
864 2858 1145 2917 duplicibus
1153 2857 1314 2917 festis,
1329 2866 1378 2907 et
1386 2873 1483 2919 per
1504 2862 1614 2910 Oct.

631 2920 869 2979 Corporis
893 2919 1081 2965 Christi
1098 2925 1147 2964 et
1171 2920 1507 2976 Visitationis,
1525 2923 1615 2968 As·

626 2978 948 3039 sumptioniS,
965 2983 1014 3024 et
1022 2979 1318 3026 Nativitatis
1327 2982 1392 3027 B.
1406 2981 1610 3039 Il‘Iariae‚

627 3048 674 3091 et
690 3038 1031 3089 Dedicationis
1046 3039 1296 3100 Ecclesia,
1318 3045 1366 3086 et
1380 3041 1614 3087 Nominis

628 3106 766 3160 Jesu,
791 3106 839 3150 et
861 3101 918 3147 in
930 3099 1009 3147 die
1024 3098 1347 3161 Animarum,
1368 3107 1417 3147 et
1436 3102 1495 3148 in
1527 3102 1614 3149 Vi—

626 3166 755 3227 9ilia
793 3160 1093 3213 Nativitatis
1146 3160 1254 3207 Dm·
1267 3197 1281 3220 ,
1329 3167 1379 3210 et
1431 3161 1613 3211 abhinc

630 3240 787 3301 usque
807 3226 875 3273 ad
895 3223 1227 3296 inceptionem
1257 3224 1480 3271 historiae
1501 3224 1614 3274 Due

632 3303 694 3338 ne
710 3301 764 3337 m
781 3289 858 3336 ira
873 3291 923 3334 et
939 3284 974 3334 ὰ
984 3284 1066 3345 iiij
1080 3282 1215 3342 feria
1226 3291 1344 3334 ante
1358 3286 1613 3335 Pascham

628 3363 783 3414 usque
802 3349 872 3398 ad
884 3347 1216 3408 inceptionem
1239 3347 1459 3395 historice
1478 3349 1614 3398 Deus

631 3413 863 3463 omnium
877 3447 890 3470 ‚
921 3410 1110 3459 dicitur
1121 3421 1221 3469 pro
1238 3422 1364 3469 pace
1380 3411 1614 3459 Ecclesia

629 3488 745 3524 cum
765 3471 1108 3535 uenuste-vionti
1128 3470 1237 3519 sine
1253 3472 1380 3520 nota
1398 3472 1493 3520 iste
1520 3473 1611 3521 Ps.

1368 1811 1606 1861 OremuS.

1223 348 1253 385 Δ
1261 348 1297 385 D
1338 342 2089 388 communalem—sumtu

1756 455 1840 505 Ad
1856 461 1904 505 te
1915 456 2078 505 levavi
2092 457 2261 507 oculos
2288 469 2428 507 meos
2444 472 2459 508 ε
2485 460 2577 520 qui
2592 459 2691 510 ha·-

1694 518 1826 568 bitas
1842 518 1895 565 in
1916 518 2073 566 omlis,

1758 580 1883 628 Ecce
1893 580 2026 627 sicut
2045 579 2176 628 oculi
2196 592 2491 631 servorum:
2512 582 2569 632 in
2582 594 2691 632 ma-

1696 641 1850 689 nibus
1870 642 2197 689 dominorum
2214 655 2427 691 suorum
2451 658 2464 692 ι

1758 703 1899 752 Sicut
1934 703 2066 751 oculi
2100 704 2295 752 ancillae
2336 705 2391 753 in
2442 706 2693 756 manibus

1696 764 1916 812 dominae
1953 777 2058 812 suae
2095 766 2204 814 :ita
2235 767 2368 815 oculi
2415 768 2576 816 nostri
2620 770 2690 818 ad

1695 826 1834 874 Dfim
1863 826 2026 873 Deum
2054 832 2314 888 nostrum,
2341 829 2500 878 donec
2523 830 2693 879 mise-

1699 892 1870 936 reatur
1893 888 2073 936 nostri.

1758 949 1999 999 Miserere
2051 950 2212 998 nostri
2266 951 2391 1011 Dirc,
2448 952 2695 1002 miserere

1699 1011 1858 1059 nostri
1900 1025 1913 1060 :
1948 1012 2068 1070 quia
2113 1013 2336 1062 multum
2387 1014 2562 1074 repleti
2600 1027 2693 1063 su-

1699 1084 1818 1120 mus
1838 1073 2167 1132 despectione.

1760 1135 1895 1194 Quia
1933 1135 2156 1183 multum
2190 1135 2385 1195 repleta,
2405 1140 2479 1185 est
2513 1137 2692 1185 anima

1700 1202 1872 1244 nostra
1896 1211 1909 1244 z
1931 1197 2259 1255 opprobrium
2289 1198 2690 1260 abundantibuS,

1697 1262 1749 1307 et
1767 1257 2013 1316 despectio
2033 1259 2281 1318 superbis·

1762 1318 1933 1366 Gloria
1955 1319 2118 1367 Patri.

1764 1379 1938 1427 Finito
1950 1381 2159 1428 Psalmo
2173 1380 2397 1442 sequitur
2412 1400 2427 1430 .-

1763 1441 1923 1501 Kyrie
1968 1442 2174 1491 eleison.
2237 1443 2435 1492 Christe
2482 1444 2690 1494 eleison.

1702 1503 1752 1551 K
1788 1504 1861 1552 rie
1876 1503 2081 1552 eleison.
2105 1505 2252 1553 Pater
2275 1511 2462 1555 noster.

1811 1569 1828 1610 t
1850 1578 1913 1613 ne
1934 1578 2041 1613 neS.
2065 1567 2159 1615 Sed
2186 1567 2358 1615 libera.
2612 1588 2620 1596 ·

1763 1625 1965 1687 Exurge
1986 1628 2095 1675 Dfie
2112 1630 2296 1687 adjuva
2319 1641 2427 1677 noS.
2455 1628 2518 1677 Et
2533 1628 2635 1679 libe

1706 1699 1799 1735 nos
1822 1694 2020 1747 propter
2046 1702 2227 1738 nomen
2252 1695 2419 1739 tuum.

1750 1749 2265 1799 DixeDeusvirtutum
2277 1752 2695 1801 convertenosEt

1704 1812 1909 1859 ostende
1919 1811 2096 1860 faciem
2113 1818 2271 1869 tuam,
2284 1819 2331 1861 et
2341 1814 2468 1863 salvi
2479 1814 2691 1863 erimus.

1767 1873 1877 1921 Dile
1898 1875 2096 1922 exaudi.
2112 1875 2176 1923 Et
2196 1875 2403 1924 elamor.

1767 1934 1879 1982 Dfis
1897 1935 2008 1983 vob.
2036 1935 2115 1997 [Et
2139 1936 2294 1998 cum.]
2494 1935 2694 1985 Oratio.

1767 1994 1998 2045 Ecclesia}
2017 2001 2116 2045 tuae
2137 1998 2247 2046 Due
2271 2010 2436 2058 preces
2470 1998 2698 2059 placatus

1705 2056 1942 2107 admitte:
1958 2064 2014 2105 ut
2030 2059 2297 2108 destructis
2305 2060 2700 2108 adversitatibus

1706 2122 1755 2166 et
1789 2121 2046 2168 erroribus
2079 2121 2358 2180 universiS‚
2395 2121 2571 2170 secura
2602 2122 2701 2170 tibi

1707 2181 1893 2230 serviat
1940 2183 2187 2246 libertate3
2231 2188 2280 2232 et
2327 2195 2499 2244 pacem
2552 2188 2699 2232 tuam

1709 2245 1898 2291 nostris
1956 2247 2167 2294 concede
2218 2246 2546 2304 temporibus,
2599 2247 2702 2294 Per

1707 2302 2272 2367 Christum[Dominum
2287 2312 2537 2355 nostrum.
2552 2307 2700 2369 Am.]

1768 2366 1870 2412 His
1891 2368 2040 2414 dictis
2062 2373 2241 2427 suryat
2254 2368 2496 2415 Sacerdos
2514 2374 2565 2415 et
2582 2382 2708 2416 om-

1706 2437 1796 2472 nes
1832 2428 2013 2475 Clerici
2036 2427 2071 2475 a
2095 2429 2441 2488 prostratione
2462 2430 2705 2477 osculan-

1708 2491 1780 2534 tes
1800 2486 2074 2547 formulas.

1756 2610 2013 2662 PSALMI
2044 2611 2640 2665 POENITENTIALES.

1795 2672 1988 2722 Contra
2026 2674 2179 2723 iram.
2215 2675 2455 2722 Psalmus
2494 2675 2610 2738 [vj].

1708 2737 1985 2845 Domine,
2025 2749 2087 2786 ne
2118 2737 2170 2784 in
2201 2736 2368 2785 furore
2399 2741 2486 2786 tuo
2515 2751 2710 2798 arguas

1800 2810 1880 2845 me
1894 2813 1907 2847 z
1920 2811 2080 2859 neque
2090 2798 2142 2846 in
2156 2799 2231 2847 ira
2245 2805 2333 2847 tua
2348 2801 2590 2858 corripias
2601 2814 2705 2850 me.

1770 2860 2012 2909 Miserere
2042 2861 2142 2909 mei
2173 2861 2311 2918 Due,
2343 2861 2586 2919 quoniam
2626 2863 2711 2910 in-

1708 2918 1892 2967 firmus
1906 2933 2022 2967 sum
2046 2937 2056 2968 :
2074 2934 2198 2969 sana
2216 2934 2296 2968 me
2313 2922 2436 2979 Dae,
2456 2923 2708 2981 quoniam

1707 2981 2002 3028 conturbata
2024 2987 2145 3028 sunt
2166 2993 2276 3027 ossa
2301 2993 2429 3029 mea.

1769 3039 1834 3087 Et
1862 3041 2033 3087 anima
2061 3053 2169 3089 mea
2199 3042 2398 3091 turbata
2420 3049 2496 3093 est
2522 3045 2704 3097 valde:

1705 3100 1788 3147 sed
1808 3105 1864 3147 tu
1886 3102 1996 3149 Bne
2012 3113 2275 3162 usquequo
2288 3106 2313 3152 ‘i

1768 3160 2064 3211 Convertere
2085 3165 2213 3223 Dine,
2235 3171 2284 3214 et
2313 3166 2450 3226 eripe
2470 3169 2703 3218 animam

1706 3234 1873 3271 meam
1907 3240 1921 3273 ι
1954 3225 2155 3274 salvum
2182 3239 2264 3277 me
2286 3228 2360 3277 sac
2380 3235 2582 3289 propter
2604 3232 2707 3279 mi-

1705 3286 2030 3335 sericordiam
2055 3292 2217 3337 tuam.
2739 3346 2742 3349 ,

1769 3347 2026 3408 Quoniam
2065 3362 2166 3398 non
2202 3355 2279 3399 est
2314 3351 2368 3399 in
2408 3358 2570 3402 morte
2610 3357 2700 3415 qui

1708 3420 1903 3458 memor
1938 3411 2004 3459 sit
2038 3412 2115 3460 tui
2151 3428 2164 3462 ε
2203 3413 2256 3460 in
2294 3413 2491 3463 inferno
2529 3422 2700 3465 autem

1708 3472 1825 3531 quis
1846 3473 2163 3523 confitebitur
2185 3474 2311 3524 tibi?
