2910 4457
576 344 694 411 120

572 484 692 541 gnet
703 481 877 527 contra
892 478 1086 538 me.(11)
1104 477 1224 527 Dies
1235 476 1335 526 mei
1348 477 1557 526 transie-

570 545 694 589 runt
732 555 746 589 :
780 540 1104 600 cogitationes
1139 553 1262 589 meoe
1298 539 1555 598 dissipatae

569 607 709 661 sunt,
723 607 1012 663 torquentes
1026 615 1110 650 cor
1132 614 1322 650 meum.
1346 602 1555 651 Noctem

571 670 831 714 verterunt
864 663 918 711 in
941 664 1076 712 diem
1102 679 1115 712 :
1145 669 1194 714 et
1215 676 1421 711 rursum
1445 667 1558 722 post

569 726 802 775 tenebras
817 738 960 785 spero
974 726 1155 774 lucem.
1173 726 1226 775 Si
1248 725 1554 783 sustinuer0‚

568 787 801 837 infernus
819 789 1003 836 domus
1033 801 1145 836 mea
1176 793 1251 836 est
1286 803 1300 837 ε
1337 787 1461 836 etin
1484 791 1557 834 te-

569 850 740 898 nebris
760 851 919 898 stravi
946 850 1188 899 lectulum
1224 862 1414 898 meum.
1448 848 1556 896 Pu-

569 910 757 960 tredini
782 912 905 972 dixi,
945 912 1092 961 Pater
1114 925 1259 961 meus
1278 925 1332 960 es
1355 927 1368 960 :
1390 912 1556 961 Mater

569 986 682 1023 mea
715 979 763 1022 et
791 987 932 1022 soror
962 987 1103 1034 mea,
1136 975 1413 1023 vermibus.
1457 973 1557 1022 Ubi

568 1039 646 1084 est
668 1048 788 1096 ergo
803 1049 942 1085 nunc
957 1036 1256 1096 praestolatio
1279 1049 1389 1084 mea
1404 1040 1453 1084 et
1470 1047 1556 1095 pa-

568 1098 748 1147 tientia
768 1111 878 1147 mea
891 1101 916 1147 ‘1
933 1099 1012 1147 Tu
1035 1111 1088 1146 es
1108 1098 1218 1146 Dfie
1238 1098 1374 1146 Deus
1387 1109 1557 1146 meuS.

633 1170 681 1221 152
692 1160 742 1209 7.
754 1161 1050 1209 Peccantem
1064 1172 1145 1208 me
1154 1160 1376 1220 quotidie
1391 1164 1439 1207 et
1454 1171 1556 1207 non

570 1221 916 1282 poenitentem,
932 1223 1083 1270 timor
1099 1222 1279 1270 mortis
1293 1222 1559 1269 conturbat

571 1295 672 1332 me.
706 1282 840 1343 Quia
877 1285 931 1332 in
967 1284 1165 1332 inferno
1201 1284 1341 1332 nulla
1374 1289 1448 1332 est
1480 1295 1559 1330 re-

568 1345 816 1404 demptio:
831 1345 1070 1395 miserere
1084 1345 1184 1395 mei
1193 1346 1344 1405 DeuS,
1357 1350 1405 1394 et
1420 1345 1560 1393 salva

569 1419 669 1456 me.
692 1405 755 1466 ψ.
777 1407 914 1456 Deus
943 1409 995 1456 in
1027 1409 1231 1457 nomine
1252 1413 1338 1456 tuo
1357 1406 1557 1456 salvum

568 1480 653 1518 me
673 1469 766 1528 sac,
788 1469 926 1532 Dne3
950 1470 1071 1519 etin
1089 1470 1275 1519 virtute
1296 1475 1382 1518 tua
1403 1468 1560 1518 libera

567 1542 669 1580 me.
707 1531 841 1591 Quia
871 1532 924 1580 in
956 1531 1156 1581 inferno
1184 1531 1350 1642 &nulla
1379 1536 1454 1580 est
1481 1543 1561 1579 re-

566 1593 789 1718 demptio
801 1594 1063 1644 :miserere
1075 1595 1176 1643 mei
1230 1607 1338 1654 eus,
1356 1598 1405 1643 et
1418 1594 1559 1642 salva

567 1667 651 1705 me
677 1691 691 1704 .

652 1718 820 1767 Lectio
840 1722 1037 1766 octava.
1057 1716 1168 1765 Job.
1189 1717 1305 1764 xix.
1343 1714 1462 1775 (20.)

566 1779 737 1887 Pelli
772 1792 917 1839 meae,
948 1778 1263 1838 consumptis
1298 1777 1557 1836 carnibus,

651 1841 861 1889 adhaesit
910 1852 967 1888 os
999 1852 1200 1900 meum;
1234 1844 1283 1887 et
1322 1839 1559 1888 derelicta

564 1906 688 1949 sunt
709 1901 1062 1951 tantummodo
1079 1901 1210 1950 labia
1229 1900 1360 1949 circa
1381 1901 1559 1951 dentes

564 1976 722 2013 meos,
759 1962 1077 2015 Miseremini
1097 1964 1216 2022 mei,
1243 1962 1560 2013 miseremini

564 2026 685 2086 mei,
723 2027 904 2076 saltem
943 2039 1032 2075 vos
1071 2025 1223 2074 amici
1267 2025 1391 2088 mei;
1436 2025 1557 2086 quia

564 2100 753 2137 manus
768 2089 873 2137 Dfii
888 2088 1052 2149 tetigit
1071 2100 1172 2137 me.
1195 2088 1365 2149 Quare
1382 2100 1560 2147 perse-

564 2150 790 2212 quimini
806 2164 888 2200 me
909 2151 1039 2200 sicut
1059 2151 1227 2200 Deus:
1248 2155 1295 2199 et
1317 2150 1558 2198 carnibus

564 2214 696 2263 meis
710 2213 1048 2263 saturamini?
1070 2212 1201 2275 Quis
1222 2211 1351 2262 mibi
1366 2213 1559 2261 tribuat

563 2280 623 2324 ut
651 2277 939 2326 scribantur
964 2288 1223 2325 sermones
1258 2275 1392 2324 mei?
1426 2273 1558 2336 Quis

562 2337 696 2387 mibi
721 2340 806 2388 det
826 2344 884 2386 ut
909 2344 1176 2387 exarentur
1198 2338 1252 2386 in
1280 2338 1406 2386 libro
1427 2336 1557 2397 stylo

564 2399 754 2449 ferreo:
776 2406 864 2449 aut
893 2400 1090 2458 plumbi
1120 2398 1309 2448 lamina
1332 2399 1409 2447 vel
1434 2399 1557 2447 celte

563 2462 862 2521 sculpantur
885 2461 938 2508 in
960 2460 1123 2509 silice?
1145 2461 1258 2509 Scio
1280 2460 1416 2510 enim
1433 2461 1556 2520 quia

563 2523 870 2582 Redemptor
899 2534 1046 2571 meus
1068 2521 1210 2583 vivit,
1239 2527 1286 2572 et
1308 2523 1360 2571 in
1385 2523 1559 2570 novis-

564 2585 695 2633 simo
715 2585 797 2633 die
824 2586 886 2634 de
916 2589 1050 2633 terra
1071 2591 1396 2633 surrecturus
1417 2596 1554 2633 sum.

564 2646 630 2696 Et
660 2659 869 2696 rursum
901 2647 1235 2696 circundabor
1266 2648 1392 2708 pelle
1421 2659 1555 2706 mea,

564 2713 616 2759 et
630 2709 684 2758 in
706 2722 857 2758 carne
877 2722 987 2759 mea
1004 2710 1183 2759 videbo
1202 2710 1366 2759 Deum
1384 2709 1558 2758 Salva-

562 2776 724 2821 torem
735 2785 925 2820 meum.
938 2773 1104 2832 Quem
1120 2773 1326 2821 visurus
1335 2784 1451 2821 sum
1467 2782 1559 2831 ego

565 2833 688 2893 ipse,
720 2839 768 2883 et
788 2835 921 2882 oculi
943 2834 1044 2883 mei
1069 2835 1384 2895 conspecturi
1416 2839 1555 2892 sunt,

565 2899 615 2943 et
645 2908 746 2966 non
769 2897 918 2968 alius.
950 2897 1187 2956 Reposita
1217 2902 1292 2947 est
1321 2897 1424 2947 haec
1445 2908 1560 2957 spes

567 2967 682 3004 mea
701 2969 756 3004 1n
773 2969 893 3004 sinu
910 2968 1038 3004 meo.

630 3028 677 3079 132
706 3017 756 3065 8.
790 3017 1038 3076 Requiem
1059 3021 1301 3067 aeternam
1332 3020 1466 3068 dona
1487 3018 1561 3067 eis

568 3079 699 3128 Due.
729 3079 792 3127 Et
813 3079 899 3127 lux
920 3082 1160 3138 perpetua
1189 3079 1351 3129 luceat
1369 3082 1462 3129 eiS.
1495 3079 1557 3142 331·-

571 3141 678 3202 Qui
705 3143 954 3190 Lazarum
984 3140 1291 3189 resuscitasti
1324 3155 1354 3190 a
1376 3155 1562 3191 monu-

573 3209 745 3253 mento
767 3204 1015 3263 soetidum,
1042 3208 1099 3250 tu
1118 3202 1192 3252 eis
1202 3203 1313 3252 Dite
1340 3204 1474 3252 dona
1490 3217 1562 3254 re-

572 3266 765 3327 quiem.
789 3266 853 3315 Et
874 3267 959 3314 lux
978 3270 1215 3327 perpetua
1236 3266 1400 3315 luceat
1419 3267 1512 3316 eis·

715 3328 881 3377 Lectio
897 3341 1054 3377 nona.
1075 3327 1184 3378 Job.
1213 3341 1273 3378 ω.
1294 3328 1413 3391 (18.)

653 3402 777 3440 uare
787 3391 1345 3441 devulvaeduxistime?
1355 3391 1563 3453 Quinti-

658 3467 777 3503 nam
797 3457 1128 3514 consumptus
1155 3466 1336 3514 essem,
1361 3468 1425 3503 ne
1444 3466 1563 3503 ocu-

572 3516 656 3571 lus
687 3529 769 3566 me
798 3516 1007 3567 videret.
1031 3516 1260 3568 Fuissem
1293 3516 1438 3577 quasi
1463 3529 1561 3566 non

1238 364 1296 405 11³¹
1335 354 1568 404 vmlms
1610 361 1967 406 uoawoauu.

1651 486 1832 535 essem,
1856 475 1918 524 de
1931 480 2071 525 utero
2090 476 2367 526 translatus
2385 476 2449 525 ad
2467 480 2648 526 tumu-

1654 537 1782 585 lum.
1799 538 2046 597 Nunquid
2071 552 2170 587 non
2193 538 2416 598 paucitas
2438 539 2645 588 dierum

1652 610 1882 648 meorum
1901 600 2105 648 finietur
2120 601 2285 650 brevi?
2301 600 2509 650 Dimitte
2523 614 2651 663 ergo

1653 673 1736 710 me
1764 666 1821 708 ut
1851 662 2092 723 plangam
2122 664 2388 722 paululum
2420 664 2652 712 dolorem

1655 735 1847 782 meum,
1864 729 2137 784 antequam
2162 726 2344 773 vadam
2370 730 2415 773 et
2439 738 2541 773 non
2564 739 2653 774 re-

1654 791 1838 846 vertar3
1851 786 1913 834 ad
1924 791 2112 835 terram
2125 788 2439 836 tenebrosam
2451 791 2497 835 et
2507 800 2655 847 oper-

1653 851 1759 895 tam
1782 847 1963 895 mortis
1993 849 2232 909 caligine;
2268 853 2456 897 terram
2489 851 2654 898 mise-

1654 909 1742 958 rioe
1754 915 1802 956 et
1813 910 2153 970 tenebrarum,
2171 911 2259 960 ubi
2269 912 2450 959 umbra
2464 911 2654 961 mortis

1652 975 1702 1019 et
1717 972 1890 1020 nullus
1904 973 2050 1035 ord03
2072 975 2157 1023 sed
2174 974 2514 1033 sempiternus
2533 974 2654 1023 bor·

1654 1045 1738 1082 ror
1754 1033 2022 1082 inhabitat.

1717 1105 1764 1157 132
1784 1095 1833 1144 9.
1845 1096 2027 1144 Libera
2038 1108 2119 1146 me
2133 1096 2240 1146 Dite
2253 1098 2314 1146 de
2328 1102 2492 1150 morte⁴
2503 1102 2653 1147 aeter-

1656 1168 1720 1205 na
1734 1157 1787 1204 in
1810 1159 1891 1206 die
1906 1157 1992 1206 illa
2008 1160 2285 1207 tremenda.
2304 1160 2522 1219 Quando
2534 1160 2654 1209 coeli

1655 1221 1892 1268 movendi
1909 1226 2030 1268 sunt
2048 1227 2096 1269 et
2115 1227 2265 1269 terra.
2290 1222 2425 1269 Dum
2449 1223 2654 1271 veneris

1649 1280 1880 1341 judicare
1890 1284 2131 1331 saeculum
2143 1284 2429 1343 perignem.
2447 1282 2508 1342 V.
2527 1284 2654 1334 Dios

1654 1342 1740 1390 illa
1761 1344 1868 1392 dies
1884 1344 1988 1401 irae,
2015 1345 2314 1393 calamitatis
2329 1350 2377 1394 et
2398 1345 2649 1404 miseriae,

1654 1404 1761 1454 dies
1782 1419 1968 1467 magna
1984 1411 2032 1453 et
2053 1419 2226 1455 amara
2245 1408 2405 1456 valde.
2428 1409 2654 1468 Quando

1655 1468 1767 1515 coeli
1780 1467 2016 1517 movendi
2032 1474 2154 1516 sunt
2173 1468 2238 1532 [et
2251 1474 2402 1518 terra.
2417 1470 2551 1518 Dum
2569 1482 2654 1519 ve-

1657 1531 1793 1578 neris
1810 1529 2039 1589 ,iudicare
2058 1531 2299 1580 sarculum
2322 1544 2408 1590 per
2429 1531 2646 1595 ignem.]

1655 1587 1859 1651 vanuid
1869 1605 1987 1653 ergo
1997 1593 2330 1650 miserrimuS‚
2343 1594 2467 1653 quid
2478 1594 2652 1643 dicam

1657 1653 1732 1701 vel
1756 1655 1879 1714 quid
1899 1655 2096 1714 faciam,
2117 1656 2241 1704 dum
2257 1654 2331 1702 nil
2351 1655 2471 1704 boni
2489 1656 2654 1715 perfe-

1657 1726 1770 1762 ram
1791 1722 1907 1764 ante
1920 1721 2123 1765 tantum
2141 1717 2394 1777 judicem?
2405 1718 2541 1766 Dum
2560 1729 2652 1767 ve-

1656 1775 1794 1825 neris
1814 1777 2059 1838 [jndicare
2070 1779 2309 1827 saeculum
2328 1792 2415 1839 per
2431 1780 2646 1842 ignem.]

1656 1835 1719 1899 Ῡ.
1743 1839 1891 1889 Nunc
1915 1840 2133 1899 Christe,
2160 1846 2207 1889 te
2224 1841 2471 1901 petimus:
2494 1842 2654 1891 mise-

1655 1913 1782 1960 rere,
1822 1914 2143 1961 quaesumus:
2176 1904 2267 1963 qui
2303 1904 2488 1952 venisti
2520 1904 2651 1953 redi-

1654 1975 1792 2010 mere
1808 1963 2043 2023 perditos,
2069 1963 2172 2012 noli
2193 1966 2435 2014 damnare
2450 1967 2654 2014 redem-

1654 2025 1918 2084 ptos.Dum
1931 2026 2129 2075 veneris
2146 2026 2389 2089 [judicare
2399 2028 2652 2076 saeculum

1654 2098 1741 2146 per
1763 2086 1978 2149 ignemJ.

1717 2148 1909 2197 Deinde
1928 2153 2188 2210 repetatur
2207 2160 2273 2210 132.
2295 2150 2494 2200 Libera.
2516 2151 2654 2214 quod

1647 2222 1744 2272 per
1771 2215 1932 2260 totum
1952 2225 2154 2260 annum
2174 2210 2461 2261 observetur
2479 2226 2654 2276 quan-

1652 2274 1911 2336 docunque
1933 2275 2121 2323 dict‘tur
2141 2275 2238 2322 hoo
2249 2287 2313 2335 132.
2331 2275 2532 2325 Libera.

1716 2342 1748 2390 *J
1772 2336 1837 2382 In
1857 2336 2276 2398 omnibust'ijetvj
2292 2335 2539 2398 feriisper
2548 2350 2651 2387 αη-

1653 2410 1780 2444 num
1801 2399 2005 2459 quando
2063 2404 2162 2446 unt
2189 2399 2383 2459 Vigilioe
2413 2400 2652 2450 Mortuo—

1649 2471 1771 2508 rum
1785 2472 1898 2506 cum
1921 2460 1981 2506 ix
2050 2473 2119 2508 ss.
2142 2465 2191 2508 et
2207 2460 2270 2521 iii
2287 2462 2397 2510 lect.
2424 2466 2650 2523 tantum,

1652 2525 1774 2568 tunc
1802 2521 1901 2568 erit
1932 2520 1995 2582 iij
2024 2533 2087 2583 13²·
2119 2522 2301 2570 Libera
2336 2536 2419 2573 me
2447 2524 2560 2572 Dne
2588 2525 2651 2573 de

1650 2582 1750 2632 viis
1766 2581 1969 2630 inferni.
1986 2581 2086 2642 Qui
2107 2588 2275 2642 portas
2285 2597 2441 2635 aereas
2460 2585 2654 2635 confre-

1653 2644 1788 2706 gisti,
1807 2649 1855 2693 et
1870 2643 2085 2692 visitasti
2107 2645 2385 2707 infernum,
2404 2655 2452 2697 et
2466 2648 2651 2697 dedisti

1651 2707 1725 2755 eis
1754 2707 1946 2763 lumen,
1979 2712 2037 2754 ut
2068 2706 2296 2757 viderent
2317 2714 2366 2757 te
2383 2710 2473 2770 qui
2501 2715 2650 2760 erant

1652 2769 1705 2817 in
1729 2769 1892 2828 poenis
1912 2770 2254 2819 tenebrarum.
2272 2769 2334 2829 ir.
2359 2771 2652 2821 clamantes

1651 2836 1701 2879 et
1718 2832 1941 2880 dicentes
1955 2832 2204 2881 advenisti
2218 2835 2521 2893 Redemptor
2536 2846 2654 2882 nos-

1653 2898 1748 3005 zer.
1781 2893 1885 2953 Qui
1915 2898 2087 2953 portas
2114 2900 2204 2944 etc.
2237 2896 2352 2944 Non
2382 2899 2653 2953 repetatur

1683 2969 1743 3004 oc
1813 2991 1825 3003 .

1719 2967 1875 3066 Aggere
1895 3019 2103 3068 LAumzs
2124 3016 2184 3078 ψ.
2221 3017 2563 3078 Requiescant
2589 3018 2646 3068 in

1657 3091 1795 3141 pace.
1819 3081 2008 3129 Amen.

1719 3143 1784 3189 In
1793 3141 2049 3190 Laudibus
2063 3142 2126 3190 A.
2148 3142 2197 3191 1.
2208 3140 2519 3191 Exultabunt
2531 3143 2647 3193 Dr'io

1655 3216 1768 3253 ossa
1783 3204 2068 3253 humiliata.
2084 3205 2291 3265 Ps.‹50.)
2307 3204 2566 3255 Miserere.
2580 3208 2645 3255 A.

1654 3266 1705 3316 2.
1727 3267 1921 3316 Exaudi
1938 3267 2047 3315 Dfie
2065 3268 2344 3316 orationem
2363 3278 2559 3316 meam:
2580 3270 2644 3317 ad
2719 3261 2729 3272 “

1654 3334 1704 3378 te
1719 3328 1887 3377 omnis
1908 3340 2023 3376 caro
2040 3330 2222 3378 veniet.
2237 3329 2327 3375 Ps.
2351 3326 2468 3390 (64.)
2484 3329 2555 3378 Te
2568 3330 2644 3379 de·

1657 3396 1751 3440 cet.
1783 3391 1846 3438 Δ.
1882 3390 1931 3438 3.
1959 3390 2044 3441 Me
2071 3390 2289 3449 suscepit
2314 3390 2513 3439 dextera
2555 3396 2644 3439 tua

1656 3454 1783 3502 Dfie.
1808 3452 1899 3499 Ps.
1919 3451 2003 3514 (62
2025 3466 2038 3499 t
2060 3452 2159 3512 66.)
2175 3453 2309 3500 Deus
2322 3452 2459 3502 Deus
2479 3464 2641 3502 meus.

1656 3519 1720 3564 Δ.
1733 3514 1783 3564 ιἰ.
1796 3513 1843 3562 Α
1855 3519 1995 3575 porta
2009 3515 2158 3565 inseri
2168 3527 2287 3565 erue
2295 3515 2406 3563 Due.
2414 3515 2637 3565 animam
