2910 4457
151 445 233 496 Aa
256 441 523 511 §so—82)
762 459 809 499 m
837 458 1073 501 couneus
1098 458 1242 500 umus
1264 457 1474 499 vlnemls
1498 458 1561 497 m
1584 456 1835 497 mamis,
2121 446 2299 535 xxvij

243 594 302 644 In
332 593 601 644 Breviario
633 597 808 644 autem
838 596 1094 659 Romano,
1123 609 1289 645 unum
1317 591 1521 643 tantum
1551 592 1842 657 virginum,
1876 593 1990 644 sive
2011 593 2301 662 Martyrum

149 679 256 727 sive
283 676 400 727 Non
422 676 731 741 Martyrum,
756 676 1041 729 Commune
1062 678 1352 740 invenitur3
1378 675 1473 727 sed
1496 691 1561 726 ex
1583 673 1718 724 Aliis
1740 674 1895 724 trium
1916 674 2302 731 Nocturnorum

147 758 465 810 Lectionibus
486 760 555 811 ad
577 760 879 811 Communis
903 762 1061 812 finem
1083 759 1291 823 additis,
1323 775 1439 824 quae
1463 757 1530 808 ad
1560 758 1715 808 Noct.
1738 757 1766 806 I
1787 759 2052 822 pertinent
2072 761 2129 812 in
2161 762 2299 813 Mar-

147 842 287 907 tyris,
328 842 440 892 sive
478 843 712 909 Virginis
756 843 868 893 sive
910 844 1029 895 Non
1075 842 1325 909 VirginiS,
1369 842 1504 890 festo
1551 838 1784 890 dicendae
1816 846 1965 892 sunt:
2013 843 2078 895 de
2116 848 2300 898 ceteris

147 941 193 974 v,
217 924 282 974 ad
305 926 335 987 ἓ
359 928 439 975 82.
473 925 535 975 In
570 924 753 975 eodem
784 927 938 976 Brev.
975 928 1052 992 (in
1085 941 1187 991 quo
1213 925 1470 975 Nocturni
1501 923 1653 989 primi
1683 922 1942 976 lectiones
1966 942 1994 976 e
2020 927 2300 994 Scripturis

147 1010 315 1062 Sacris
340 1009 405 1062 de
433 1027 576 1063 more
605 1018 824 1077 sumptae
849 1012 991 1078 sunt)
1020 1013 1126 1063 loci
1148 1013 1337 1078 prioris
1359 1010 1517 1061 lectio
1542 1012 1592 1073 4,
1619 1036 1685 1045 —
1710 1011 1833 1072 post
1854 1007 2062 1061 titulum
2088 1010 2298 1062 “Sermo

149 1093 227 1143 ⁶⁴8.
245 1094 510 1146 Ambrosii
525 1096 790 1162 Episcopi.
808 1091 951 1161 (Lib.
978 1099 1022 1146 1.
1048 1094 1113 1145 de
1149 1092 1455 1161 Virginibzae,
1482 1092 1621 1143 circa
1636 1088 1879 1158 initium.)
1890 1089 1933 1152 ”,
1951 1120 2018 1130 -
2033 1097 2137 1144 est:

243 1176 532 1239 “Quoniam
565 1176 723 1227 hodie
748 1177 939 1228 natalis
970 1182 1050 1227 est
1070 1178 1306 1242 virginis,
1335 1175 1525 1225 invitat
1547 1188 1690 1224 nunc
1718 1174 2029 1240 integritatis
2053 1192 2213 1240 amor,
2242 1185 2303 1229 ut

147 1257 370 1323 “aliquid
402 1259 469 1309 de
489 1260 788 1326 virginitate
814 1258 1075 1321 dicamus3
1108 1275 1177 1308 ne
1207 1257 1373 1308 veluti
1401 1257 1627 1307 transitu
1661 1255 1886 1320 quodam
1906 1259 2196 1322 praestricta
2227 1261 2302 1309 vi-

146 1340 353 1392 “deatur
376 1358 493 1408 quae
514 1340 817 1409 principalis
843 1347 922 1392 est
944 1342 1126 1392 virtus·
1148 1342 1269 1392 Non
1293 1341 1432 1391 enim
1453 1339 1571 1389 ideo
1590 1338 1869 1389 laudabilis
1887 1340 2161 1406 virginitas
2180 1344 2302 1408 quia

145 1425 228 1474 “in
249 1425 566 1491 martyribus
583 1425 852 1492 reperitur,
877 1424 971 1474 sed
988 1425 1111 1489 quia
1127 1424 1246 1490 ipsa
1261 1427 1518 1488 martyres
1535 1422 1710 1472 faciat.
1736 1420 1866 1481 Quis
1883 1428 2057 1473 autem
2070 1424 2300 1477 humano

144 1507 284 1557 “eam
305 1510 476 1573 possit
492 1510 703 1574 ingenio
725 1507 1178 1575 comprehendere,
1204 1522 1359 1572 quam
1376 1521 1478 1556 nec
1494 1511 1680 1556 natura
1698 1505 1808 1555 suis
1826 1505 2039 1556 inclusit
2055 1507 2263 1573 legibus
2275 1512 2300 1558 ⁴?

143 1591 260 1640 “aut
296 1593 415 1657 quis
453 1591 679 1641 naturali
710 1607 843 1641 voce
879 1591 1170 1657 complecti,
1207 1589 1350 1654 quod
1378 1604 1537 1655 supra
1559 1604 1715 1638 usum
1737 1593 1934 1638 naturae
1958 1590 2064 1639 sit?
2098 1590 2142 1639 E
2167 1591 2300 1642 coelo

141 1676 451 1726 “accersivit
474 1674 614 1739 quod
637 1676 926 1725 imitaretur
945 1676 1004 1725 in
1025 1675 1189 1725 terris.
1214 1675 1324 1725 Nec
1345 1674 1600 1723 immerito
1625 1670 1842 1722 vivendi
1864 1672 1966 1723 sibi
1988 1688 2142 1724 usum
2165 1689 2301 1739 quae-

142 1757 293 1808 “sivit
318 1774 347 1809 e
372 1758 526 1822 coe10,
552 1773 668 1823 quae
693 1757 957 1824 Sponsum
981 1757 1082 1808 sibi
1105 1758 1308 1807 invenit
1330 1757 1387 1806 in
1412 1754 1598 1806 coelo.''

234 1842 578 1892 Continuatio
615 1844 788 1890 autem
819 1857 934 1905 quae
967 1842 1025 1890 in
1046 1841 1201 1890 Brev.
1223 1840 1372 1889 Rom.
1407 1854 1503 1904 pro
1538 1837 1880 1889 Lectionibus
1908 1839 1941 1887 5
1973 1843 2026 1889 et
2059 1843 2089 1890 6
2111 1837 2302 1907 legitur

135 1923 318 1988 (“Haec
340 1924 530 1987 nubes,
565 1926 703 1987 aera,
736 1923 968 1989 angelos,
993 1922 1267 1987 sideraque
1290 1920 1696 1988 transgrediens,
1730 1922 1960 1974 Verbum
1982 1922 2085 1973 Dei
2106 1924 2161 1973 in
2184 1924 2299 1990 ipso

136 2009 285 2057 “sinu
314 2007 490 2057 Patris
517 2006 738 2069 invenit,
764 2012 815 2056 et
836 2010 947 2057 toto
971 2006 1147 2057 hausit
1172 2004 1435 2073 pectore.’'
1457 2004 1572 2071 &c.)
1607 2006 1663 2054 in
1694 2005 2071 2057 communibus
2105 2009 2300 2059 nostris

134 2107 240 2141 non
261 2092 551 2142 invenitur.

227 2175 370 2225 Ante
397 2173 710 2225 “mirentur'’
737 2172 850 2240 (pro
876 2190 980 2241 quo
1005 2174 1054 2225 A
1081 2171 1413 2238 “mirantur'')
1437 2172 1482 2223 L
1509 2170 1902 2226 “sanctitatem''
1923 2172 2120 2223 inserit.

229 2259 324 2309 sed
349 2259 477 2325 quia
502 2259 621 2325 ipsa
646 2263 899 2325 martyres
917 2256 1060 2324 facit]
1086 2258 1188 2309 Pro
1221 2256 1409 2308 “facit''
1433 2256 1480 2307 L
1509 2271 1628 2307 cum
1655 2256 1809 2306 Brev,
1838 2256 1986 2307 Rom.
2016 2255 2096 2322 (ut
2123 2256 2301 2323 supra)

134 2342 373 2394 “faciat”.

224 2424 288 2475 In
311 2424 436 2476 Lec.
461 2425 520 2494 3)
538 2424 767 2492 genitale
791 2422 1128 2490 domicilium]
1154 2423 1216 2473 In
1237 2423 1300 2487 L,
1328 2423 1614 2490 “virginale
1640 2421 2009 2473 domicilium'’.

227 2504 269 2575 θ
304 2504 467 2577 81.)
507 2511 555 2574 R
587 2508 655 2572 4.)
693 2507 865 2559 oleum
898 2505 1092 2573 seeum]
1136 2507 1240 2569 Sic,
1277 2521 1396 2557 cum
1428 2507 1585 2557 Brev.
1618 2507 1765 2556 Rom.
1803 2509 1854 2556 et
1892 2505 2185 2573 Euangelio
2229 2507 2303 2572 (S.

125 2592 312 2644 Matth.
345 2610 475 2644 xxv.
502 2592 573 2657 3),
604 2593 814 2644 MStum
833 2592 904 2641 L:
921 2618 988 2628 —
1004 2592 1061 2641 in
1087 2591 1151 2654 A,
1178 2591 1387 2642 “secum
1410 2590 1633 2641 oleum’'.
1666 2590 1730 2640 In
1759 2589 1913 2640 BreV.
1953 2593 2126 2640 autem
2157 2591 2303 2642 Rom.

127 2677 174 2737 Bc
197 2675 316 2739 hoe,
340 2693 455 2728 non
477 2681 642 2739 4tum,
667 2674 759 2725 sed
783 2679 955 2724 'Imum
978 2679 1073 2737 est,
1098 2678 1150 2722 et
1171 2673 1396 2723 Versum
1417 2672 1577 2723 alium
1596 2671 1770 2723 habet.

224 2758 347 2811 Lec.
372 2759 445 2825 5.)
470 2761 538 2809 In
559 2758 826 2809 locutione
853 2756 982 2807 “sub
1004 2754 1203 2818 utero”,
1236 2763 1428 2817 uterus,
1461 2759 1521 2804 ut
1543 2753 1684 2820 apud
1710 2753 1857 2820 Virg.
1880 2753 2003 2802 AEn.
2021 2752 2088 2805 Π.
2107 2758 2186 2819 20,
2208 2771 2302 2822 pro

131 2851 307 2894 venter
328 2845 388 2893 in
410 2857 630 2910 genere,
651 2839 742 2891 sub
766 2843 939 2889 autem
961 2844 1021 2888 ut
1042 2839 1100 2888 in
1122 2837 1212 2888 sub
1235 2840 1398 2901 terra,
1422 2834 1823 2903 intelligendum
1847 2840 1942 2886 est.

224 2922 290 2978 V.
315 2926 458 2976 Veni
478 2924 653 2975 electa
667 2919 800 2988 mea]
824 2922 911 2971 Sic
927 2936 1046 2970 cum
1062 2921 1219 2971 Brev.
1236 2921 1384 2970 Rom.
1406 2920 1477 2969 L:
1504 2920 1561 2968 in
1579 2919 1643 2982 A,
1663 2916 1759 2972 (Ὗ.
1777 2918 1913 2969 Veni
1931 2935 2128 2986 sponsa
2141 2921 2304 2972 mea'l

123 3007 184 3056 In
207 3008 363 3057 Brev.
389 3013 573 3058 autem
600 3005 747 3055 Rom.
770 3005 818 3068 R
838 3005 1102 3070 integrum
1125 3008 1204 3053 est
1225 3004 1462 3068 primum,
1487 3006 1540 3051 et
1561 3000 1798 3051 similiter
1819 3018 1914 3068 pro
1937 3001 2170 3070 Martyre
2189 3009 2303 3055 tan-

122 3086 261 3150 tum3
295 3089 374 3139 ita
407 3095 593 3139 tamen
624 3092 682 3137 ut
711 3102 805 3152 pro
843 3086 1211 3152 “praeparavit3
1234 3112 1301 3123 -—
1321 3082 1612 3137 introibis.’'
1646 3084 1851 3151 legatur
1888 3084 2264 3153 “praeparavit
2248 3104 2304 3138 m

127 3172 438 3222 “zaeternum
465 3199 532 3209 -
556 3166 840 3219 introistil’

221 3256 292 3304 Et
320 3270 525 3322 ponam
559 3253 618 3303 in
640 3255 693 3301 te
716 3250 961 3300 thronum
984 3248 1174 3316 meum]
1210 3249 1353 3298 Pro‘
1355 3250 1424 3298 ‘in
1448 3247 1535 3299 te''
1538 3287 1551 3312 ,
1584 3248 1724 3315 quod
1761 3265 1879 3301 cum
1910 3252 2066 3304 Brev.
2088 3253 2234 3304 Rom.
2257 3254 2301 3301 L

125 3340 200 3401 (in
227 3356 332 3405 quo
355 3344 556 3406 postea
584 3333 874 3400 “tronum'')
894 3333 1069 3396 habet,
1093 3334 1142 3383 A
1168 3333 1247 3383 “te
1269 3331 1374 3382 in''.
1401 3331 1546 3383 Idem
1570 3333 1635 3384 de
1657 3334 1704 3398 R
1727 3337 1755 3384 7
1782 3333 2072 3385 dicendum.

223 3419 343 3473 Leo.
369 3420 423 3486 6)
454 3421 601 3471 “non
626 3418 858 3484 corporis
879 3416 1150 3480 lacte,'sed
1172 3415 1416 3482 apostoli,
1442 3416 1592 3467 cum''
1615 3415 1730 3481 &c.)
1762 3418 1842 3467 Eo
1868 3417 2008 3482 quod
2030 3414 2300 3482 apostolus

127 3502 865 3653 defflsst'gffitgctdncupiscct]
890 3583 954 3633 In
977 3583 1020 3633 L
1036 3583 1294 3649 repetiti0,
1318 3587 1424 3633 tam
1442 3587 1564 3633 ante
1588 3598 1743 3648 quam
1768 3587 1889 3649 post
1919 3581 2105 3633 Gloria
2129 3579 2299 3644 Patri,

121 3688 154 3720 a
181 3668 516 3735 “Quoniam”
544 3669 754 3720 demum
775 3666 983 3717 initium
1003 3665 1176 3717 habet.

218 3754 258 3823 ὃ
286 3751 451 3823 82.)
477 3754 544 3803 In
568 3753 726 3802 Brev.
750 3751 916 3814 Rom„
938 3749 1084 3800 —in
1116 3749 1266 3814 cujus
1300 3748 1607 3801 Sanctarum
1632 3749 1970 3800 Lectionibus
2003 3748 2299 3800 Communi-

119 3839 218 3891 bus
241 3838 514 3906 Martyres
541 3850 576 3884 a
606 3833 729 3884 Non
751 3832 1087 3898 Martyribus,
1121 3833 1168 3882 si
1189 3832 1432 3900 Virgines
1455 3834 1575 3897 sint,
1599 3833 1655 3884 in
1686 3832 1851 3898 primo
1870 3827 1964 3899 (cf.
1981 3832 2048 3883 ad
2064 3832 2095 3894 ἓ
2114 3828 2220 3901 80),
2255 3831 2303 3882 si

1760 3944 1825 3989 82

2292 4116 2401 4189 Ϊ
