2910 4457
1734 189 1781 222 ..ἱ

565 436 700 524 lxvj
1114 453 1165 493 ιιι
1190 452 1379 493 nm!
1405 452 1448 492 s.
1475 453 1527 493 ιι.
1554 453 1604 493 v.
1631 452 2124 494 connuoumonsn
2478 437 2602 503 (An
2620 441 2744 503 §148

571 583 734 636 “Item
750 583 853 634 alie
871 582 1150 635 leccioneffl’
1173 589 1281 634 tam
1307 584 1472 635 tertiae
1497 600 1652 650 quam
1677 584 1924 636 secundae
1948 584 2083 649 (quae
2109 581 2226 634 sola
2248 583 2341 634 hic
2363 583 2595 637 brevior
2613 603 2743 651 quam

567 668 623 717 in
640 667 689 716 A
708 674 760 717 et
775 667 831 717 in
848 666 945 718 Ed.
967 673 1147 718 nostra
1163 666 1394 733 legitur),
1414 668 1700 733 praemissO,
1714 669 1845 717 -in
1868 667 2054 718 iisdem
2069 667 2309 717 Praefixis
2342 682 2376 716 a
2391 684 2570 719 manu
2586 685 2742 721 recen·

567 751 701 801 tiore
725 751 948 816 scriptae,
971 749 1155 801 folium
1179 750 1515 801 undecimum
1538 757 1591 800 et
1613 752 1823 818 pag-inae
1847 754 1909 801 23
1932 750 2140 799 initium
2165 756 2454 816 occupant.

667 833 798 895 Quae
819 834 1079 899 posterior
1101 837 1159 883 ιιι
1182 849 1214 882 a
1237 833 1494 899 scriptura
1512 834 1684 899 priore
1705 833 2071 899 distinguatur,
2096 834 2244 898 prior
2261 849 2360 898 per
2375 832 2744 883 indicationem

568 916 664 968 Pr.
688 916 738 968 L
762 918 1005 983 (Praefixa
1020 916 1090 985 L)
1101 916 1286 982 priore
1308 917 1433 981 loce,
1460 919 1573 967 sive
1595 917 1710 968 “Pr.
1728 918 1772 967 L
1795 916 1874 981 1”,
1894 916 2154 984 posterior
2170 932 2267 981 per
2284 913 2384 966 Pr.
2403 915 2461 966 L
2469 916 2746 982 posteriore

568 1002 676 1053 loco
701 1000 813 1050 sive
840 1001 953 1050 “Pr.
979 1000 1022 1049 L
1048 1000 1124 1063 2’',
1152 998 1354 1048 laudari
1376 1003 1568 1064 potest.

651 1083 730 1133 'In
767 1083 812 1132 L
848 1087 1022 1134 autem
1055 1083 1171 1148 ipso
1209 1081 1339 1132 duas
1374 1087 1576 1131 tantum
1612 1081 1716 1132 hoc
1751 1080 1871 1132 loco
1911 1079 2192 1147 Legendas
2232 1078 2532 1141 habemus3
2568 1080 2662 1131 sed
2702 1081 2749 1130 iu

569 1167 815 1217 inferiore
840 1164 1072 1229 ejusdem
1094 1164 1303 1231 pag-inae
1323 1164 1559 1229 margine
1581 1164 1637 1212 in
1664 1179 1768 1228 qua
1791 1163 2050 1229 posterior
2071 1162 2398 1223 terminatur,
2423 1162 2596 1212 rubro
2622 1162 2750 1212 addi·

567 1256 678 1300 tum
701 1247 917 1314 legitur:
958 1245 1212 1311 “Require
1245 1246 1378 1297 alias
1412 1247 1657 1298 lecciones
1691 1246 1756 1297 de
1785 1244 2275 1297 Commemoract'one
2307 1243 2482 1295 Beate
2506 1244 2686 1297 Maria
2706 1246 2753 1295 in

573 1330 860 1396 “principio
883 1327 1057 1380 libo-il*
1081 1329 1115 1378 i.
1142 1344 1186 1378 e.
1210 1329 1269 1378 in
1291 1326 1551 1394 Prafiaeis.

669 1414 905 1463 Duarum
930 1416 1104 1461 antem
1129 1426 1243 1475 quse
1267 1411 1321 1460 in
1345 1409 1500 1474 hujus
1524 1410 1645 1461 libri
1668 1415 1814 1460 textu
1836 1410 1940 1460 hoc
1962 1408 2082 1459 loco
2106 1408 2461 1459 inveniuntur
2483 1409 2753 1477 Legenda·

568 1513 685 1547 rum
702 1492 1027 1562 (quanquam
1050 1493 1164 1544 haec
1189 1493 1483 1559 designatio
1507 1499 1615 1543 tam
1640 1510 1671 1543 a
1694 1498 1841 1543 textu
1865 1509 2019 1558 quam
2045 1508 2077 1541 a
2100 1492 2337 1542 Praefixis
2362 1490 2569 1556 abest),
2606 1493 2755 1558 prior,

570 1580 725 1645 (quae,
748 1583 1093 1644 praeterquam
1133 1575 1274 1640 quod
1311 1575 1524 1626 brevior
1558 1581 1650 1638 est,
1689 1576 1753 1626 cf.
1788 1574 1854 1624 ad
1879 1576 1910 1636 ἓ
1936 1576 2013 1638 29,
2048 1588 2170 1624 cum
2205 1575 2375 1639 prima
2410 1579 2611 1624 nostra
2644 1590 2757 1625 con·

571 1661 790 1725 cordat,)
824 1665 884 1710 ut
917 1665 1116 1722 nostra,
1154 1660 1267 1709 sine
1293 1658 1466 1722 titulo,
1498 1658 1772 1724 posterior,
1797 1659 1933 1722 (quse
1955 1658 2012 1706 in
2036 1658 2208 1723 priore
2231 1659 2445 1707 tant-um
2468 1663 2628 1718 parte
2653 1673 2759 1708 cnm

569 1745 755 1809 quinta
792 1741 973 1794 nostri
1013 1741 1191 1792 eadem
1228 1741 1342 1805 est,)
1375 1756 1470 1806 per
1502 1740 1714 1790 titulum
1757 1739 1904 1791 “Alie
1943 1739 2319 1806 leccionesrper
2351 1738 2655 1804 Extatem’ss
2693 1742 2761 1790 in·

569 1829 762 1878 fertur..

672 1906 828 1970 Quod
861 1912 1036 1957 autem
1072 1904 1139 1955 ad
1174 1903 1360 1955 titulos
1396 1904 1745 1971 supradictoS,
1781 1908 1831 1954 et
1863 1903 2151 1969 praesertim
2185 1903 2253 1953 ad
2275 1901 2623 1961 locutionem
2653 1912 2763 1977 “per
2826 1927 2827 1932 ¹

576 1987 890 2042 “AEstatem”
923 1990 979 2039 in
1010 1989 1198 2039 iisdem
1224 1994 1274 2038 et
1306 1990 1362 2038 in
1384 1988 1752 2055 Legendarum
1785 1994 2081 2037 nostrarum
2116 1986 2270 2037 titulo
2310 1992 2562 2042 secundo
2590 2010 2761 2046 occur·

569 2080 791 2137 rentem,
836 2073 1048 2135 attinet,
1080 2100 1151 2111 —
1186 2088 1343 2137 quum
1387 2071 1569 2122 AEstas
1612 2071 1678 2137 (si
1714 2076 2024 2121 consuetum
2070 2069 2181 2133 eJ'us
2227 2085 2450 2121 sensum
2494 2076 2761 2142 volumus)

571 2155 929 2209 hebdomadas
952 2157 1089 2207 inter
1111 2158 1341 2221 Tempus
1363 2152 1621 2204 Paschale
1656 2159 1707 2204 et
1730 2153 2030 2204 Adventum
2058 2152 2260 2219 positas
2287 2153 2587 2223 significet,
2614 2188 2682 2197 ....

575 2257 670 2307 per
709 2239 1075 2306 Legendarum
1113 2240 1296 2289 harum
1335 2238 1518 2287 titulos
1558 2253 1642 2287 res
1686 2237 1925 2287 ordinata
1958 2251 2075 2286 esse
2104 2235 2328 2299 videtur,
2368 2242 2433 2287 ut
2466 2239 2623 2290 inter
2660 2241 2763 2292 Oet.

572 2324 761 2390 Epiph.
799 2328 851 2371 et
886 2321 1057 2388 Caput
1079 2319 1281 2386 Jejunii
1315 2336 1519 2386 semper
1540 2320 1793 2386 Legenda
1813 2320 1855 2381 1,
1889 2324 2012 2385 post
2033 2319 2391 2370 Pentecosten
2421 2337 2564 2373 vero
2592 2340 2765 2374 omnes

576 2422 684 2468 sex,
710 2405 819 2454 suis
845 2403 1070 2469 singulae
1091 2403 1451 2465 hebdomadis,
1478 2419 1571 2468 per
1594 2402 1828 2452 ordinem
1852 2400 2087 2451 dicendae
2111 2402 2322 2451 fuerint.

675 2487 731 2537 Si
767 2488 883 2551 quis
915 2491 1087 2535 autem
1119 2486 1173 2533 in
1213 2484 1807 2536 Commemorationibus
1843 2485 1980 2534 inter
2015 2482 2131 2533 Oct.
2165 2483 2358 2549 Epiph.
2398 2490 2454 2535 et
2481 2488 2673 2555 Caput
2694 2489 2767 2538 Je-

566 2571 706 2636 jnnii
731 2567 1122 2620 occurrentibus
1147 2568 1426 2618 Lectiones
1452 2582 1656 2632 semper
1680 2566 1888 2617 easdem
1912 2566 2078 2615 fuisse
2101 2567 2276 2616 minus
2306 2567 2553 2622 libenter
2579 2573 2767 2629 credat,
2822 2602 2823 2627 1

573 2654 796 2720 ideoque
813 2653 951 2703 hanc
970 2667 1176 2717 quoque
1196 2652 1320 2700 anni
1338 2657 1554 2717 partem,
1575 2650 1643 2700 ob
1662 2649 1963 2700 Officiorum
1981 2648 2401 2715 similitudinem,
2424 2653 2535 2704 sub
2550 2654 2770 2706 AEstatis
2822 2666 2823 2671 ’

576 2735 838 2786 Marianoe
859 2734 1013 2786 titulo
1040 2733 1300 2784 inclusam
1326 2749 1440 2784 esse
1461 2733 1621 2796 malit,
1644 2758 1702 2768 —
1724 2747 1900 2782 secum
1917 2736 2135 2797 reputet,
2161 2732 2330 2796 primo
2352 2735 2607 2802 quidem,
2630 2755 2771 2805 quam

572 2834 757 2884 parum
789 2824 993 2883 tempus
1025 2817 1128 2866 hoc
1161 2815 1321 2866 oestivi
1354 2832 1545 2867 nomeu
1569 2821 1842 2877 mereatur,
1879 2812 2067 2863 deinde
2091 2828 2219 2863 vero
2244 2813 2571 2883 Lectiones,
2608 2823 2675 2872 in
2699 2822 2771 2872 Os-

519 2908 530 2937 ·'
572 2900 694 2951 ficio
729 2900 902 2950 Parvo
936 2914 1030 2965 per
1064 2914 1240 2949 veram
1273 2913 1483 2962 quoque
1517 2899 1789 2958 AEstatem,
1831 2896 1886 2945 in
1922 2896 2107 2946 ceteris
2149 2894 2772 2953 commemorationibus

574 2999 668 3049 per
691 2987 857 3032 totum
880 2996 1089 3043 annum,
1113 2980 1453 3031 invariabiles
1481 2980 1659 3031 fuisse.

672 3080 735 3128 In
772 3079 951 3144 primae
989 3078 1250 3146 Legendae
1288 3078 1411 3129 Leo.
1457 3084 1499 3141 l,
1531 3079 1577 3127 L
1616 3084 1668 3127 et
1707 3078 1791 3127 Pr.
1830 3077 1875 3126 L
1910 3073 1986 3142 (V.
2027 3077 2254 3146 supra)
2239 3095 2297 3128 m
2330 3083 2577 3145 periodo
2622 3087 2775 3152 prima

577 3160 695 3212 “es''
698 3162 792 3226 ,in
817 3160 1099 3211 secunda“
1104 3159 1245 3226 ergo'
1251 3158 1602 3224 ’omittentes,
1627 3159 1823 3223 amba8‚
1854 3160 2056 3209 etiamsi
2081 3166 2141 3210 ut
2165 3161 2299 3211 duas
2325 3162 2643 3217 nobiscum
2668 3165 2775 3218 seri·
2820 3212 2821 3227 ,

574 3243 714 3305 bunt,
751 3243 925 3307 quoad
959 3261 1172 3295 sensum
1195 3245 1251 3294 in
1271 3261 1432 3294 unam
1459 3245 1832 3311 conjungenda
1851 3244 2181 3309 relinquunt;
2216 3246 2321 3296 nisi
2346 3247 2538 3299 forte
2521 3267 2591 3301 m
2620 3253 2776 3318 prims

576 3326 818 3376 nonnulli
842 3327 1233 3377 invocationem
1255 3327 1597 3377 indicativam
1620 3326 1917 3393 intelligere
1941 3327 2152 3377 malent.

673 3411 847 3475 Hujus
879 3416 1051 3460 autem
1084 3410 1345 3475 Legendae
1376 3410 1657 3462 Lectiones
1690 3415 1797 3460 tam
1828 3411 1887 3459 in
1914 3415 2062 3461 textu
2086 3426 2243 3476 quam
2266 3411 2325 3460 in
2349 3410 2624 3466 Praefixis
2653 3417 2702 3467 L
2723 3417 2777 3465 iu

573 3493 841 3546 breviores
870 3497 1006 3555 sunt,
1038 3499 1098 3542 ut
1120 3493 1287 3558 prima
1309 3508 1402 3557 per
1434 3491 1722 3556 “pietatis'',
1748 3492 1981 3542 secunda
2007 3509 2103 3558 per
2136 3491 2391 3543 “actenus
2431 3501 2676 3550 mentiti
2711 3513 2778 3547 su·

578 3574 772 3639 “mus'',
810 3576 962 3626 tertia
993 3592 1087 3641 per
1121 3572 1400 3626 “ostende''
1435 3575 1513 3638 (in
1536 3575 1621 3624 Pr.
1647 3574 1691 3623 L
1721 3574 1902 3625 “nobis
1940 3574 2175 3625 ostende'
2179 3574 2602 3637 ')terminetur.

675 3657 777 3707 Pro
818 3657 1057 3708 “aurem”
1089 3659 1174 3708 Pr.
1199 3658 1283 3706 L‘
1284 3655 1488 3706 ‘aures''
1504 3672 1517 3718 3
1550 3672 1645 3722 pro
1679 3656 1949 3720 “quidem'’
1988 3658 2033 3706 L
2075 3656 2430 3721 “siquidem”3
2479 3677 2598 3727 pro
2627 3666 2781 3714 Beata

579 3737 803 3806 “Virgo'’
840 3740 926 3790 Pr.
959 3740 1003 3789 L
1044 3740 1235 3790 “Beata
1267 3737 1483 3801 Mariam
1524 3738 1568 3787 L
1604 3745 1773 3788 autem
1806 3739 1920 3803 ipse
1960 3738 2157 3788 “Beata
2190 3740 2359 3806 Virgo
2402 3741 2667 3796 Maria'’·
2651 3766 2667 3811 3
2705 3760 2781 3813 pro

576 3821 967 3887 “Redemptoris
993 3849 1065 3861 -—
1092 3823 1263 3873 cernis
1291 3850 1361 3861 —
1394 3820 1726 3873 Conditoris”
1728 3859 1741 3886 ,
1782 3822 1919 3873 male
1951 3822 1997 3873 L
2036 3821 2373 3875 “Conditoris
2400 3852 2475 3864 —
2500 3832 2708 3882 seruis
2736 3853 2783 3865 -
