2910 4457
618 383 699 446 2⁰
1478 405 1552 445 Αι)
1591 404 1832 446 animan.

619 532 684 571 ne
730 519 942 583 repellas
988 532 1071 571 me
1113 531 1142 570 a
1183 520 1440 571 mandatis
1481 521 1604 569 tuis.

684 584 744 632 In
788 585 935 633 corde
973 596 1085 632 meo
1126 582 1365 633 abscondi
1409 583 1607 644 eloquia

619 649 706 693 tua
731 661 744 695 ε
765 650 823 692 ut
846 658 945 693 non
966 655 1161 704 peccem
1184 644 1293 693 tibi.

683 707 984 756 Benedictus
994 718 1048 755 es
1065 706 1175 756 Dite
1196 707 1342 758 :doce
1357 718 1439 756 me
1460 705 1611 767 iusti-

620 767 878 816 ficationes
899 774 1030 817 tuas.
1229 796 1232 801 ·

685 831 743 878 ln
759 829 904 878 labiis
916 830 1044 878 meis
1065 829 1386 890 pronuntiavi
1407 839 1420 874 z
1437 828 1609 877 omnia

617 891 808 952 ,iudicia
832 893 935 940 oris
952 892 1047 940 tui.

684 954 743 1001 ln
762 954 841 1002 via
865 952 1272 1003 testimoniorum
1291 957 1497 1001 tuorum
1522 953 1611 1000 de·

621 1015 828 1064 lactatus
860 1028 977 1064 sum
1026 1032 1039 1065 ε
1085 1016 1218 1064 sicut
1266 1015 1321 1063 in
1372 1015 1612 1063 omnibus

623 1077 837 1126 divitiis.

684 1140 744 1187 In
773 1137 1026 1187 mandatis
1058 1137 1162 1186 tuis
1197 1138 1457 1187 exercebor
1506 1151 1521 1186 ε
1565 1140 1613 1185 et

622 1201 946 1250 considerabo
973 1200 1082 1247 vias
1104 1203 1235 1247 tuas,

684 1264 744 1311 In
790 1261 1238 1321 justificationibus
1258 1259 1363 1307 tuis
1394 1259 1613 1308 medita-

621 1322 712 1372 bor
739 1339 753 1373 ε
782 1336 880 1371 non
905 1323 1171 1370 obliviscar
1193 1333 1452 1370 sermones
1480 1326 1611 1370 tuos,

691 1385 883 1446 [Gloria
914 1384 1094 1446 Patri.]

983 1446 1250 1494 PsalmuS.

719 1509 913 1557 etribue
944 1521 1088 1558 servo
1109 1514 1225 1569 tuo;
1253 1506 1452 1555 vivifiea
1487 1518 1569 1554 me
1600 1520 1613 1554 ε

719 1575 767 1618 et
787 1571 1069 1619 custodiam
1098 1582 1359 1618 sermones
1377 1573 1509 1615 tuos'.

688 1633 869 1680 Revela
903 1633 1073 1681 oeulos
1097 1644 1236 1685 meos
1264 1637 1348 1680 :et
1381 1629 1617 1678 conside-

624 1694 745 1740 rabo
770 1694 1025 1741 mirabilia
1047 1694 1109 1741 de
1131 1693 1235 1752 lege
1256 1697 1363 1741 tua.

687 1754 855 1802 Incola
876 1768 965 1815 ego
987 1766 1102 1802 sum
1123 1754 1174 1801 in
1204 1759 1335 1801 terra
1361 1769 1374 1802 ε
1397 1765 1496 1800 non
1519 1753 1617 1801 ab·-

623 1817 835 1864 scondas
851 1829 880 1864 a
899 1828 980 1864 me
997 1816 1235 1864 mandata
1256 1819 1363 1862 tua.

686 1876 985 1936 Concupivit
1002 1877 1177 1924 anima
1199 1888 1311 1925 mea
1333 1874 1617 1924 desiderare

621 1938 1004 1998 iustificationes
1031 1943 1145 1986 tuas
1174 1954 1188 1988 ε
1223 1938 1276 1985 in
1303 1937 1444 1985 omni
1484 1941 1615 1986 tem-

622 2012 759 2061 pore.

687 2059 964 2121 Increpasti
1012 2061 1254 2122 superbos
1296 2074 1310 2111 t
1356 2060 1616 2109 maledicti

623 2125 715 2186 qui
739 2125 993 2173 declinant
1014 2136 1044 2172 a
1062 2123 1318 2172 mandatis
1336 2123 1457 2170 tuiS.

685 2187 846 2236 Auser
876 2199 905 2235 a
936 2199 1017 2236 me
1041 2185 1368 2247 opprobrium
1407 2189 1457 2234 et
1494 2196 1617 2233 con-

621 2254 873 2310 temptum
903 2264 916 2301 t
942 2250 1063 2309 quia
1095 2248 1382 2297 testimonia
1413 2252 1500 2295 tua
1526 2260 1618 2296 ex-

624 2323 832 2371 quisivi.

684 2371 888 2420 Etenim
951 2372 1190 2419 sederunt
1241 2370 1518 2430 principes,
1569 2374 1618 2418 et

621 2434 893 2481 adversum
926 2444 1007 2479 me
1036 2432 1368 2491 loquebantur
1399 2446 1411 2480 :
1439 2444 1618 2480 servus

623 2499 792 2541 autem
816 2499 936 2540 tuus
955 2494 1273 2541 exercebatur
1300 2493 1351 2539 in
1372 2492 1619 2551 ,iustifica-

622 2554 848 2602 tionibus
869 2553 987 2601 tuis.

688 2616 818 2665 Nam
840 2621 888 2664 et
914 2614 1202 2664 testimonia
1234 2618 1318 2662 tua
1354 2614 1616 2663 meditatio

622 2689 736 2726 mea
761 2684 836 2726 est
859 2693 871 2728 :
899 2682 947 2725 et
967 2677 1238 2725 consilium
1266 2689 1438 2725 meum
1462 2677 1617 2736 justi-

624 2740 882 2789 ficationes
904 2744 1020 2787 tuae.

690 2800 923 2851 Adhaesit
944 2801 1233 2860 pavimento
1260 2800 1432 2848 anima
1460 2812 1573 2849 mea
1601 2814 1616 2849 ε

625 2862 822 2910 vivifiea
835 2876 916 2912 me
931 2862 1210 2910 secundum
1223 2862 1432 2910 verbum
1445 2868 1614 2910 tuum.

690 2923 813 2970 vias
828 2936 966 2971 meas
982 2923 1274 2981 enuntiavi,
1294 2929 1342 2971 et
1367 2923 1616 2971 exaudisti

622 2996 707 3033 me
729 2999 742 3032 :
767 2985 886 3031 doce
910 2996 993 3030 mc
1009 2984 1395 3040 justificationes
1418 2990 1550 3032 tuas.

686 3045 837 3092 Viam
855 3044 1274 3103 justificationum
1303 3050 1512 3093 tuarum
1532 3046 1618 3093 in-

621 3112 759 3155 strue
780 3119 861 3155 me
896 3120 910 3155 ε
932 3107 981 3153 et
994 3105 1253 3152 exercebor
1278 3106 1331 3152 in
1358 3105 1617 3155 mirabili-

624 3170 722 3218 bus
742 3168 861 3215 tuiS.

686 3227 1176 3278 Dormitavitanima
1193 3238 1304 3274 mea
1327 3239 1426 3286 prae
1442 3227 1615 3279 taedio:

622 3291 868 3341 confirma
888 3289 1041 3336 mein
1061 3288 1228 3335 verbis
1243 3289 1363 3336 tuis,

691 3352 844 3400 Viam
873 3350 1161 3409 iniquitatis
1176 3362 1352 3399 amove
1376 3362 1406 3399 a
1426 3363 1509 3401 me
1537 3356 1617 3403 :et

623 3416 685 3464 de
713 3416 818 3474 lege
843 3418 933 3460 tua
959 3412 1195 3460 miserere
1213 3412 1331 3461 mei.

691 3477 839 3526 Viam
868 3472 1096 3523 veritatis
1115 3472 1241 3533 elegi
1277 3473 1503 3533 :iudicia
1529 3480 1614 3523 tua

624 3551 723 3587 non
743 3550 859 3586 sum
878 3534 1081 3587 oblitus.

1765 518 1975 570 Adhaesi
2023 518 2330 569 testimoniis
2381 518 2486 567 tuis
2523 518 2637 566 Dite
2680 528 2696 562 ε

1703 583 1808 630 noli
1826 594 1908 630 me
1928 581 2251 630 confundere.

1765 644 1917 691 Viam
1961 642 2321 691 mandatorum
2356 646 2565 690 tuorum
2601 653 2703 690 cu-

1704 705 1842 754 curri
1866 703 2015 754 :cum
2034 705 2257 753 dilatasti
2278 717 2361 752 cor
2376 715 2570 752 meum.

1764 765 1938 815 Gloria
1961 767 2120 814 Patri.

1768 828 1833 876 1η
1854 826 2025 876 diebus
2056 827 2207 875 Dom.
2241 824 2276 874 ὰ
2301 827 2412 876 Dine
2445 839 2509 875 ne
2531 827 2585 874 in
2619 826 2703 874 ira

1704 903 1860 951 usque
1884 891 1954 936 ad
2006 902 2141 947 Lxx,
2172 894 2223 937 et
2238 886 2273 937 ὰ
2296 890 2436 938 Deus
2460 888 2705 937 omnium

1704 964 1859 1012 usque
1875 952 1943 998 ad
1965 951 2095 999 Adv.
2115 950 2240 1008 Dat,
2259 951 2463 1012 quando
2476 950 2535 998 de
2549 949 2706 999 Dom.

1705 1014 1896 1074 agitur,
1921 1014 2067 1060 Aaa:
2097 1013 2207 1060 Diis
2229 1013 2475 1073 regitino,
2498 1017 2548 1061 et
2571 1012 2704 1060 nihil

1708 1074 1836 1121 mihi
1858 1074 2045 1123 deerit:
2079 1075 2131 1122 in
2159 1074 2264 1122 loco
2295 1086 2489 1133 pascuae
2521 1073 2591 1121 ibi
2617 1087 2707 1122 me

1708 1136 1985 1184 collocavit.
2078 1136 2143 1182 1η
2170 1134 2315 1196 feriis
2349 1134 2385 1183 ὰ
2408 1135 2518 1182 Dite
2545 1148 2608 1183 ne
2648 1135 2705 1183 in

1707 1197 1783 1245 ira
1813 1210 1965 1258 usque
2002 1198 2071 1245 ad
2099 1210 2226 1256 Lxx,
2272 1203 2322 1244 et
2343 1195 2380 1245 ὰ
2411 1198 2549 1245 Deus
2588 1209 2711 1244 orn-

1710 1259 1855 1306 nium
1906 1272 2058 1320 usque
2110 1261 2180 1306 ad
2219 1260 2350 1306 Adv.
2396 1259 2600 1320 quando
2644 1260 2711 1307 da

1705 1319 1840 1380 feria
1874 1321 2066 1381 αῃίηιν,
2108 1323 2170 1369 Α.
2192 1320 2331 1368 Deus
2369 1319 2550 1369 exaudi
2591 1333 2714 1368 ora·

1708 1382 1897 1430 tionem
1955 1394 2122 1430 meam
2153 1397 2166 1430 z
2220 1383 2435 1430 auribus
2506 1382 2713 1442 percipe

1709 1444 1859 1492 verba
1880 1443 1982 1492 oris
2002 1444 2123 1491 mei.
2197 1444 2263 1490 1η
2286 1443 2431 1504 feriis
2447 1457 2543 1504 per
2569 1446 2709 1494 Adv.

1708 1506 1777 1554 Α.
1791 1505 1918 1554 Veni
1939 1510 1987 1552 et
2002 1505 2157 1553 libera
2175 1517 2283 1563 noS,
2299 1506 2436 1554 Deus
2454 1510 2643 1555 noster.

1897 1565 2188 1627 Symbolum
2220 1568 2510 1615 Athanasii.

1791 1628 2049 1688 uieunque
2073 1629 2183 1676 vult
2202 1629 2377 1677 salvus
2400 1641 2507 1677 esse
2548 1644 2562 1679 ε
2587 1634 2714 1679 ante

1792 1691 1962 1737 omnia
1986 1703 2113 1749 opus
2137 1695 2212 1738 est
2244 1695 2302 1739 ut
2333 1695 2498 1739 teneat
2520 1690 2716 1740 Catho-

1711 1752 1859 1799 licam
1885 1753 2053 1799 tidem.

1772 1813 1941 1873 Quam
1967 1813 2067 1861 nisi
2099 1813 2315 1874 quisque
2336 1813 2589 1875 integram
2621 1814 2718 1862 in·-

1709 1874 2054 1935 violatamque
2069 1876 2342 1924 servaverit
2366 1892 2379 1926 τ
2400 1877 2592 1937 absque
2613 1877 2721 1924 du-

1710 1936 1793 1984 bio
1814 1937 1867 1984 in
1896 1942 2144 1985 aeternum
2168 1937 2367 1997 peribit.

1772 1997 1923 2047 Fides
1964 2003 2132 2047 autem
2172 1998 2427 2048 Catholica
2465 1999 2571 2048 haec
2609 2005 2718 2058 est,

1711 2064 1767 2106 ut
1816 2072 1979 2108 unum
2025 2061 2187 2108 Deum
2229 2061 2282 2108 in
2320 2061 2574 2110 Trinitate
2614 2077 2628 2110 z
2667 2067 2722 2110 et.

1711 2120 2013 2170 Trinitatem
2052 2122 2104 2169 in
2142 2123 2348 2172 Unitate
2385 2136 2719 2173 veneremur.

1775 2183 1949 2244 Neque
1996 2184 2361 2234 confundentes
2399 2197 2652 2245 personas
2704 2203 2720 2238 ε

1712 2258 1874 2305 neque
1902 2246 2241 2294 substantiam
2269 2253 2583 2307 separantes.

1777 2307 1894 2355 Alia
1918 2312 1992 2355 est
2008 2308 2144 2355 enim
2163 2321 2373 2367 persona
2392 2310 2592 2370 PatriS,
2614 2311 2720 2360 alia

1710 2369 1832 2417 Filii
1855 2385 1868 2419 ε
1890 2369 1988 2417 alia
2014 2370 2237 2429 Spiritus
2259 2371 2453 2419 Sancti.

1775 2432 1870 2479 Sed
1905 2431 2097 2488 PatriS,
2122 2438 2169 2479 et
2204 2433 2357 2490 Filii,
2398 2438 2448 2481 et
2489 2432 2723 2493 Spiritus

1713 2492 1884 2541 Sancti
1920 2504 2022 2541 una
2059 2498 2134 2541 est
2166 2494 2415 2543 divinitas
2446 2510 2460 2546 z
2502 2497 2726 2556 aequalis

1713 2554 1897 2614 gloria,
1926 2558 2167 2603 coaeterna
2195 2557 2454 2615 maiestas,

1775 2615 1955 2675 Qualis
1988 2616 2155 2675 Pater,
2196 2618 2317 2666 talis
2353 2619 2523 2668 Filius
2559 2620 2725 2669 :talis

1712 2676 1935 2735 Spiritus
1952 2678 2187 2727 Sanctus·

1775 2739 2036 2787 increatus
2051 2741 2216 2799 Pater,
2241 2741 2501 2790 increatus
2517 2742 2692 2793 Filius
2708 2759 2725 2794 τ

1714 2799 1969 2848 increatus
1991 2801 2213 2860 Spiritus
2235 2803 2473 2852 Sanctus.

1775 2863 2065 2911 immensus
2097 2864 2273 2922 Pater,
2305 2866 2600 2915 immensus
2624 2867 2726 2916 Fi-

1714 2922 1815 2971 lius
1837 2939 1850 2972 :
1875 2924 2159 2972 immensus
2185 2926 2410 2985 Spiritus
2443 2928 2689 2978 Sanctus.

1774 2986 2019 3033 AEternus
2051 2988 2226 3046 Pater,
2256 2993 2481 3038 aeternus
2513 2991 2687 3040 Filius
2715 3007 2730 3041 ε

1712 3050 1933 3094 aeternus
1948 3048 2170 3107 Spiritus
2192 3050 2432 3100 SanctuS.

1773 3108 1836 3156 Et
1869 3112 2038 3158 tamen
2074 3123 2176 3158 non
2223 3117 2327 3161 tres
2362 3113 2543 3162 aeterni
2586 3130 2602 3165 ι
2634 3116 2726 3165 sed

1712 3180 1850 3217 unus
1870 3175 2106 3220 aeternuS.

1717 3291 1727 3301 ·
1774 3231 1915 3278 Sicut
1946 3245 2046 3279 non
2080 3239 2184 3283 tres
2222 3234 2463 3295 increati,
2500 3249 2594 3286 nec
2620 3243 2729 3288 tres

1713 3294 1953 3365 immensi
1993 3309 2007 3343 ε
2044 3296 2130 3343 sed
2165 3308 2308 3345 unus
2343 3297 2635 3359 increatuS,
2678 3307 2731 3350 et

1712 3365 1848 3401 unus
1867 3367 2169 3405 immensus,

1774 3415 2021 3464 Similiter
2034 3419 2359 3479 omnipotens
2374 3422 2548 3482 Pater,
2563 3426 2731 3473 omni-

1711 3478 2074 3585 Qtneffirfffius
2102 3495 2115 3529 ε
2141 3482 2471 3543 omnipotens
2493 3486 2731 3547 Spiritus
