2910 4457
674 437 785 473 xxx
1431 431 1506 466 DE
1533 430 1932 467 COMPLETORIO.

748 563 811 615 P.
869 566 967 614 104
1007 560 1059 611 b.
1114 558 1313 629 Compi.
1355 557 1438 626 x.)
1486 557 1595 620 Qui
1631 566 1808 611 tecum
1844 559 1975 610 vivit
2021 556 2142 624 eta]
2206 558 2378 623 Adde,
2421 560 2515 633 [ut
2543 561 2701 631 infra

684 647 883 718 Compi.
909 646 1032 717 xij]

749 733 945 804 Compl.
972 735 1071 805 xj.)
1096 742 1143 785 et
1167 734 1278 785 eine
1303 732 1435 801 Qui]
1468 733 1656 785 Douce
1682 732 1800 784 Ref.
1829 748 1940 784 om.
1963 743 2026 784 et.

756 820 955 891 Compl.
982 817 1113 891 xij.)
1140 829 1189 870 et
1213 818 1414 886 oaetera]
1445 818 1626 871 Scribe
1650 828 1741 870 ete.

747 907 1064 978 supradicti]
1096 906 1294 976 Gough
1320 910 1387 958 68
1414 915 1469 958 et
1494 906 1678 959 Douce
1703 905 1822 959 Ref.
1849 906 2115 976 praedieti.

749 993 812 1046 P.
841 999 938 1047 105
956 996 1007 1046 1).
1023 993 1219 1064 Compi.
1239 992 1420 1062 xiiij.)
1437 992 1673 1061 dicatur]
1700 992 1888 1046 Douce
1898 993 2016 1046 Ref.
2028 993 2469 1063 dicitur.(Gough
2485 997 2568 1047 68.
2586 994 2694 1062 dr.)

760 1082 822 1134 Ρ.
854 1086 954 1133 106
979 1098 1026 1133 a.
1059 1079 1257 1150 Compi.
1283 1077 1394 1147 xv.)
1418 1079 1523 1132 Pro
1553 1078 2043 1132 Commemoratione
2066 1097 2161 1133 ser.
2188 1082 2697 1142 commemoratione3

685 1179 739 1221 et
764 1186 811 1220 ν.
832 1169 900 1221 ad
925 1186 977 1238 p.
1007 1172 1110 1267 102
1131 1168 1186 1218 1).

752 1342 816 1395 P.
859 1347 962 1395 106
992 1343 1061 1394 b.
1081 1342 1166 1395 Ad
1192 1343 1352 1394 finem
1391 1340 1593 1412 Compl.
1626 1342 1779 1411 xviij.
1808 1341 1932 1393 addi
1957 1351 2128 1411 potest
2159 1342 2520 1412 paragraphus
2543 1344 2697 1397 talis:

685 1435 931 1505 “[Festis
954 1444 1125 1486 autem
1146 1432 1473 1504 simplicibus
1498 1443 1546 1484 et
1557 1433 1721 1502 feriis
1746 1433 1946 1485 dieitur
1973 1433 2171 1504 Compl.
2197 1452 2261 1502 τῃ.
2238 1432 2329 1500 ]''

749 1521 810 1573 P.
856 1526 956 1573 107
990 1539 1038 1574 a.
1081 1521 1246 1590 Kyrie
1285 1522 1350 1573 el.
1390 1520 1475 1590 iij.
1515 1520 1642 1572 Chr.
1680 1521 1747 1572 el.
1786 1520 1872 1589 iij.
1912 1519 1982 1571 K.
2023 1521 2087 1573 el.
2125 1520 2239 1590 iij]
2281 1521 2700 1575 Transferantur

675 1609 794 1661 haee
842 1609 995 1671 infra,
1038 1625 1137 1660 see.
1182 1608 1457 1660 meliorem
1500 1606 1697 1676 Gough
1744 1610 1812 1659 68
1846 1607 2144 1671 lectionem,
2185 1617 2302 1676 post
2337 1612 2369 1637 ‘²
2387 1598 2700 1677 Sequuntur

679 1694 909 1746 Preces.''
931 1695 999 1745 V.
1026 1694 1096 1746 ad
1120 1712 1169 1762 p.
1200 1698 1296 1745 101
1325 1695 1378 1746 1).

747 1781 916 1849 Kyrie
939 1780 1163 1832 eleisonv
1187 1779 1296 1845 iipl]
1326 1778 1495 1843 Adde,
1524 1778 1667 1846 [ter.]

747 1867 808 1917 in
838 1865 1058 1933 Comm.]
1091 1865 1269 1917 Scribe
1293 1864 1467 1934 plene,
1492 1867 1552 1917 in
1577 1868 2050 1919 commemoratione
2072 1889 2083 1930 3
2119 1877 2173 1921 et
2195 1887 2242 1920 v.
2269 1869 2338 1921 ad
2362 1887 2413 1938 p.
2435 1873 2535 1921 102
2558 1871 2612 1921 b.

751 1952 1056 2022 Sequuntur
1079 1950 1305 2018 Preces]
1335 1953 1474 2005 Vide
1508 1971 1665 2022 supra
1696 1954 1767 2011 ad
1799 1954 1970 2024 Kyrie
1992 1953 2054 2006 el.
2084 1954 2389 2008 Secundum
2412 1957 2698 2011 lectionem

664 2049 861 2119 ‘autem
886 2041 1158 2109 vulgatam
1182 2041 1284 2093 hoc
1310 2039 1375 2092 de
1402 2040 1657 2092 Precibus
1680 2039 1895 2110 reliquis
1919 2041 2302 2110 accipiendum,
2320 2042 2488 2112 Kyrie
2505 2041 2701 2096 eleison

590 2127 598 2135 ’
677 2131 782 2200 maj
790 2147 875 2183 ore
898 2128 1007 2198 (i.e.
1025 2132 1056 2158 “
1072 2128 1236 2198 Kyrie
1254 2128 1449 2180 eleison
1467 2138 1558 2180 ter.
1570 2128 1778 2181 Christe
1793 2128 1986 2180 eleison
2005 2138 2093 2180 ter.
2113 2129 2274 2198 Kyrie
2284 2130 2476 2182 eleison
2498 2130 2665 2199 ter.'')‚
2679 2139 2700 2169 ‘¹

680 2218 893 2288 —quod
916 2218 972 2270 in
993 2216 1192 2270 Ordine
1212 2216 1555 2287 completorii
1574 2215 1828 2270 tradendo
1853 2214 2044 2287 parum
2069 2216 2306 2272 ordinate
2328 2218 2394 2287 (v,
2421 2218 2490 2271 ad
2511 2236 2564 2289 p.
2592 2223 2690 2273 101

676 2306 733 2372 b)
761 2304 1083 2374 Antiphonae
1104 2303 1173 2356 ad
1192 2304 1352 2356 Nunc
1370 2303 1597 2356 dimittis
1615 2321 1885 2356 annexum
1903 2305 2276 2367 est,—etiamsi
2296 2306 2351 2357 in
2378 2307 2548 2375 primo
2574 2314 2697 2359 tan-

679 2388 799 2441 tum
824 2399 877 2443 et
900 2390 1090 2442 ultimo
1111 2391 1466 2459 completorio
1485 2394 1684 2444 mentio
1703 2393 1748 2460 ej
1756 2410 1815 2444 us
1835 2393 1912 2457 fit,
1930 2394 1987 2444 in
2006 2395 2251 2447 omnibus
2267 2402 2445 2448 tamen
2463 2395 2700 2463 reliquiS,

680 2483 1027 2546 praeterquam
1052 2478 1108 2527 in
1135 2476 1342 2545 Compl.
1367 2478 1601 2547 oe—oeiij,
1626 2479 2008 2532 subintellecta

753 2562 914 2615 Pater
951 2570 1137 2615 noster.
1175 2563 1287 2615 Ave
1312 2562 1507 2616 Maria.
1581 2564 1657 2617 Et
1691 2583 1758 2618 ne
1795 2583 1907 2619 nos.
1948 2566 2054 2620 Sed
2088 2568 2295 2637 libera]
2338 2568 2397 2621 Si
2430 2579 2567 2621 recte
2599 2555 2699 2624 hic

680 2652 935 2705 insertum
960 2660 1040 2705 est
1070 2652 1180 2704 Ave
1201 2651 1389 2705 Maria
1417 2651 1580 2720 (quod
1602 2661 1782 2705 tamen
1814 2654 1929 2707 loco
1960 2656 2207 2724 parallelo
2243 2657 2331 2709 Pr.
2358 2662 2391 2709 4
2425 2675 2474 2720 a,
2499 2666 2611 2709 tam
2638 2659 2699 2710 in

683 2740 1059 2793 Sarisburiensi
1096 2739 1264 2808 quam
1300 2740 1356 2792 in
1391 2739 1712 2793 Eboracensi
1745 2740 2034 2805 Breviario,
2063 2743 2312 2795 omissum
2345 2750 2470 2804 est¹z
2509 2743 2576 2796 cf.
2624 2746 2702 2797 ad

681 2845 731 2895 p.
762 2831 828 2878 16
865 2834 935 2893 a),
972 2842 1184 2878 necesse
1221 2833 1301 2877 est
1335 2833 1460 2878 ante
1492 2826 1631 2880 hane
1669 2826 2056 2881 Salutationem
2089 2829 2251 2881 Pater
2285 2840 2453 2882 noster
2488 2829 2703 2883 dicatur

679 2914 938 2979 inteqrum
980 2929 1108 2963 cum
1146 2913 1329 2977 Amen,
1367 2922 1486 2981 post
1528 2927 1645 2967 eam
1689 2923 1867 2967 autem
1913 2915 2051 2985 (scil.
2085 2925 2207 2985 post
2247 2915 2351 2970 duo
2389 2917 2505 2969 haec
2541 2920 2703 2987 “pri-

682 2998 876 3051 vatim''
918 2998 1130 3066 integra
1165 2998 1345 3068 dicta),
1382 3001 1493 3051 “in
1529 3001 1831 3054 audiendi?
1865 3003 2011 3056 dicat
2055 3002 2326 3069 SacerdOS‚
2382 3004 2462 3055 Et
2500 3023 2564 3056 ne
2600 3024 2702 3057 nos

689 3084 931 3155 [inducas
956 3086 1017 3136 in
1047 3084 1420 3162 tentationem}
1493 3087 1568 3142 ³&
1597 3086 1705 3140 Sed
1744 3088 1909 3141 libera
1938 3108 2030 3141 uos
2059 3090 2115 3158 [a
2145 3089 2326 3159 malo}
2390 3090 2552 3143 Plura
2574 3092 2704 3145 vide

683 3171 750 3225 ad
788 3171 849 3223 P.
882 3175 945 3224 16
969 3189 1018 3225 a.
1046 3179 1099 3224 et
1123 3172 1298 3225 confer
1323 3174 1486 3225 etiam
1513 3173 1599 3225 Pr.
1627 3180 1659 3226 5
1690 3193 1738 3228 a.
1773 3193 1895 3229 eum
1932 3179 2273 3230 annotatione
2297 3185 2491 3231 nostra.
2566 3178 2612 3229 F
2616 3196 2704 3231 01·—

745 3291 768 3321 Ρ
805 3284 867 3331 In
906 3284 1076 3331 Douce
1110 3284 1220 3333 Res.
1259 3287 1289 3311 “
1308 3285 1434 3348 Kyri
1470 3285 1731 3349 eleyson'':
1768 3287 1821 3334 in
1857 3288 2002 3335 Brev.
2041 3288 2205 3335 Heres.
2242 3288 2399 3336 Partis
2438 3289 2702 3339 AEstivalis

682 3367 750 3430 (v.
773 3373 938 3413 notam
958 3385 1008 3429 g,
1033 3383 1081 3429 p.
1107 3365 1213 3428 xix)
1241 3370 1271 3394 “
1288 3367 1415 3430 Kyri
1436 3367 1555 3415 el.’':
1593 3385 1636 3416 v.
1664 3369 1725 3416 ad
1747 3386 1794 3433 p.
1823 3371 1881 3417 16
1906 3386 1947 3419 a.

745 3456 774 3487 ‘1‘
802 3448 878 3495 De
903 3447 1078 3495 Officio
1103 3447 1327 3495 Romano
1349 3464 1394 3495 v.
1414 3449 1476 3495 ad
1498 3464 1545 3511 p.
1572 3452 1636 3497 22
1658 3451 1702 3498 1).

743 3540 762 3562 ¹
786 3531 864 3580 Sic
882 3531 1028 3579 etiam
1044 3530 1096 3578 in
1121 3530 1285 3581 Heref.
1310 3531 1363 3578 in
1384 3530 1464 3583 Pr.
1491 3533 1548 3580 de
1572 3532 1628 3581 T.
1655 3533 1809 3581 Partis
1833 3533 2112 3583 AEstivalis:
2141 3550 2185 3583 v,
2215 3540 2377 3583 notam
2398 3552 2448 3597 g,
2473 3550 2518 3598 p.
2546 3536 2649 3586 xix.
