2910 4457
207 427 239 490 ς
263 426 538 493 177—181)

205 590 384 625 amore
409 572 685 625 delebratis
709 577 865 626 hodie
897 578 1090 642 gaudia
1114 582 1240 627 tem-

244 656 335 690 ore
380 642 516 690 festi.
572 640 643 691 In
687 640 934 694 Paschali
997 643 1242 707 Tempore

226 705 484 772 additur];
510 706 740 772 alleluja.
764 707 853 758 Ps.
876 710 1197 774 Magnificat.

282 771 477 834 Oratio,
514 775 662 823 Deus
698 776 788 837 qui
820 776 974 826 nobis
1008 792 1102 841 per
1134 777 1238 825 sin·

201 838 360 905 gulos
385 855 553 888 annos
580 840 631 902 (ἓ
660 841 790 898 166).

358 899 672 987 [Ἦιώτίεαε
716 904 1086 993 wenstan]

273 983 314 1052 β
363 985 563 1048 178.)
613 989 688 1037 Et
730 990 801 1039 sie
831 990 937 1055 fiat
980 990 1240 1040 servitium

201 1052 431 1119 quotidie
444 1054 508 1103 de
526 1053 864 1105 Dedicatione
865 1072 968 1120 per
986 1064 1092 1105 octo
1114 1056 1238 1118 dies,

201 1135 317 1168 cum
339 1120 585 1185 regimine
610 1120 752 1169 chori
759 1139 777 1181 ;
809 1130 856 1170 et
879 1122 1029 1171 etiam
1050 1122 1108 1171 in
1129 1121 1238 1171 Do·

200 1186 395 1234 minica
405 1203 424 1246 ,·
458 1186 561 1235 nisi
571 1185 767 1250 festum
787 1187 844 1236 ix
867 1187 1136 1237 lectionum
1160 1188 1239 1237 in-

200 1258 482 1313 tercurrat,
519 1251 599 1300 vel
632 1252 788 1301 trium
822 1253 1092 1303 lectionum
1127 1271 1240 1303 cum

198 1333 259 1366 re
294 1317 452 1367 imine
472 1317 631 1377 ehori;
652 1318 839 1367 seilicet
856 1320 900 1368 si
916 1319 979 1367 ab
1008 1319 1112 1368 Oct.
1132 1318 1237 1368 Pa-

200 1399 253 1432 se
290 1400 334 1431 ce
356 1399 514 1447 usque
537 1382 609 1432 ad
631 1384 989 1434 Ascensionem
1007 1384 1134 1447 D‘r‘ii,
1159 1385 1240 1434 vel

200 1465 236 1497 a
256 1448 400 1513 festo
438 1447 644 1498 Sanctae
677 1448 950 1500 Trinitatis
979 1467 1133 1515 usque
1166 1451 1239 1500 ad

199 1514 503 1564 Adventum
525 1513 651 1575 Dm,
686 1515 778 1565 hoc
798 1516 995 1581 festum
1019 1516 1237 1582 contiqe·

199 1581 299 1640 rit,·
323 1580 406 1630 vel
430 1580 581 1629 etiam
603 1580 666 1629 ab
694 1579 797 1630 Oet.
818 1581 1132 1646 Epiphaniae
1154 1599 1236 1632 us-

200 1663 297 1711 que
316 1646 390 1695 ad
409 1644 580 1695 LXX.
607 1645 843 1706 Quotidie
862 1649 1010 1697 etiam
1021 1664 1122 1711 per
1144 1648 1236 1697 Oe-

197 1720 360 1774 tavas,
376 1712 451 1761 ad
463 1711 590 1760 Mat.
600 1712 720 1775 inv„
738 1713 887 1778 hym„
901 1713 1027 1776 affice,
1043 1721 1089 1763 et
1091 1715 1235 1777 psal-

197 1778 271 1827 mi
295 1778 428 1827 sieut
444 1777 502 1826 in
511 1778 691 1841 prima
707 1780 806 1841 die,
826 1778 957 1832 Vlus
974 1788 1021 1829 et
1039 1781 1140 1842 Bcia
1160 1796 1235 1829 se-

199 1843 428 1893 cundum
459 1843 694 1893 ordinem
722 1844 1120 1906 Nocturnorum,
1155 1846 1234 1895 di-

198 1917 390 1958 cuntur
397 1928 415 1968 ;
448 1917 497 1958 et
528 1926 637 1958 una
659 1912 768 1960 sola
791 1910 897 1959 αἵία
918 1928 1072 1974 super
1095 1910 1235 1961 Lau-

198 1975 304 2025 des.
345 1975 421 2025 Et
461 1975 685 2039 quotidie
718 1976 868 2041 infra
911 1976 1125 2026 Octavas
1163 1976 1236 2027 ad

212 2040 385 2104 Vesp's
420 2048 468 2089 et
492 2040 565 2089 ad
589 2041 716 2090 Mat.
742 2051 789 2091 et
811 2042 883 2091 ad
905 2042 1036 2092 alias
1059 2042 1237 2092 Horas

197 2106 392 2156 dicitur
414 2106 518 2155 ista
550 2104 743 2169 Oratio,
767 2109 912 2157 Deus
938 2110 1029 2172 qui
1050 2108 1233 2158 Eccle-

198 2174 329 2223 siam
351 2177 500 2219 tuam
525 2172 783 2237 Sponsam
808 2174 859 2239 (ἓ
888 2175 1019 2240 175).

267 2237 305 2304 ἓ
332 2236 534 2303 179.)
563 2240 602 2288 ἵ
627 2237 690 2289 Si
711 2257 829 2290 vero
853 2240 1005 2306 infra
1026 2240 1233 2291 Adven-

198 2313 319 2368 tum,
344 2307 423 2356 vel
446 2305 600 2370 infra
625 2304 1057 2372 Septuaqesimam
1078 2323 1233 2372 usque

198 2372 271 2421 ad
300 2371 469 2437 Caput
493 2370 703 2437 Jejunii,
736 2372 828 2423 hoo
846 2373 1043 2437 festum
1077 2373 1233 2422 conti-

195 2438 346 2503 9erit,
403 2437 606 2487 Oetavoe
641 2446 792 2487 erunt
835 2439 943 2488 sine
988 2439 1234 2504 reqimine

200 2503 345 2553 chori
375 2519 535 2568 usque
569 2502 641 2552 ad
663 2512 891 2553 octavum
916 2505 1049 2554 diem
1061 2523 1079 2564 ,·
1111 2512 1234 2554 tuno

199 2571 333 2619 enim
341 2570 489 2634 fiant
520 2569 578 2618 ix
608 2570 843 2619 lectiones
878 2578 925 2620 et
947 2570 1234 2619 invitatori·

198 2651 284 2684 um
320 2636 529 2700 triplex,
563 2635 666 2683 nisi
695 2635 753 2684 in
774 2636 1053 2686 Dominiea
1076 2636 1234 2685 eonti-

196 2701 345 2765 9erit.
393 2701 474 2750 Et
507 2701 554 2750 si
598 2701 807 2766 aliquod
838 2703 1035 2767 festum
1079 2703 1235 2752 trium

201 2767 292 2816 lec.
316 2768 395 2817 vel
427 2766 621 2816 Octava
638 2765 946 2818 Sanctorum
969 2767 1120 2832 infra
1142 2768 1235 2817 has

210 2829 426 2881 Octavas
459 2832 740 2897 eontigerit,
776 2841 933 2884 totum
942 2834 1045 2898 fiat
1080 2835 1235 2884 servi-

202 2897 328 2946 tium
340 2898 404 2948 de
413 2898 557 2963 sesto
569 2899 648 2947 vel
659 2899 722 2948 de
742 2898 945 2962 Octava,
973 2908 1020 2948 et
1037 2907 1236 2949 tantum

202 2965 448 3013 memoria
480 2964 546 3014 de
579 2964 936 3025 Dedicatione;
959 2965 1236 3015 Dominio&

200 3045 320 3078 vero
352 3047 463 3094 quce
496 3038 619 3078 tunc
651 3031 801 3096 infra
832 3031 1046 3080 Octavas
1067 3033 1147 3081 vel
1177 3031 1236 3081 in

213 3093 402 3144 Octava
425 3096 665 3158 evenerit,
685 3105 840 3146 totum
850 3098 953 3162 fiat
975 3098 1236 3147 servitium

203 3159 267 3210 de
305 3161 326 3208 i
361 3178 422 3210 sa
460 3161 651 3224 Dssiea,
687 3171 734 3213 et
768 3171 966 3214 tantum
992 3163 1237 3214 memoria

204 3225 268 3277 de
290 3178 647 3277 ffidioatione.

270 3293 309 3341 ἵ
338 3292 463 3342 Cum
481 3302 652 3343 autem
675 3311 708 3343 a
731 3294 1109 3345 Cireuneisione
1126 3295 1233 3344 Do-

205 3357 331 3406 mini
352 3375 508 3424 usque
531 3359 605 3409 ad
632 3360 735 3410 Oct.
765 3361 973 3426 Epiph„
997 3363 1077 3411 vel
1099 3379 1133 3410 a
1154 3361 1239 3426 iiij

196 3422 345 3487 seria
365 3425 422 3473 in
441 3426 606 3490 capite
610 3427 803 3491 jejunii
819 3444 972 3492 usque
990 3428 1062 3477 ad
1078 3444 1233 3492 quar—

209 3494 311 3538 tam
322 3489 520 3554 feriam
542 3501 662 3544 ante
684 3491 903 3554 Pascha,
926 3494 1006 3544 vel
1028 3511 1064 3541 a
1102 3492 1234 3555 Vigi-

210 3552 285 3601 zia
316 3554 635 3607 Ascensionis
667 3559 781 3608 Diti
811 3575 966 3624 usque
1004 3559 1078 3609 ad
1123 3558 1232 3623 Viq.

211 3615 376 3680 Pent.,
396 3620 486 3670 hoc
494 3623 692 3687 festum
695 3625 844 3689 forte
855 3624 1136 3690 eontigerit,
1154 3624 1232 3674 ni-

211 3681 288 3733 hil
305 3685 408 3749 fiat
441 3688 504 3738 de
525 3689 664 3752 festo
698 3690 850 3755 infra
880 3690 1109 3754 Octavas,
1139 3706 1233 3740 nec

210 3750 362 3826 etiam
398 3752 456 3804 in
502 3754 707 3820 Octava,
752 3756 854 3807 nisi
891 3765 1090 3808 tantum
1132 3772 1233 3809 me·

209 3831 388 3867 morta.

952 445 1001 482 IN
1027 444 1353 483 DEchA‘rICNE
1381 444 1649 483 ECCLESIAE.

2242 425 2366 491 201

1407 575 1443 642 ᾗ
1474 574 1678 642 180.)
1714 575 1755 625 Ἴ
1779 574 1840 625 Si
1861 582 2029 625 autem
2049 591 2085 624 a
2119 572 2229 641 ch.
2257 574 2367 624 Na-

1340 645 1425 695 tiv.
1461 644 1576 694 D'r‘ii
1608 657 1763 708 usque
1801 641 1873 690 ad
1912 640 2042 691 Circ.
2066 640 2194 701 Dm,
2228 641 2308 691 vel
2334 656 2369 689 α

1338 718 1528 777 quarta
1548 710 1700 775 feria
1727 707 1975 772 proxima
2013 715 2133 756 ante
2162 705 2368 783 ‘Pascha

1337 792 1494 892 ’ἰὲἕῶῗ
1525 776 1598 893 ‘22³
1619 770 2369 903 3⁰²2222552⁸⁶35323⁶Zt⁷50282122

1339 907 1548 959 Sanctae
1574 905 1857 965 Trinitatis,
1883 904 1975 953 hoe
1985 904 2180 969 festum
2197 918 2368 953 evene·

1338 974 1424 1036 rit,
1463 989 1660 1038 semper
1696 971 1973 1035 differatur
2011 968 2099 1018 ubi
2137 967 2368 1018 conveni-

1339 1040 1505 1091 entius
1519 1038 1683 1103 possit
1706 1035 1954 1087 celebrari
1961 1053 1978 1095 ;
2001 1034 2234 1085 videlicet
2245 1041 2368 1098 post

1346 1105 1451 1156 Oet.
1493 1104 1707 1169 Epiph.,
1747 1103 1826 1152 vel
1854 1109 1975 1165 post
2017 1099 2231 1150 Octavas
2263 1098 2367 1149 Pa·

1336 1173 1481 1232 sohae,
1516 1171 1594 1220 vel
1614 1176 1735 1234 post
1760 1168 1989 1231 primam
2010 1165 2236 1215 D‘r‘iieam
2246 1172 2368 1230 post

1323 1238 1522 1303 festum
1546 1235 1750 1287 Sanctae
1783 1232 2072 1283 Trinitatis.

1403 1318 1442 1367 Ἰ
1478 1315 1540 1367 Si
1571 1333 1690 1366 vero
1702 1316 1898 1381 festum
1930 1315 1988 1364 in
2020 1312 2240 1378 Di‘iieaj
2257 1311 2367 1362 Ad-

1335 1392 1515 1433 ventus
1546 1382 1674 1444 Dm,
1709 1382 1788 1431 vel
1821 1382 1879 1431 in
1912 1382 1962 1431 iv
1974 1380 2126 1446 feria
2146 1380 2206 1429 in
2228 1378 2365 1441 eapi-

1337 1458 1383 1499 te
1408 1449 1618 1514 jejunii,
1658 1449 1739 1498 vel
1775 1448 1834 1497 in
1871 1447 2047 1496 Dnica
2083 1443 2365 1506 Passionis,

1334 1517 1415 1565 vel
1437 1517 1496 1564 in
1518 1514 1692 1564 Dnica
1714 1510 2031 1573 Palmarum,
2066 1512 2146 1561 vel
2168 1512 2226 1560 in
2257 1511 2364 1559 Oct.

1336 1580 1565 1642 Pasehoe,
1583 1580 1661 1629 vel
1678 1579 1885 1644 infesto
1907 1577 2111 1629 Sanetae
2139 1575 2366 1625 Trinita-

1334 1647 1413 1708 tis,
1460 1647 1540 1696 vel
1583 1646 1641 1694 in
1674 1645 1814 1710 festo
1867 1643 2108 1707 Corporis
2158 1640 2362 1703 Christi,

1322 1712 1472 1780 forte
1495 1711 1776 1777 coritiqerit,
1810 1710 2086 1774 differatur
2107 1709 2166 1758 in
2189 1706 2365 1756 crasti-

1334 1795 1473 1840 num,
1500 1786 1545 1827 et
1570 1785 1721 1827 erunt
1758 1777 1988 1839 Vesperae
2010 1775 2074 1825 de
2096 1772 2361 1823 Dedicati-

1335 1860 1444 1894 one.
1471 1842 1720 1893 Similiter
1729 1843 1835 1907 fiat
1856 1842 1900 1891 si
1921 1842 1979 1891 in
2002 1841 2086 1891 die
2109 1840 2225 1889 Asc.
2250 1837 2364 1888 Dm

1335 1910 1575 1969 evenerit;
1597 1909 1686 1958 sed
1710 1918 1756 1958 et
1774 1917 1893 1958 tune
1910 1908 2042 1957 nihil
2050 1906 2155 1971 fiat
2177 1905 2242 1955 de
2260 1904 2363 1953 De-

1334 1975 1589 2026 dicatione
1610 1975 1761 2040 infra
1787 1974 2000 2023 Octavas
2017 1987 2170 2037 usque
2194 1970 2266 2020 ad
2283 1986 2362 2019 oe-

1335 2050 1508 2091 tavum
1531 2041 1679 2104 diem,
1702 2041 1804 2089 nisi
1826 2048 2025 2089 tantum
2045 2036 2304 2086 memoria.

1401 2104 1439 2172 §
1468 2105 1659 2173 181.)
1703 2106 1742 2155 Ἰ
1782 2104 1844 2155 Si
1882 2121 2000 2154 vero
2045 2103 2138 2152 hoe
2165 2101 2363 2166 festum

1332 2173 1691 2223 Dedicationis
1713 2171 1956 2221 Ecclesiae
1987 2187 2022 2219 a
2031 2169 2172 2235 festo
2197 2165 2362 2216 Sane-

1333 2249 1396 2290 toe
1446 2239 1718 2289 Trinitatis
1756 2254 1909 2302 usque
1953 2237 2024 2287 ad
2069 2234 2362 2309 Adventum

1331 2305 1445 2355 D‘r‘ii
1467 2307 1526 2355 in
1547 2305 1720 2355 Dnica
1740 2304 1886 2369 forte
1917 2300 2197 2366 contigerit,
2231 2306 2277 2348 et
2302 2315 2361 2347 in

1330 2373 1448 2437 ipsa
1464 2371 1639 2421 Diiica
1654 2370 1869 2420 historia
1886 2367 2181 2418 inchoanda
2186 2364 2362 2430 fuerit

1332 2455 1444 2503 quae
1483 2455 1589 2487 non
1610 2437 1783 2502 fuerit
1822 2436 2082 2485 duratura
2120 2430 2221 2482 nisi
2254 2445 2360 2506 per:

1331 2521 1491 2553 unam
1512 2501 1880 2553 hebdomadam
1903 2508 2118 2562 tantum,
2142 2506 2262 2560 tune
2287 2495 2360 2544 ibi

1333 2570 1597 2619 inchoetur
1614 2568 1831 2619 historia
1847 2584 1959 2617 cum
1974 2563 2216 2615 memoria
2244 2570 2358 2638 tart-

1333 2644 1453 2697 tum,
1476 2644 1524 2685 et
1542 2634 1903 2699 hocprivatim;
1924 2641 1970 2684 et
1989 2639 2146 2682 totum
2160 2635 2359 2678 serviti-

1332 2719 1419 2752 um
1417 2701 1523 2766 fiat
1535 2701 1598 2751 de
1610 2699 1967 2760 Dedicatione;
1989 2705 2035 2748 et
2046 2697 2103 2746 in
2113 2693 2273 2745 tribus
2272 2692 2359 2757 fe·

1332 2768 1427 2817 riis
1463 2784 1566 2831 per
1597 2765 1964 2816 hebdomadam
1997 2771 2102 2812 tota
2126 2767 2361 2811 cantetur

1333 2832 1549 2882 historia
1561 2849 1673 2882 cum
1684 2831 1850 2895 Respo
1856 2830 2038 2880 nsoriis
2050 2825 2364 2901 Fer-talibus,-

1334 2906 1383 2948 et
1430 2900 1490 2949 in
1527 2899 1634 2948 illis
1673 2897 1833 2947 tribus
1861 2896 2022 2962 feriis
2053 2894 2158 2958 fiat
2187 2907 2362 2957 primo

1332 2965 1578 3015 memoria
1627 2964 1691 3014 de
1735 2962 2090 3022 Dedicatione,
2131 2967 2179 3009 et
2218 2957 2364 3007 dein-

1334 3030 1399 3081 de
1421 3031 1486 3080 de
1516 3029 1690 3092 Cruce,
1715 3028 1780 3079 de
1805 3028 1861 3079 S.
1885 3028 2079 3089 Maria,
2108 3026 2172 3076 de
2197 3023 2362 3074 Sane-

1334 3106 1384 3147 to
1407 3095 1550 3156 Loci,
1585 3105 1632 3147 et
1665 3096 1729 3146 de
1772 3094 2013 3145 Omnibus
2049 3090 2280 3151 Sanctis,-
2315 3095 2363 3138 et

1334 3162 1606 3226 Expositio
1651 3161 1933 3226 Euanqelii
1977 3159 2041 3209 de
2085 3158 2260 3208 Dmoa
2304 3170 2361 3205 eo

1333 3245 1474 3278 anno
1495 3226 2159 3293 omnino'proetermittatur.
2182 3221 2272 3271 Ita
2289 3229 2363 3270 ια-

1332 3312 1449 3344 men
1490 3295 1625 3359 quod
1662 3290 1706 3344 s'i
1744 3292 1954 3358 aliquod
1981 3292 2177 3357 festum
2207 3287 2363 3364 trium

1334 3361 1424 3410 lec.
1454 3361 1513 3409 in
1550 3361 1656 3410 illis
1695 3359 1856 3409 tribus
1885 3359 2044 3424 feriis
2079 3357 2360 3420 contiqerzt,

1333 3427 1425 3477 illo
1437 3443 1576 3476 anno
1594 3427 1797 3475 omnino
1798 3423 2242 3490 prcetermittatur.
2264 3419 2362 3469 Ta-

1332 3509 1449 3542 men
1491 3491 1692 3541 Oetavae
1725 3490 2079 3541 Dedicationis
2117 3487 2361 3539 Ecclesioe

1333 3567 1487 3609 erunt
1508 3559 1567 3608 in
1588 3557 1904 3622 sequentibus
1938 3554 2113 3607 diebus
2136 3571 2248 3604 cum
2279 3568 2361 3602 re-

1329 3625 1519 3690 qimine
1565 3623 1733 3686 chori,
1779 3623 1881 3672 nisi
1919 3636 2017 3687 per
2050 3620 2362 3685 proedictam

1333 3708 1538 3740 eausam
1575 3689 1939 3754 impediantur,
1977 3703 2132 3752 usque
2171 3687 2243 3736 ad
2283 3702 2361 3735 oc-

1331 3764 1504 3807 tavum
1542 3757 1676 3806 diem
1683 3774 1700 3816 ;
1740 3763 1788 3805 et
1825 3762 1947 3804 tunc
1986 3762 2140 3804 erunt
2177 3754 2234 3803 ix
2267 3753 2359 3802 lec.

1332 3839 1444 3874 cum
1465 3821 1760 3874 invitatorio
1793 3820 1989 3885 triplici
1995 3838 2014 3883 ,⁰
2043 3821 2146 3870 nisi
2167 3819 2360 3885 duplex
