2910 4457
543 477 665 543 156

537 625 702 677 odisti
718 626 1062 690 iniquitatem.
1089 627 1376 693 Propterea
1398 625 1576 694 [bene-

542 692 680 743 dixit
695 699 749 742 te
766 694 911 742 Deus
928 693 983 741 in
1002 692 1282 759 aeternum].

934 757 1108 808 Lectio
1131 760 1186 825 ᾔ.

637 837 727 872 ms
760 825 895 873 enim
918 824 1146 874 humano
1172 840 1286 875 eam
1306 826 1475 890 possit
1496 825 1575 875 in-

543 836 634 951 (Q
653 891 807 955 genio
834 891 1283 954 comprehendere,
1304 907 1458 955 quam
1474 907 1578 941 nec

542 963 733 1007 natura
766 957 875 1006 suis
913 957 1125 1005 inclusit
1164 956 1405 1022 legibus?
1445 958 1578 1007 Haec

542 1024 695 1088 virgo
722 1023 997 1071 accersivit
1023 1037 1050 1070 e
1074 1022 1219 1071 coelis
1244 1022 1385 1086 quod
1406 1024 1576 1072 imita-

539 1097 684 1137 retur
699 1089 754 1137 in
771 1089 938 1136 terris,
968 1088 1011 1135 N
1016 1103 1075 1136 ec
1092 1089 1343 1137 immerito
1362 1088 1579 1138 vivendi

542 1155 645 1205 sibi
691 1169 842 1203 usum
887 1154 1128 1216 quaesivit
1175 1169 1203 1202 e
1249 1154 1381 1204 eoelo
1398 1192 1413 1214 ,
1462 1170 1577 1217 quae

545 1221 810 1286 Sponsum
828 1219 928 1268 sibi
946 1219 1148 1267 invenit
1159 1220 1214 1267 in
1227 1220 1377 1269 coelo.
1399 1219 1577 1279 Quan-

544 1301 701 1348 quam
725 1301 822 1349 ego
847 1283 1202 1334 laudationem
1235 1302 1341 1334 non
1367 1286 1577 1351 suscepi

542 1350 875 1416 virginitatis,
922 1350 1014 1398 sed
1060 1353 1462 1415 expressionem,
1509 1351 1578 1400 ad

539 1433 653 1466 rem
670 1423 843 1464 tamen
863 1417 1117 1480 pertinere
1136 1417 1371 1479 arbitror,
1391 1424 1448 1466 ut
1461 1433 1577 1480 quae

542 1484 614 1534 sit
637 1483 686 1530 ci
707 1483 890 1546 patria,
915 1483 1030 1544 quis
1055 1490 1252 1544 auctor,
1279 1491 1543 1548 appareat.

611 1550 658 1612 R
684 1552 728 1596 2.
761 1548 982 1612 Propter
1016 1550 1302 1609 veritatem,
1345 1555 1397 1597 et
1428 1564 1577 1597 man-

546 1614 891 1676 suetudinem,
912 1620 963 1663 et
974 1614 1245 1676 justitiam.
1270 1616 1337 1663 Et
1355 1615 1579 1664 deducet

542 1687 597 1730 te
627 1680 932 1729 mirabiliter
966 1679 1178 1728 dextera
1209 1687 1314 1729 tua.
1349 1679 1413 1732 V.
1438 1680 1580 1729 Audi

541 1746 654 1795 filia
673 1753 725 1794 et
750 1745 870 1794 vide
883 1783 895 1806 ,
931 1751 982 1794 et
998 1745 1195 1794 inclina
1212 1761 1389 1794 aurem
1405 1752 1547 1795 tuam
1562 1762 1577 1806 3

544 1818 599 1861 et
622 1810 933 1861 obliviscere
955 1811 1206 1875 populum
1226 1818 1387 1872 tuum,
1414 1819 1467 1860 et
1486 1811 1577 1861 do-

543 1893 685 1926 mum
708 1877 868 1940 patris
886 1877 979 1924 tui.
1008 1878 1076 1925 Et
1095 1875 1337 1942 [deducet
1354 1884 1405 1925 te
1423 1878 1578 1926 mira·

543 1943 718 1994 biliter
742 1942 953 1991 dextera
979 1941 1107 2007 tuaJ.
1304 1941 1480 1992 Lectio
1502 1943 1578 2008 iij.

635 2022 758 2056 ems
796 2008 888 2057 ubi
928 2008 995 2057 sit
1040 2009 1207 2073 patria
1252 2007 1577 2058 diffiniamus.

543 2020 686 2135 Psi
712 2073 785 2123 ibi
811 2080 889 2123 est
912 2075 1093 2140 patria,
1118 2074 1209 2123 ubi
1232 2075 1461 2140 genitale
1486 2074 1578 2123 do-

543 2141 811 2202 micilium,
835 2141 890 2188 in
910 2140 1041 2190 coelo
1063 2142 1292 2206 profecto
1313 2147 1392 2190 est
1409 2142 1579 2205 patria

544 2208 816 2258 eastitatis.
845 2207 1024 2271 Itaque
1048 2207 1135 2257 hic
1158 2207 1376 2270 advena,
1399 2208 1474 2257 ibi
1498 2208 1576 2256 in-

544 2275 664 2324 cola
683 2281 775 2322 est.
801 2273 938 2333 Quid
959 2281 1036 2323 est
1056 2275 1268 2323 castitas
1287 2274 1577 2339 virginalis,

543 2341 649 2389 nisi
681 2356 865 2417 expers
903 2341 1230 2403 contagionis
1269 2341 1577 2405 integritas?

543 2412 701 2469 atque
722 2422 832 2469 ejus
851 2412 1115 2454 auctorem
1133 2422 1285 2468 quem
1299 2421 1577 2470 possumus

545 2472 814 2533 aestimare,
839 2471 942 2519 nisi
963 2471 1353 2519 immaculatum
1375 2472 1475 2520 Dei
1492 2471 1577 2520 Fi-

541 2538 709 2587 lium?
746 2537 894 2600 cujus
928 2552 1050 2585 caro
1077 2552 1186 2585 non
1210 2536 1343 2586 vidit
1366 2553 1576 2601 corrup-

544 2604 758 2663 tionem,
801 2603 1045 2651 divinitas
1086 2619 1194 2651 non
1240 2609 1320 2651 est
1365 2612 1579 2667 experta

543 2670 952 2735 contagionem?
991 2669 1177 2717 Videte
1218 2684 1340 2733 ergo
1382 2675 1578 2732 quanta

541 2736 862 2801 virginitatis
881 2736 1065 2784 merita
1086 2736 1204 2783 sint.
1226 2735 1461 2785 Christus
1487 2751 1577 2784 an-

541 2808 597 2852 te
615 2802 894 2866 virginem:
921 2800 1157 2850 Christus
1184 2817 1249 2849 ex
1270 2803 1490 2867 virgine.

611 2868 658 2929 Bt
683 2872 727 2918 3.
764 2867 1010 2917 Dilexisti
1034 2868 1306 2930 justitiam,
1341 2875 1392 2916 et
1419 2867 1580 2916 odisti

543 2933 897 2996 iniquitatem:
968 2940 1243 2999 propterea
1301 2934 1467 2982 Unxit
1525 2941 1579 2982 te

545 3000 710 3059 D‘euS,
749 3000 894 3048 Deus
929 3004 1065 3062 tuus,
1109 2999 1226 3049 oleo
1260 2999 1470 3048 laetitiae.
1515 2998 1582 3052 V.

542 3065 765 3129 Propter
807 3066 1090 3125 veritatem,
1135 3071 1185 3115 et
1227 3065 1582 3114 mansuetudi-

544 3147 680 3191 nem,
703 3137 755 3178 et
767 3130 1039 3193 justitiam.
1069 3132 1232 3180 Unxit
1252 3130 1360 3196 [dl-c.
1404 3131 1586 3181 Gloria

542 3197 715 3327 szatqi,
757 3202 810 3245 et
846 3196 1001 3259 Filio,
1046 3196 1124 3263 [et
1164 3198 1252 3262 Sp.
1296 3198 1348 3248 S.

605 3280 659 3311 ·c.

549 3263 568 3330 [
613 3326 651 3395 ξ
675 3326 754 3383 Sl
774 3327 829 3395 .)
855 3329 921 3377 ΙΝ
939 3329 989 3378 ΙΙ
1012 3330 1177 3379 Νοοτ.
1201 3327 1265 3377 Α.
1289 3329 1474 3393 Specie
1495 3333 1586 3381 tua

548 3401 601 3447 et
622 3395 1009 3462 pulchritudine
1033 3402 1150 3444 tua:
1182 3395 1412 3455 intende,
1437 3410 1585 3458 pros-

543 3479 669 3589 pere
693 3461 943 3527 procede,
969 3468 1020 3511 et
1041 3477 1218 3527 regna.
1252 3457 1340 3509 Pa.
1366 3461 1585 3509 Eructa-

543 3530 624 3578 vit
708 3565 720 3577 .
745 3531 809 3576 45
837 3565 848 3578 .

614 3529 990 3657 ApAdjixvabit
1007 3608 1123 3641 eam
1139 3592 1285 3642 Deus
1304 3591 1584 3643 vultanum

544 3660 691 3709 Deus
717 3662 771 3709 in
796 3660 966 3709 medio
993 3659 1131 3722 ejus3
1160 3675 1267 3708 non
1289 3673 1586 3709 commove-

544 3725 700 3855 gitur.
757 3723 846 3776 Ps.
897 3727 1044 3774 Deus
1095 3731 1275 3774 noster
1324 3724 1586 3789 refugium

613 3856 680 3906 A.
732 3856 1074 3923 Unguentum
1126 3856 1348 3907 effusum
1392 3871 1586 3906 nomen

1419 3187 1586 3247 Unxit

1415 494 1654 535 commus
1680 494 1825 534 mnus

2468 479 2500 540 ἓ
2524 482 2612 543 80,
2637 479 2726 545 81)

1673 633 1846 677 tuum:
1863 625 1983 677 ideo
1996 624 2402 675 adolescentulae
2416 626 2725 676 dilexerunt

1674 702 1726 744 te
1750 694 1920 742 nimis.
1946 690 2034 742 Pa.
2058 691 2422 741 Fundamenta
2447 700 2520 758 (p.
2551 693 2660 754 69).

1740 756 1832 812 Vs.
1877 758 2061 823 Specie
2100 765 2191 806 tua
2231 764 2283 806 et
2320 758 2724 821 pulchritudine

1675 831 1781 874 tua.
1808 823 1919 890 [Re.
1937 823 2155 873 Intende
2169 860 2183 885 ,
2202 837 2449 888 prospere
2466 824 2722 888 procede,

1677 897 1729 940 et
1749 887 1949 955 regna.]
2472 887 2601 938 Leo.
2624 889 2724 953 iiij.

1756 969 1997 1016 nais-rim,
2022 954 2296 1020 virginum
2314 953 2576 1018 Sponsus,
2597 963 2724 1003 ante

1678 967 1756 1081 ΕΣ
1771 1022 2029 1086 virginem
2060 1021 2174 1069 fuit.
2219 1019 2363 1069 Idem
2407 1026 2491 1069 est
2530 1027 2725 1069 natust

1678 1095 1835 1136 natus
1869 1093 1948 1136 est
1982 1087 2045 1135 de
2078 1087 2295 1151 virgine.
2330 1087 2380 1134 A
2403 1087 2565 1135 Patre
2609 1086 2725 1150 qui·

1677 1153 1796 1202 dem
1817 1159 1972 1202 natus
1996 1159 2118 1200 ante
2141 1151 2362 1211 saecula3
2405 1152 2499 1201 sed
2523 1168 2594 1201 ex
2617 1153 2723 1201 vir-

1676 1219 1798 1285 gine
1822 1225 2035 1267 renatus
2060 1217 2126 1267 ob
2152 1217 2360 1266 saecula.
2396 1216 2541 1266 Illud
2566 1225 2727 1267 natu·

1674 1300 1746 1333 rae
1787 1299 1923 1344 suae3
1964 1284 2068 1333 hoc
2106 1290 2298 1333 nostrae
2338 1284 2587 1333 utilitatis
2624 1290 2723 1333 est.

1675 1349 1814 1399 Illud
1837 1356 1946 1399 erat
1965 1365 2195 1413 semper;
2219 1350 2320 1398 hoc
2342 1350 2530 1398 voluit.
2559 1351 2724 1415 Spec-

1675 1421 1781 1465 tate
1823 1423 1874 1465 et
1912 1416 2055 1464 aliud
2101 1416 2412 1479 virginitatis
2458 1417 2724 1465 meritum.

1679 1481 1916 1531 Christus
1935 1481 2167 1546 Virginis
2183 1483 2437 1545 Sponsus,
2459 1487 2527 1542 et,
2550 1483 2598 1531 si
2618 1482 2725 1530 dici

1677 1553 1873 1613 potest,
1901 1546 2138 1597 Christus
2162 1548 2413 1612 virgineae
2438 1548 2724 1597 castitatis.

1677 1614 1965 1678 Virginitas
1991 1614 2128 1664 enim
2153 1612 2372 1675 Christi3
2409 1629 2521 1662 non
2556 1615 2722 1679 virgi-

1677 1680 1857 1728 nitatis
1883 1687 1961 1728 est
1986 1679 2238 1728 Christus.

1744 1747 1790 1808 Bc
1812 1748 1859 1793 4.
1885 1746 2015 1794 Haee
2034 1750 2115 1794 est
2129 1746 2279 1811 virgo
2299 1744 2540 1810 sapiens3
2563 1760 2723 1809 quam

1677 1808 1795 1861 D‘1‘is
1813 1811 2121 1876 vigilantem
2139 1812 2365 1871 invenit;
2393 1827 2508 1874 quae
2528 1827 2719 1876 accep-

1677 1878 1745 1926 tis
1784 1876 2114 1941 lampadibus
2154 1877 2376 1957 sumfflsit
2418 1876 2597 1925 oleum
2639 1894 2720 1926 se-

1679 1957 1812 1992 cum.
1846 1943 1915 1991 Et
1935 1944 2180 1992 veniente
2199 1944 2320 1991 Dno
2338 1943 2581 1991 introivit
2601 1957 2722 1992 cum

1679 2023 1741 2057 eo
1766 2008 1834 2057 ad
1855 2009 2083 2073 nuptias.
2118 2007 2184 2061 V.
2209 2008 2432 2057 Inventa
2448 2024 2560 2056 una
2585 2025 2722 2057 mar—

1677 2075 1858 2139 garita,
1885 2074 2026 2123 dedit
2045 2075 2220 2124 omnia
2236 2090 2346 2134 sua,
2373 2079 2425 2123 et
2445 2089 2720 2138 compara-

1676 2141 1755 2190 vit
1779 2155 1910 2189 eam.
1945 2141 2014 2189 Et
2036 2142 2282 2190 veniente
2308 2138 2435 2205 [dm]
2524 2138 2650 2190 Lec.
2674 2157 2719 2189 v.

1777 2219 1906 2256 meo
1932 2214 2011 2256 est
2034 2222 2150 2272 quae
2172 2208 2374 2272 nupsit,
2405 2206 2573 2273 Virgo
2601 2221 2718 2270 quae

1676 2219 1873 2332 Wnos
1914 2273 2011 2323 sub
2053 2281 2200 2322 utero
2243 2274 2499 2337 portavit3
2551 2273 2719 2338 Virgo

1680 2355 1795 2403 quae
1813 2340 2009 2404 genuit,
2037 2340 2200 2405 Virgo
2220 2355 2335 2402 quae
2354 2339 2566 2403 proprio
2580 2338 2719 2388 laete

1677 2406 1908 2454 nutrivit.
1956 2404 2057 2454 Sed
2087 2405 2191 2467 jam
2229 2421 2260 2453 a
2293 2396 2460 2454 Matre
2497 2404 2719 2454 descen-

1679 2470 1863 2520 damus
1898 2470 1964 2518 ad
2000 2471 2153 2520 filias.
2188 2472 2268 2519 De
2285 2470 2602 2535 virginibus,
2638 2472 2718 2519 in-

1681 2537 1791 2599 quit
1815 2541 2028 2586 sanctus
2051 2537 2356 2602 ApostoluS,
2393 2542 2721 2602 praeceptum

1680 2600 1788 2652 D‘fii
1811 2618 1918 2651 non
1941 2603 2126 2652 habeO.
2165 2604 2219 2651 δί
2242 2604 2444 2652 Doctor
2468 2602 2721 2651 Gentium

1678 2684 1787 2717 non
1809 2668 2008 2730 habuit,
2041 2669 2232 2718 habere
2264 2669 2380 2731 quis
2404 2670 2613 2731 potuit‘.²
2651 2670 2721 2717 Et

1716 2742 1996 2799 raeccptum
2031 2735 2239 2797 quidem
2261 2750 2369 2782 non
2387 2734 2597 2797 habuit,
2626 2733 2722 2784 sed

1678 2751 1862 2849 {abuit
1886 2801 2191 2865 exemplum.
2228 2801 2344 2849 Non
2370 2801 2509 2848 enim
2544 2807 2722 2865 potest

1678 2867 1922 2931 imperari
1933 2867 2226 2931 virginitas,
2242 2866 2334 2915 sed
2348 2867 2539 2929 optari.
2556 2867 2721 2915 Sanc·

1675 2938 1732 2981 ta
1772 2938 1935 2981 mater
1976 2932 2216 2981 Ecclesia
2260 2931 2600 2981 immaculata
2642 2940 2724 2982 est

1686 2998 1843 3059 coitu,
1880 2998 1973 3047 scd
1995 2997 2222 3047 fecunda
2245 3004 2411 3062 partu.
2449 2997 2614 3063 Virgo
2645 3005 2725 3048 est

1684 3064 1740 3113 in
1765 3065 2020 3124 castitate,
2043 3064 2215 3112 Mater
2238 3070 2318 3112 est
2339 3064 2395 3111 in
2420 3062 2586 3127 prole.

1751 3131 1798 3192 Βι
1837 3129 1902 3180 de
1955 3129 2070 3178 U‘na
2123 3127 2335 3195 Vimine
2375 3137 2421 3178 et
2462 3129 2723 3194 Mar-tyre.

1685 3197 1733 3260 R
1764 3197 1811 3246 5.
1855 3196 2004 3257 Veni,
2047 3211 2243 3260 sponsa
2284 3194 2493 3256 Christi,
2538 3197 2724 3262 accipe

1687 3278 1933 3311 coronam
1950 3277 2105 3325 quam
2127 3262 2222 3311 tibi
2240 3260 2357 3310 Dfis
2380 3263 2724 3325 praeparavit3

1685 3344 1779 3406 pro
1816 3328 1964 3390 cujus
2004 3343 2179 3377 amore
2220 3328 2534 3392 sanguinem
2575 3334 2727 3377 tuum

1685 3393 1879 3443 tudisti.
1903 3395 1972 3442 Et
1990 3409 2108 3442 cum
2123 3393 2327 3458 angelis
2344 3394 2401 3441 in
2418 3393 2727 3458 paradisum

1685 3459 1943 3511 introibis
1992 3458 2057 3511 V.
2095 3459 2229 3508 Veni
2270 3458 2438 3508 electa
2484 3475 2630 3520 mea,
2676 3467 2727 3508 et

1684 3541 1878 3590 ponam
1903 3526 1958 3574 in
1988 3530 2040 3574 te
2074 3525 2320 3574 thronum
2354 3540 2558 3586 meum3
2599 3527 2728 3589 quia

1687 3592 1991 3655 concupivit
2020 3592 2132 3639 Rex
2171 3592 2400 3656 speciem
2439 3596 2602 3640 tuam.
2657 3593 2728 3641 Et

1687 3672 1805 3707 cum
1829 3672 1892 3705 an
1938 3657 2034 3705 elis
2061 3654 2131 3721 [in
2158 3674 2208 3722 p.
2232 3654 2286 3733 i.]

1750 3723 1880 3772 Aliu
1936 3724 1981 3785 Bc
1999 3722 2063 3772 de
2089 3721 2202 3770 Una
2226 3721 2434 3787 Vcrqine
2445 3721 2571 3772 Non
2581 3721 2727 3772 blar-

1686 3796 1813 3854 tyre.
1864 3790 1911 3851 Bc
1953 3786 2037 3854 [5].
2079 3788 2255 3837 Induit
2291 3804 2374 3837 me
2404 3786 2522 3838 Dfis
2565 3790 2724 3839 vesti·

1683 3860 1860 3904 mento
1879 3854 2081 3918 salutis,
2114 3860 2165 3904 et
2195 3853 2503 3904 indumento
2528 3853 2728 3904 laetitiae
