2910 4457
2588 287 2621 316 Ο

1122 477 1170 517 lx
1196 477 1689 518 connsnonmoxrn
1717 478 1847 527 (stvs
1875 477 2109 518 osricum
2461 463 2583 530 (An
2611 466 2642 527 ξ
2664 468 2740 517 162

544 460 724 539 lxxvj

551 612 826 673 “imbutum
852 611 994 660 omni
1025 609 1394 677 philosophia”
1427 627 1521 678 per
1555 612 1855 676 quindecim
1889 627 2061 661 annos
2088 613 2399 678 composuit
2424 613 2738 678 animumG’).

548 694 705 744 Unde
750 694 922 755 etiam,
948 708 1109 756 quum
1130 693 1379 759 ngridus
1404 709 1630 758 quoque,
1660 695 1819 744 frater
1843 694 1956 758 ejus
1981 699 2137 744 aetate
2161 695 2384 760 quidem
2407 697 2608 759 minor,
2634 697 2736 759 jure

547 793 677 827 vero
712 777 895 840 major,
913 776 1024 839 jam
1047 781 1282 826 mortuus
1307 781 1463 839 esset,
1499 776 1565 826 ab
1597 776 1785 827 iisdem
1813 781 2097 827 revocatus
2128 793 2358 841 quorum
2384 785 2556 829 antea
2578 780 2735 828 animo

549 859 732 910 hostili
756 864 1001 919 cesserat,
1036 859 1158 923 “per
1182 857 1362 908 decem
1395 865 1447 908 et
1471 875 1660 909 novem
1685 875 1855 910 annos
1883 858 1967 926 [ab
1992 859 2056 909 A.
2080 861 2150 909 D.
2176 862 2276 911 686
2299 860 2375 910 ad
2400 877 2610 912 annum
2634 860 2734 927 705]

554 945 789 992 “summa
821 955 951 1006 pace
987 947 1040 989 et
1072 941 1266 1007 gaudio
1304 941 1600 992 Provinciae
1633 944 1862 1008 praefuit3
1908 942 2039 991 nihil
2067 958 2307 1007 unquam
2327 950 2537 1009 praeter
2557 946 2612 994 in
2636 961 2737 1010 per-

553 1024 858 1075 “secutione
892 1023 1072 1088 magni
1108 1023 1337 1073 wilfridi
1372 1024 1515 1088 quod
1546 1024 1682 1074 livor
1713 1024 1847 1073 edax
1881 1024 2038 1089 digne
2074 1040 2293 1091 carpere
2327 1034 2530 1091 posset
2568 1028 2736 1078 admit-

553 1104 749 1156 “tens.”
782 1105 863 1154 Ita
894 1105 1376 1156 Malmesburiensis
1400 1106 1542 1171 apud
1568 1105 1846 1155 Alfordum
1881 1106 2089 1171 (partim
2115 1109 2274 1157 etiam
2296 1108 2570 1160 Alfordus
2594 1110 2734 1175 ipse),

551 1190 607 1238 in
630 1188 887 1239 Ecclesiae
910 1186 1391 1253 Anglo-Saxonicae
1422 1188 1719 1239 Annalibus
1757 1185 1834 1254 (V.
1871 1203 2044 1253 supra,
2077 1189 2146 1239 ad
2173 1191 2390 1256 paginae
2422 1193 2618 1256 xxxvij
2644 1191 2736 1242 cal·

552 1271 705 1336 cem),
731 1271 830 1321 sub
855 1286 995 1320 anno
1022 1273 1134 1332 686,
1159 1286 1309 1336 capp.
1335 1273 1382 1334 5,
1408 1275 1455 1322 6.

654 1354 737 1403 De
763 1352 998 1418 ejusdem
1022 1369 1148 1403 vero
1171 1355 1330 1419 Regis
1354 1359 1537 1417 morte,
1564 1370 1681 1419 quae
1702 1369 1827 1405 mox
1849 1359 1972 1421 post
1994 1353 2415 1405 inobedientiam
2446 1371 2583 1423 erga
2609 1355 2737 1421 Apo-

553 1436 770 1487 stolicas
791 1436 855 1485 de
880 1437 934 1486 S.
959 1436 1203 1487 wilfrido
1228 1435 1429 1487 litteras
1448 1437 1747 1500 exhibitam,
1772 1453 1879 1486 non
1899 1442 2075 1486 tamen
2105 1438 2219 1486 sine
2247 1437 2574 1502 poenitentia
2590 1439 2736 1488 vehe-

549 1525 740 1582 mente,
777 1523 960 1570 secuta
990 1526 1084 1583 est,
1109 1547 1173 1555 —-
1195 1520 1363 1584 ipsius
1401 1536 1610 1585 quoque
1641 1520 2123 1570 Malmesburiensis
2158 1519 2340 1583 verba,
2370 1547 2439 1556 -—
2466 1521 2527 1571 in
2559 1521 2736 1573 iisdem

551 1602 866 1664 Annalibus,
890 1603 988 1654 sub
1012 1618 1152 1653 anno
1180 1604 1290 1664 705,
1316 1618 1467 1669 capp.
1495 1607 1519 1652 1
1544 1631 1606 1639 —
1626 1607 1672 1666 4,
1697 1602 1899 1667 vide.(c)

649 1687 733 1735 De
751 1685 873 1749 ipso
892 1689 1066 1735 autem
1087 1684 1139 1734 S.
1158 1685 1402 1736 wilfi-ido
1430 1692 1481 1735 et
1499 1687 1953 1752 persecutionibus
1973 1686 2086 1749 ejus
2106 1685 2228 1735 vide
2248 1684 2471 1735 eosdem
2490 1684 2735 1745 Annales,

548 1767 639 1817 vel
664 1767 718 1818 S.
739 1767 899 1817 Bedae
917 1768 1057 1818 Hist.
1080 1767 1245 1832 Eccl.,
1269 1768 1357 1818 vel
1377 1768 1604 1835 denique
1621 1768 2045 1836 Hagiographos.
2072 1767 2277 1817 Colitur
2292 1772 2479 1817 autem
2499 1781 2650 1816 nunc
2667 1766 2737 1815 die

551 1851 672 1902 Oct.
701 1854 761 1901 12
800 1850 873 1915 (V.
898 1849 1129 1900 Missalis
1153 1850 1375 1900 Romani
1402 1851 1780 1916 supplementa
1811 1852 2093 1916 Anglicum
2119 1856 2170 1899 et
2196 1848 2637 1912 Hollandicum);
2662 1848 2737 1912 qui

551 1938 730 1983 tamen
764 1948 1098 1997 nequaquam
1131 1932 1480 1997 Depositionis
1519 1935 1649 1999 ejuS,
1691 1936 1804 1985 sive
1839 1933 2030 1996 obitus,
2073 1931 2215 1998 quod
2257 1931 2477 1996 quidam
2513 1937 2734 1980 errantes

551 2016 777 2081 posteris
799 2014 1138 2077 tradiderunt,
1162 2015 1256 2064 sed
1289 2014 1667 2066 Translationis
1692 2021 1771 2066 est
1795 2015 1932 2066 dies:
1958 2014 2080 2065 vide
2103 2013 2470 2064 Bollandistas
2496 2012 2567 2061 ad
2591 2011 2732 2077 Apri·

551 2099 618 2148 lis
646 2101 835 2161 24tum,
858 2114 1039 2148 verum
1062 2098 1425 2163 Depositionis
1451 2099 1565 2163 ejus
1592 2097 1812 2164 diemst).

623 2255 669 2320 ίὶ)
695 2256 778 2307 Ab
804 2255 854 2306 S.
873 2256 1019 2307 Beda
1045 2256 1205 2321 (Hist.
1226 2254 1370 2305 Eccl.
1390 2255 1481 2319 ΙΙΙ,
1505 2256 1587 2320 26)

553 2323 664 2437 “vff
692 2324 745 2371 in
781 2322 1060 2389 Scripturis
1096 2320 1464 2372 doctissimus'’
1501 2337 1591 2387 ap·

589 2406 616 2438 e
660 2393 790 2437 atur.

549 2405 583 2454 p
634 2454 674 2517 t)
709 2454 930 2504 Etiamsi
972 2454 1214 2520 responsi
1258 2454 1391 2519 regii
1430 2455 1588 2503 inter-

550 2520 772 2585 pretatio
798 2519 1109 2569 Alfordiana
1131 2520 1471 2570 fundamento
1499 2535 1590 2585 pa-

549 2601 666 2635 rum
705 2586 851 2635 firmo
887 2586 986 2636 niti
1024 2585 1248 2649 videtur,
1289 2592 1475 2635 notatu
1515 2592 1591 2635 ta-

551 2666 671 2700 men
712 2650 928 2719 dignum
967 2658 1047 2701 est
1086 2651 1226 2715 quod
1265 2652 1459 2702 ibidem
1500 2650 1590 2700 Al-

552 2716 734 2768 fordus
766 2720 949 2768 merito
988 2716 1179 2783 culpat,
1211 2716 1593 2783 Antiquitatum

552 2782 988 2835 Britannicarum
1041 2787 1309 2834 auctorem
1353 2783 1590 2832 Matthae-

550 2860 640 2898 um
668 2850 969 2912 Parkerum,
1006 2866 1165 2913 quum
1187 2850 1324 2899 inter
1351 2848 1592 2913 Antiqui-

553 2921 680 2965 tates
699 2931 821 2965 suas
849 2916 900 2966 et
920 2915 1333 2967 inobedientiam
1354 2916 1514 2982 Regis
1541 2914 1594 2963 et

553 2996 677 3030 mox
690 2987 921 3031 secutam
934 2987 1150 3031 mortem
1163 2983 1444 3046 posuisset,
1457 2981 1592 3044 ejus-

555 3047 672 3096 dem
695 3054 868 3097 tamen
893 3048 1256 3112 poenitentiam
1281 3048 1537 3097 omisisse.

628 3114 674 3178 12)
700 3114 859 3162 Error
884 3118 1059 3163 autem
1083 3113 1258 3164 verbis
1280 3113 1593 3178 quibusdam

554 3194 670 3246 quae
709 3179 765 3228 in
799 3178 848 3228 S.
880 3179 1037 3227 Bedae
1078 3179 1216 3229 Hist.
1250 3179 1396 3229 Eccl.
1430 3179 1494 3241 V,
1530 3182 1592 3229 20

552 3245 865 3311 legebantur
935 3244 1230 3295 confirmari
1295 3244 1588 3295 videbatur.

558 3310 778 3363 “Verum
819 3325 882 3361 ea
919 3310 1097 3373 verba,
1140 3309 1235 3359 IV
1270 3310 1401 3361 Idus
1450 3310 1595 3361 Octo·

558 3377 741 3441 “bris,”
781 3377 963 3427 dicunt
985 3376 1345 3439 Bollandistae‚
1375 3376 1596 3426 “desunt

557 3446 642 3493 “in
659 3443 811 3494 Msto
834 3444 1015 3493 codice
1028 3443 1316 3492 Parisiensi
1331 3443 1594 3493 Monaste·

559 3511 652 3560 “rii
677 3510 730 3560 S.
756 3510 1007 3560 Germani
1031 3508 1095 3558 de
1120 3509 1291 3558 Pratis
1317 3515 1368 3558 et
1394 3508 1595 3557 Alfredi

558 3577 745 3643 “Regis
786 3576 1030 3626 Versioni
1073 3574 1348 3624 Saxonicae
1415 3573 1594 3638 legen-

556 3641 712 3691 “dum
732 3641 1016 3692 “Versione
1038 3638 1318 3716 Saxonica]
1335 3657 1347 3701 ;
1367 3640 1385 3688 i
1426 3655 1596 3702 eoque

555 3709 714 3772 “ipsa,
754 3712 1020 3771 tamquam
1058 3722 1090 3755 a
1124 3710 1346 3771 posteris
1389 3706 1596 3754 intrusa

557 3775 642 3822 “in
665 3777 863 3824 textum
886 3772 1058 3836 Bedae,
1080 3773 1219 3821 intra
1237 3770 1594 3837 parenthesim

1693 2255 1936 2305 “inclusit
1949 2255 2277 2305 Abrahamus
2289 2254 2610 2315 Whelocus,
2624 2268 2734 2304 auc·

1694 2323 1804 2372 “tor
1822 2321 2082 2371 Editionis
2101 2319 2642 2386 Anglo·Saxonicae.''
2662 2320 2732 2383 (ln

1690 2388 1839 2437 Actis
1866 2387 2178 2517 Santorum
2213 2385 2430 2451 Aprilis,
2467 2393 2619 2437 tomo
2653 2386 2733 2446 ΙΙΙ,

1690 2469 1723 2519 P
1756 2520 1963 2569 Desunt
1997 2523 2170 2568 autem
2205 2534 2313 2567 non
2350 2518 2531 2567 minus
2570 2519 2629 2567 in
2660 2532 2734 2565 ve·

1689 2586 1978 2635 tustissimo
2006 2584 2189 2634 codice
2213 2585 2525 2633 Trevirensi
2556 2600 2665 2649 quo
2686 2594 2734 2631 ut

1693 2652 1888 2715 optimo
1926 2651 2216 2702 Ghiffletius
2257 2651 2313 2698 in
2349 2649 2611 2699 Editione
2653 2664 2734 2698 sna

1693 2717 2058 2766 concinnanda
2082 2732 2209 2766 usus
2236 2721 2329 2777 est,
2365 2720 2416 2764 et
2443 2731 2610 2779 quem
2633 2716 2732 2780 ipse

1693 2783 1908 2832 contuli.
1944 2783 2003 2832 In
2037 2797 2180 2831 nova
2213 2798 2338 2831 vero
2364 2781 2626 2830 Editione
2650 2783 2734 2830 Pa-

1691 2849 1896 2899 risiensi
1920 2849 2210 2914 Migniana,
2245 2850 2341 2896 “ex
2362 2847 2536 2897 tribus
2564 2847 2735 2912 praeci-

1696 2916 1842 2979 “puis
1876 2914 2212 2964 Editionibus
2246 2914 2384 2963 inter
2418 2929 2480 2962 se
2514 2913 2735 2970 collatiS,

1697 2982 1912 3046 “nempe
1961 2980 2283 3042 Coloniensi,
2329 2979 2655 3043 duabusque
2690 2979 2737 3026 in

1633 3052 1639 3057 '
1697 3046 1920 3110 “Anglia
1945 3047 2118 3095 studio
2147 3045 2586 3094 doctissimorum
2610 3046 2735 3094 viro·

1697 3112 1840 3161 “rum
1892 3112 2067 3161 Smith·
2115 3116 2166 3160 et
2223 3110 2397 3169 Giles‚
2458 3127 2574 3160 non
2635 3111 2734 3160 sine

1698 3175 1929 3243 “ingenti
1966 3177 2312 3226 litteratorum
2346 3176 2545 3242 plausu
2586 3179 2645 3225 in
2668 3176 2735 3225 lu-

1699 3242 1842 3293 “cem
1882 3243 2164 3308 vulgatis,'’
2207 3239 2364 3303 facta,
2404 3240 2552 3291 inter
2604 3242 2737 3293 unci-

1693 3326 1792 3359 nos
1826 3315 2032 3358 tantum
2073 3308 2188 3359 “Az.
2225 3307 2353 3358 add.
2396 3314 2593 3371 quarto
2626 3306 2737 3357 Idus

1698 3374 1950 3425 “Octob.'’
1973 3375 2254 3424 invenitur.
2277 3401 2341 3408 —
2362 3373 2631 3424 Smithius
2663 3389 2738 3422 au·

1694 3447 1798 3491 tem
1837 3446 1944 3489 tam
1992 3446 2198 3490 vetusto
2237 3439 2422 3490 codice
2477 3456 2617 3490 usus
2660 3445 2738 3497 est,

1693 3514 1753 3557 ut
1784 3506 2127 3572 probabiliter
2160 3520 2301 3556 anno
2338 3507 2457 3567 737,
2507 3506 2738 3556 secundo

1694 3579 1815 3638 post
1841 3574 1890 3622 S.
1917 3571 2072 3622 Bedae
2097 3571 2311 3633 obitum,
2336 3572 2577 3636 scriptus
2600 3572 2716 3624 sit-³

1761 3638 1965 3700 Quibus
2008 3637 2252 3688 omnibus
2292 3639 2602 3702 perpensis,
2645 3653 2739 3687 non

1696 3702 2041 3754 dubitandum
2077 3709 2156 3754 est
2185 3703 2311 3767 quin
2336 3705 2563 3753 omnino
2592 3704 2669 3753 ita
2692 3719 2739 3752 se

1693 3786 1776 3821 res
1807 3769 2014 3831 habeat,
2061 3768 2509 3832 quemadmodum
2553 3786 2590 3820 a
2625 3769 2738 3819 Bol-

1087 3852 1166 3892 *ln
1191 3852 1430 3892 Bibliotheca
1455 3852 1574 3901 Regia
1603 3851 1903 3901 cantabrigiensi
1930 3856 2188 3889 conservatur.
