2910 4457
566 460 614 504 χ
1220 448 1270 488 m
1296 447 1536 489 coum
1559 448 1703 490 mnus
1724 448 1960 489 sirmis
2351 430 2470 502 (An
2489 407 2734 497 §¹32-34

663 583 909 637 Homolio
929 582 1082 634 Beati
1103 582 1386 650 Augustini
1406 580 1697 649 Episcopi]
1731 577 2051 646 Hujusmodi
2072 578 2230 644 tituli,
2266 595 2584 646 quanquam
2603 584 2661 632 in
2678 582 2735 631 li-

563 669 672 722 bris
693 668 856 719 minio
882 667 1079 732 scripti,
1098 665 1434 717 nihilominus
1457 671 1518 715 ut
1538 680 1658 730 pers
1684 665 1854 716 Officii
1874 662 2088 730 legendi
2111 659 2355 729 erant(v.
2372 664 2662 730 Proprium
2678 664 2735 714 de

564 753 820 818 Tempore
851 749 990 801 Adv.
1013 765 1067 815 p.
1102 754 1130 799 7
1165 748 1249 814 b);
1281 748 1508 813 ideoque
1542 748 1631 812 (ne
1653 747 1756 798 hoc
1776 746 2026 797 lectorem
2047 744 2231 810 lateat)
2255 747 2315 796 in
2336 746 2443 797 hac
2465 747 2734 810 Editione,

564 833 1000 901 quemadmodum
1031 834 1089 883 in
1118 832 1270 882 BreV.
1304 831 1451 882 Rom.
1468 867 1483 895 ,
1514 829 1656 881 idem
1678 845 1799 881 cum
1820 829 2164 881 Lectionibus
2186 829 2321 896 ipsis
2344 830 2633 896 scripturae
2651 846 2734 897 ge·

564 932 665 969 nus
702 916 965 968 exhibent.

661 996 794 1049 Cum
826 997 1068 1050 Homdia
1104 1002 1277 1047 autem
1320 997 1384 1046 cf.
1419 994 1663 1059 Lemnia,
1696 1012 1746 1062 p.
1784 999 1874 1045 111
1912 994 1964 1046 b.
2004 1000 2056 1045 et
2088 1010 2207 1060 quae
2241 994 2306 1044 de
2339 994 2447 1045 hac
2479 995 2660 1046 forma
2683 996 2733 1045 in

560 1081 776 1144 Annot„
799 1080 951 1131 Fauo.
974 1080 1017 1144 1,
1042 1097 1093 1147 p.
1121 1080 1299 1142 xxxiv,
1330 1078 1472 1129 dicta
1498 1084 1635 1129 sunt.
1659 1079 1722 1128 In
1751 1078 1796 1127 L
1825 1092 1968 1141 vere,
1991 1082 2052 1127 ut
2079 1076 2306 1143 Ympmoe
2340 1083 2395 1129 et
2419 1076 2738 1130 Ebdomada

559 1166 631 1231 (ν.
650 1164 718 1214 ad
736 1165 799 1226 ἐξ
821 1168 848 1214 2
868 1168 920 1213 et
934 1163 1007 1227 4),
1030 1163 1108 1213 sic
1126 1167 1179 1211 et
1203 1159 1398 1212 Omelia
1415 1161 1614 1228 passim
1629 1160 1832 1227 legitur.

658 1245 866 1297 “Lectio
884 1244 1021 1312 vtjiss',
1043 1244 1132 1295 hic
1151 1251 1202 1293 et
1217 1244 1430 1309 passim,
1451 1259 1552 1293 om.
1569 1243 1628 1293 L.
1672 1243 1796 1308 Ipsa
1814 1246 1989 1294 autem
2004 1243 2186 1294 Lectio
2206 1249 2409 1306 nostra,
2429 1259 2560 1295 cum
2570 1245 2734 1295 Lecti-

561 1332 677 1382 onis
695 1332 726 1380 8
744 1330 912 1392 initio,
935 1329 1011 1377 ita
1025 1328 1082 1376 in
1104 1327 1207 1378 hoc
1226 1327 1404 1377 codice
1425 1323 1501 1392 (v.
1521 1326 1587 1376 ad
1606 1327 1636 1387 ἓ
1657 1325 1743 1394 29)
1762 1328 1817 1376 in
1842 1333 1947 1378 tres
1974 1327 2147 1378 divisa.
2174 1333 2227 1377 et
2255 1327 2531 1394 descripta.
2556 1334 2665 1380 est:
2692 1334 2733 1380 7.

565 1414 654 1465 “Si
689 1412 897 1464 dicebat
928 1408 1046 1462 D'fis
1078 1426 1300 1478 granum
1333 1409 1752 1461 mortificandum
1783 1411 1841 1461 in
1872 1409 2123 1460 fidelitate
2149 1409 2455 1476 [leqemlum
2482 1418 2607 1460 erat
2640 1410 2733 1459 sal·

561 1499 704 1548 “term
732 1495 834 1546 “Se
863 1493 1072 1546 dicebat
1098 1491 1215 1544 Di‘is
1243 1507 1463 1559 granum
1480 1492 1897 1542 mortificandum
1913 1492 2240 1559 infidelitate]
2266 1493 2589 1556 Judeorum,
2607 1492 2733 1543 mul·

562 1579 934 1649 “tiplicendum
964 1577 1067 1628 fide
1101 1575 1464 1644 populorum.”
1487 1575 1591 1641 viij.
1617 1573 1773 1625 “Jam
1794 1592 1920 1626 vero
1945 1582 2191 1626 exortans
2223 1574 2330 1642 [sic]
2350 1602 2419 1612 -—
2438 1575 2552 1637 Qui
2579 1583 2729 1637 amat,

562 1663 775 1731 “inquid
802 1661 866 1728 [v.
887 1657 1085 1726 supr-aL
1103 1688 1174 1697 —
1195 1659 1298 1720 Qui
1314 1664 1471 1724 amat,
1496 1659 1703 1725 perdet3
1726 1660 1782 1710 id
1805 1665 1899 1723 est,
1919 1658 1972 1709 Si
1990 1674 2150 1723 amas,
2174 1658 2406 1725 perdis.’'
2430 1659 2507 1711 ix.
2536 1660 2636 1710 “Si
2652 1675 2733 1709 cu·

559 1749 669 1815 “pis
687 1775 756 1784 —
773 1746 828 1795 in
854 1750 1031 1794 eterna
1047 1740 1203 1791 vita.'’

653 1825 850 1893 Gloria]
873 1825 961 1875 Sic
975 1830 1117 1875 recte
1135 1839 1253 1875 cum
1269 1824 1423 1876 Brev.
1441 1826 1589 1875 Rom.
1608 1825 1669 1875 L:
1688 1825 1745 1874 in
1763 1824 1826 1887 A,
1847 1823 2108 1887 “Glorie'’,
2136 1826 2171 1874 i.
2191 1840 2235 1876 e.
2256 1823 2565 1888 “Gloriae,”;
2596 1824 2731 1890 quod

551 1915 627 1964 ita
662 1928 781 1963 cum
818 1906 1013 1975 “opus''
1039 1908 1369 1974 jungendum
1399 1923 1464 1959 ac
1494 1910 1541 1958 si
1573 1907 1816 1972 “Gloriae,
1847 1908 2077 1971 honoris,
2115 1911 2166 1956 et
2187 1904 2520 1958 fortitudinis
2547 1908 2729 1975 opus.”

555 1995 805 2061 scriptum
830 1998 984 2043 esset.

646 2078 749 2129 Pro
763 2075 1007 2128 “cibabit
1016 2074 1164 2124 illum
1179 2073 1459 2141 —potabit
1477 2073 1642 2124 eum.''
1653 2074 1715 2137 L,
1735 2072 1980 2124 “Cibsvit
1997 2088 2113 2124 eum
2125 2071 2243 2124 Dfis
2259 2098 2314 2109 -
2330 2075 2548 2138 potavit
2561 2075 2727 2128 eum.'’

649 2158 688 2227 δ
727 2155 887 2227 83.)
917 2155 1280 2225 jocunditatis]
1315 2157 1355 2206 1.
1393 2173 1438 2207 e.
1459 2155 1825 2224 jucunditatis.
1859 2155 1942 2209 Ab
1963 2155 2231 2222 jocundus
2265 2163 2442 2208 autem
2480 2160 2729 2224 provenit

552 2244 1070 2312 Anglico·poeticum
1080 2241 1294 2308 jocund.

647 2329 750 2378 Pro
776 2326 1242 2394 “pulchritudinis''
1269 2332 1320 2375 et
1344 2324 1567 2391 “caput''
1598 2326 1643 2376 L
1670 2324 1733 2375 de
1754 2341 1899 2376 more
1921 2324 2353 2391 “pulcritudinis''
2378 2330 2432 2377 et
2461 2328 2726 2395 “capud'':

552 2427 647 2477 pro
674 2407 881 2461 “velut'’
908 2409 984 2473 (in
1002 2407 1101 2473 Rio
1117 2407 1396 2474 proximo),
1420 2407 1667 2458 “velud'’:
1693 2408 1758 2458 cf.
1782 2409 1850 2458 ad
1872 2409 1903 2468 ἓ
1928 2411 2007 2458 32.

650 2487 1100 2558 quemadmodum]
1126 2491 1387 2556 quomodo,
1412 2490 1500 2542 vel
1520 2489 1797 2542 secundum
1820 2508 1969 2557 quam
1986 2487 2127 2558 (scil.
2148 2491 2493 2562 sententiam)

647 2577 741 2624 “ut
769 2570 979 2641 pereat'’
1013 2588 1107 2638 per
1136 2589 1315 2624 caussa
1328 2573 1606 2639 pereundi,
1634 2575 1732 2623 “ne
1755 2574 1965 2641 pereat''
1998 2590 2091 2641 per
2114 2590 2298 2626 caussa
2319 2592 2429 2626 non
2441 2576 2726 2640 pereundi,

551 2656 931 2726 explicandum.

647 2738 854 2806 quando
889 2738 1082 2790 dicitur
1115 2737 1180 2790 de
1212 2737 1321 2788 III
1344 2738 1611 2790 Nocturno
1646 2738 1860 2806 tant-mn]
1904 2739 2112 2805 quando
2148 2740 2206 2790 in
2240 2741 2399 2792 trium
2430 2740 2731 2794 lectionum

548 2823 731 2874 Officio
755 2822 1109 2887 Responsoria
1145 2823 1207 2872 de
1231 2823 1381 2872 tertio
1407 2823 1674 2873 Nocturno
1700 2830 1987 2874 sumuntur.

647 2903 685 2971 ξ
712 2902 869 2972 34.)
895 2906 1060 2957 Aliud
1083 2904 1469 2974 Euanqelium.)
1487 2906 1551 2956 V.
1576 2905 1641 2955 ad
1666 2907 1695 2968 5
1722 2910 1800 2956 27.

646 2987 941 3040 Secundam
969 2987 1184 3055 Lucam]
1209 2988 1271 3039 In
1299 2989 1359 3052 L,
1389 2989 1737 3055 Euangelium
1769 2989 1871 3040 hoc
1908 3003 2027 3039 cum
2048 2988 2398 3055 Expositione
2423 3006 2525 3041 sua
2546 2992 2731 3044 locum

544 3072 766 3136 tertium,
797 3071 1146 3138 Euangelium
1180 3087 1303 3121 vero
1342 3070 1638 3122 Secundum
1659 3072 1958 3123 Matthaeum
1990 3088 2109 3123 cum
2138 3073 2493 3138 Expositione
2518 3091 2638 3141 sua,
2666 3106 2731 3116 —

542 3154 685 3222 quod
705 3156 762 3205 in
785 3155 883 3206 Ed.
909 3161 1089 3206 nostra
1109 3154 1285 3205 locum
1300 3156 1511 3204 tertium
1526 3155 1697 3218 habet,
1717 3184 1780 3193 -
1798 3155 2086 3206 secundum
2104 3156 2326 3220 accepit.

640 3239 704 3289 In
721 3239 878 3290 Brev.
904 3245 1076 3289 autem
1093 3240 1347 3302 Romano,
1370 3240 1426 3288 in
1451 3255 1555 3303 quo
1580 3239 1835 3290 Nocturni
1856 3244 1883 3288 2
1909 3244 1960 3289 et
1983 3242 2013 3288 3
2038 3238 2302 3305 duplicem
2319 3241 2621 3294 lectionum
2640 3260 2732 3310 ap·

540 3330 778 3390 paratum
793 3322 1003 3385 habent,
1032 3322 1236 3387 Euang.
1271 3336 1374 3371 sec.
1400 3321 1598 3371 Lucam
1620 3322 1861 3388 priorem,
1885 3322 2090 3389 Euang.
2117 3337 2221 3373 sec.
2250 3322 2570 3377 Matthaeum
2604 3344 2731 3394 pos-

541 3408 782 3458 teriorem
805 3406 980 3456 locum
1003 3406 1175 3456 habet.

638 3490 907 3557 discipulis
932 3488 1059 3556 suis]
1084 3489 1146 3539 In
1169 3488 1325 3537 Brev.
1348 3487 1582 3537 Romano
1609 3487 1864 3538 “turbis'':
1891 3489 1954 3538 cf.
1979 3504 2189 3539 versum
2213 3490 2290 3541 25.

637 3573 813 3626 Lectio
833 3572 937 3640 vii.]
963 3573 1027 3624 In
1048 3574 1091 3622 L
1115 3570 1272 3621 lectio
1298 3570 1519 3635 septima
1540 3576 1722 3621 nostra
1746 3571 1818 3636 (v.
1843 3571 1909 3620 ad
1932 3572 1962 3632 §
1989 3573 2072 3637 29)
2098 3574 2375 3638 septimam
2399 3582 2458 3626 et
2474 3584 2733 3631 octavam

540 3657 699 3724 (hanc
733 3658 893 3708 verbo
920 3653 1215 3706 “Terrena''
1249 3653 1626 3719 incipientem),
1651 3661 1850 3704 octavae
1874 3656 2131 3705 sententia
2156 3657 2323 3722 prima
2344 3672 2554 3709 nonam
2578 3662 2730 3712 facit.

539 3740 750 3804 Contra,
781 3741 839 3789 in
874 3741 1028 3790 Brev.
1063 3740 1209 3789 Rom.
1231 3733 1485 3785 hodierno
1513 3735 1584 3799 (V.
1608 3737 1758 3801 ibid.)
1794 3739 2015 3802 septima
2039 3743 2091 3787 et
2123 3744 2310 3789 octava
2342 3747 2567 3808 nostrae,
2607 3761 2730 3813 sep·

534 3824 729 3888 timam,
761 3837 906 3873 nona
937 3828 1118 3874 nostra
1148 3826 1346 3873 octavae
1379 3818 1631 3882 majorem
1663 3825 1867 3871 tantum
1888 3826 2088 3887 partem
2109 3822 2250 3871 facit.
