2910 4457
527 568 665 644 AN
670 567 735 644 N
742 566 1158 647 OTATION
1166 567 1256 645 IS
1299 567 1797 646 PROLUSIO.

863 774 971 831 DE
1012 775 1467 834 PSALTERIO.

324 931 364 1012 ξ
394 931 460 992 1.
491 929 597 990 De
625 928 965 991 Matutim‘s
994 936 1055 992 et
1082 930 1402 992 Laudibus
1427 928 1946 992 Domim'calz’lm.⁴1²¹
1964 955 1982 991 :

499 1040 638 1101 item
667 1039 741 1103 de
778 1039 1178 1102 Orationibus
1206 1046 1349 1104 ante
1375 1045 1602 1123 etpost
1628 1040 1840 1103 Horas

828 1172 907 1214 eoe
936 1153 1185 1215 consilio
1216 1153 1508 1216 dicendis.

214 1306 535 1360 PsALTEBn
562 1306 991 1362 Sarisburiensisb
1008 1310 1222 1363 initium
1244 1312 1562 1380 inspicienti,
1579 1313 1773 1365 mirum
1790 1312 1955 1366 videri
1975 1322 2158 1382 potest,

141 1410 316 1462 neque
343 1393 415 1447 de
442 1393 659 1446 Psalmo
682 1393 876 1459 Venite,
893 1412 1066 1464 neque
1091 1395 1157 1448 de
1181 1396 1395 1465 reliquis
1418 1399 1662 1451 omnibus
1686 1415 1803 1466 quae
1826 1399 1884 1451 in
1904 1398 2161 1452 Psalterio

137 1481 391 1536 Romano
432 1482 723 1552 Hymnum
757 1482 1095 1536 Nocturnum
1132 1483 1449 1552 praecedant,
1474 1485 1557 1536 vel
1587 1485 1804 1537 verbum
1840 1484 1960 1536 dici.
2035 1485 2158 1536 Hoc

140 1578 323 1623 autem
346 1571 409 1622 in
437 1570 747 1622 universum
770 1569 1066 1623 monendus
1101 1578 1182 1623 est
1216 1571 1395 1636 lector,
1418 1572 1590 1624 multa
1618 1586 1738 1640 quae
1774 1569 1917 1640 apud
1942 1570 2157 1624 Brevia-

139 1660 280 1712 rium
306 1659 628 1712 Romanum
652 1657 709 1708 in
734 1657 1007 1722 Psalterio‚
1031 1657 1175 1726 apud
1198 1666 1435 1711 nostrum
1468 1660 1525 1711 in
1551 1658 1769 1727 Proprio
1794 1657 1861 1710 de
1885 1657 2156 1726 Tempore,

144 1762 209 1797 ac
229 1746 531 1814 praesertim
563 1745 622 1795 in
648 1741 864 1812 Proprio
896 1743 961 1796 de
994 1743 1252 1813 Tempore
1285 1743 1627 1798 hebdomadae
1654 1745 1836 1814 primae
1860 1742 2155 1806 Adventus,

144 1830 362 1897 plenius
385 1830 628 1900 exposita
649 1830 887 1882 inveniri.
958 1829 1132 1884 Adeat
1152 1832 1317 1901 igitur
1338 1832 1490 1885 istius
1513 1832 1720 1902 Proprii
1740 1850 1792 1901 p.
1811 1838 1845 1884 4
1870 1849 1918 1884 a.
1938 1840 1993 1885 et
2009 1848 2151 1899 seqq.

214 1955 236 1978 ⁸
255 1949 307 1996 N
309 1956 416 1998 otet
427 1949 580 1998 lector
594 1949 714 2012 quid
733 1949 926 1997 intersit
946 1950 1076 1998 inter
1087 1952 1352 2000 Dominicus
1369 1958 1417 2000 et
1432 1954 1736 1999 Dominicalt‘s
1754 1970 1769 1998 .·
1794 1953 2061 1998 Dominicus
2079 1956 2152 1996 est

146 2031 232 2092 qui
244 2032 308 2078 ad
326 2032 625 2088 Dumium,
640 2033 940 2080 nominantis
957 2032 1042 2094 qui
1061 2018 1450 2080 ad'Dominicam
1474 2031 1596 2093 (κει.
1616 2030 1769 2092 diem)
1789 2030 2023 2093 pertinet:
2048 2045 2086 2076 e.
2101 2045 2147 2090 g.

148 2113 312 2160 Oratio
334 2115 584 2160 Dominio-a
605 2118 677 2159 est
697 2114 844 2160 Pater
857 2121 1023 2171 noster,
1038 2113 1266 2175 Anglice,
1291 2116 1364 2161 the
1383 2116 1549 2162 Lord’s
1570 2115 1782 2173 Prayem
1811 2114 1971 2157 Oratio
1984 2112 2144 2155 Domi-

143 2195 316 2240 nicalis
343 2198 527 2250 autem,
546 2195 703 2241 Oratio
723 2195 975 2242 Dominicoe
996 2197 1177 2242 cuidam
1191 2196 1402 2254 propria,
1420 2191 1569 2253 Angl.
1595 2194 1669 2238 the
1693 2192 1882 2250 Sunday
1901 2191 2084 2236 Collect.

211 2269 237 2299 b
279 2273 857 2336 Sarisburg-um‚†unde,
883 2278 1073 2320 mutato
1107 2272 1187 2334 (ut
1215 2271 1359 2332 alias)
1385 2275 1502 2333 burg
1529 2270 1582 2318 in
1617 2274 1747 2333 bury,
1779 2271 2070 2317 Sarisburi-a
2105 2275 2154 2315 et

140 2352 261 2399 inde
305 2358 487 2399 natum
524 2351 780 2415 Salisbury*
814 2354 1031 2401 derivata
1072 2352 1536 2410 sung-secundum
1571 2352 1734 2415 ipsum
1774 2351 1970 2414 quidem
2004 2350 2147 2398 Brev.

143 2434 332 2481 Sarisb.
360 2448 456 2496 per
484 2432 748 2495 aphaeresin
778 2449 866 2497 pro
897 2435 1289 2496 Caesarisburgum
1320 2432 1506 2480 dictum
1526 2437 1630 2480 est:
1668 2431 1831 2480 confer
1851 2431 2147 2479 mediaevum

142 2516 419 2578 Saragosta,
452 2514 581 2561 unde
620 2514 909 2561 hodiernum
942 2515 1212 2575 Sango-ssa,
1247 2513 1412 2576 ipsum
1459 2513 1519 2561 ab
1559 2513 1759 2576 antiquo
1797 2514 2151 2573 Gaesaraugusta

138 2610 221 2656 per
243 2596 458 2644 eandem
480 2594 752 2657 aphaeresin
773 2594 970 2642 dictum.
1038 2594 1190 2642 Plura
1209 2593 1318 2640 vide
1340 2594 1401 2641 ad
1422 2594 1572 2641 finem
1605 2593 2146 2654 Prolegomenorum.—-

137 2675 389 2723 Ecclesiae
423 2680 590 2722 autem
620 2674 985 2721 Sarisburiensis
1018 2689 1163 2721 usum
1198 2674 1501 2735 sequebatur,
1534 2687 1632 2719 non
1664 2673 1760 2719 ista
1788 2677 1980 2718 tantum
2004 2671 2145 2716 Dioe-

138 2758 270 2816 cesis,
310 2756 405 2804 sed
439 2761 543 2802 tota
577 2755 677 2802 fere
708 2754 962 2802 Provincia
996 2753 1374 2803 CantuariensiS.
1461 2751 1782 2814 Excipiendae
1825 2757 1941 2796 sunt
1985 2757 2147 2796 tamen

137 2838 390 2887 Dioecesis
423 2834 782 2883 Lincolniensis
816 2849 925 2896 quae
962 2834 1041 2896 (ut
1066 2833 1324 2881 Provincia
1354 2831 1697 2893 Eboracensis)
1736 2846 1896 2887 suum,
1928 2836 1976 2878 et
2009 2829 2143 2877 Wal-

133 2920 239 2969 1icae
264 2918 546 2972 Dioeceses‚
571 2929 775 2976 quarum
800 2913 880 2976 (ut
898 2912 1111 2974 videtur)
1144 2913 1505 2975 Bangorensem
1542 2911 1962 2976 Septentrionales,
1988 2911 2139 2959 Meri·

136 3002 355 3053 dionales
391 2995 799 3044 Herefordensem
829 3010 979 3043 usum
1010 2995 1346 3057 sequebantur.
1407 2997 1626 3042 ordinale
1660 2998 1824 3041 autem
1859 2993 2034 3040 Sarisb.
2072 2993 2141 3053 (v.

141 3084 200 3129 ad
227 3079 433 3144 Proprii
467 3076 528 3123 de
559 3076 796 3139 Tempore
823 3092 871 3139 p.
898 3075 969 3137 1),
1001 3089 1102 3123 non
1134 3075 1368 3137 Angliam
1397 3081 1446 3123 et
1480 3075 1711 3122 Walliam
1743 3076 1950 3133 tantum,
1985 3075 2070 3122 sed
2097 3080 2145 3121 et

138 3171 287 3211 totam
323 3162 431 3209 fere
470 3157 760 3205 Hiberniam
797 3169 1057 3219 usurpasse
1089 3156 1142 3203 in
1177 3156 1527 3219 Polychronico
1565 3156 1670 3218 (lib.
1705 3155 1752 3213 7,
1787 3171 1828 3203 c.
1864 3154 1919 3216 3)
1955 3156 2143 3202 dicitur.

140 3245 281 3294 Quod
304 3242 352 3290 si
372 3254 549 3289 verum
573 3244 663 3296 est,
684 3239 884 3287 fortasse
905 3244 954 3286 et
977 3237 1072 3285 alia
1092 3253 1118 3285 e
1139 3238 1444 3286 celeberrimo
1464 3253 1559 3286 usu
1579 3238 1672 3286 isto
1693 3236 1747 3284 in
1766 3252 1886 3286 usus
1907 3237 2140 3285 fraternos

140 3325 351 3375 derivata
370 3327 503 3372 sunt.

441 3427 468 3454 ’Β
493 3425 657 3467 confer
673 3426 968 3477 Helfhrdemis
982 3435 1062 3476 pro
1079 3426 1394 3477 Heffordensi&
1412 3428 1487 3470 Le.
1505 3427 1840 3478 Heresorclemis.

1099 3509 1136 3547 n
1159 3498 1192 3547 3
