2910 4457
554 437 802 525 xxxviij
1292 455 1342 496 m
1370 456 1599 498 orricium
1626 457 1996 501 rmnstmoms
2450 444 2566 513 (An
2588 448 2621 510 ξ,
2647 452 2728 500 100

659 588 782 642 Lcc.
825 589 892 657 2.)
930 590 992 641 In
1035 591 1151 658 ipso
1186 591 1318 643 Ven.
1362 592 1521 643 Bedae
1556 608 1737 660 opere,
1783 609 1888 645 sec.
1930 592 2150 645 eandem
2189 595 2524 662 Editionem‚
2570 602 2734 650 statim

556 680 688 742 post
723 673 1006 741 “operari'’
1029 670 1105 739 (v.
1128 674 1329 742 supra),
1365 675 1580 742 legitur:
1621 676 1747 725 “Est
1769 680 1943 726 autem
1965 676 2116 727 locus
2144 678 2283 729 idem
2312 680 2554 746 sepulcri
2572 710 2639 718 —
2655 683 2733 733 do-

568 757 905 809 “munculi—
917 757 1142 808 habente
1159 787 1225 796 —
1238 758 1330 809 illo
1351 758 1719 810 adveniunt—
1735 758 2007 810 adsumere
2022 789 2090 800 —
2104 762 2163 811 in
2181 777 2346 826 aquas
2367 790 2433 802 -
2446 763 2733 816 redibunt-'³

564 841 705 892 Inter
737 842 991 892 lectiones
1026 845 1201 892 autem
1233 843 1405 892 varias
1437 843 1791 904 inveniuntur,
1826 842 2168 909 “sepulchri'',
2208 844 2615 898 “domunculae''
2651 849 2736 913 (sic

563 930 716 975 vetus
738 925 833 974 MS
862 925 1198 974 Trevirense:
1225 941 1274 975 v.
1305 925 1371 975 ad
1396 927 1426 986 ξ
1452 928 1533 989 98,
1560 921 1698 975 inter
1708 924 2084 978 Annotationec
2109 925 2446 996 Lonqioree),
2480 935 2534 980 et
2566 931 2735 983 “assu-

564 1006 792 1072 “mere'';
853 1022 949 1058 uas
972 1007 1127 1058 Brev.
1152 1012 1389 1059 nostrum
1414 1008 1587 1059 habet.

659 1126 741 1174 De
758 1123 1022 1174 miraculis
1039 1128 1211 1174 autem
1233 1124 1380 1190 ipsiS,
1407 1124 1476 1174 ad
1497 1124 1548 1174 S.
1569 1124 1758 1176 Oeddae
1785 1125 2120 1191 sepulchrum
2137 1127 2307 1192 factis,
2332 1144 2449 1179 non
2482 1130 2737 1183 Catholici

561 1210 778 1270 tantum,
814 1206 908 1256 sed
936 1211 988 1257 et
1012 1207 1369 1277 Protestantes
1397 1207 1620 1258 honeste
1649 1208 1922 1258 veritatem
1952 1208 2211 1258 dixerunt.
2242 1209 2332 1259 Sic
2370 1212 2522 1261 enim
2559 1213 2628 1264 de
2671 1231 2736 1273 eo,

556 1318 628 1329 —
645 1297 702 1340 ut
726 1291 783 1340 in
807 1305 966 1356 supra
984 1286 1057 1358 (p.
1076 1291 1279 1361 xxxvij)
1301 1293 1603 1342 memoratis
1627 1291 1883 1341 Ecclesiae
1905 1291 2387 1358 Anglo-Saxonicae
2413 1294 2730 1359 Annalibus,

558 1374 655 1426 sub
681 1373 864 1425 eodem
887 1389 1025 1425 anno
1054 1376 1165 1438 672,
1192 1374 1317 1441 Cap.
1347 1377 1393 1438 5,
1417 1388 1703 1439 monemur,
1725 1402 1797 1412 ——
1822 1373 2207 1426 centuriatores
2238 1375 2730 1446 Magdeburgenses

554 1455 760 1522 (“Cent.
782 1460 833 1523 7,
856 1457 890 1506 f.
916 1456 1067 1522 534”)
1094 1459 1439 1525 scripserunt:

664 1540 930 1590 “Mortuus
951 1539 1138 1591 claruit
1156 1541 1436 1604 miracuIiS,
1474 1540 1604 1593 adeo
1622 1546 1682 1591 ut
1697 1542 1996 1604 freneticae,
2027 1546 2231 1592 tantum
2255 1541 2534 1596 dormiens
2557 1547 2630 1597 ad
2648 1549 2742 1613 ejus

564 1621 837 1685 “tumbam,
858 1623 1069 1673 sanitati
1087 1624 1156 1673 sit
1172 1625 1441 1675 restitutus
1458 1642 1472 1689 ς
1498 1628 1549 1674 et
1567 1624 1753 1690 quovis
1772 1624 1953 1676 morbo
1973 1626 2275 1690 conflictati,
2289 1631 2515 1693 gustato
2537 1631 2742 1697 pulvere

565 1708 707 1772 “ejus
726 1706 1066 1768 monumenti,
1087 1705 1302 1756 curati.”

659 1791 741 1839 De
758 1795 991 1855 tempore
1010 1793 1184 1839 autem
1202 1790 1491 1856 posteriore
1508 1791 1563 1840 in
1581 1790 1769 1841 iisdem
1785 1789 2098 1854 Annalibus,
2119 1790 2247 1842 ibid.
2267 1792 2396 1859 Cap.
2419 1796 2472 1859 6,
2497 1795 2743 1865 legimus:

663 1873 895 1939 “Corpus
926 1874 978 1924 S.
999 1871 1239 1936 Ceaddae,
1267 1871 1542 1939 posteriue,
1561 1874 1748 1938 majori
1767 1889 1885 1924 cum
1901 1873 2100 1924 honore
2120 1874 2421 1939 conditum3
2455 1893 2587 1931 cum
2604 1883 2744 1933 Lich-

564 1957 840 2008 “seldensis
859 1954 1101 2007 Ecclesia
1116 1955 1370 2007 illustrius
1401 1958 1560 2023 coepit
1588 1957 1847 2021 aedificari,
1879 1963 1929 2008 et
1957 1973 1989 2007 a
2007 1957 2056 2006 S.
2078 1956 2292 2008 Ceadda
2318 1976 2527 2013 nomen
2561 1966 2745 2032 apella-

564 2042 893 2104 “tionemque
911 2041 1176 2106 accipere;
1205 2041 1493 2107 praesertim
1511 2040 1744 2091 Waltero
1763 2041 2044 2107 Langtono
2064 2040 2388 2107 Episcopum
2418 2046 2499 2096 ibi
2533 2056 2742 2116 agente3

565 2122 660 2173 “de
678 2138 780 2187 quo
801 2123 874 2172 ita
891 2123 1073 2174 scribit
1090 2122 1447 2174 Godwinus*:
1474 2121 1718 2173 Eccleeiae
1735 2140 1839 2173 suoe
1855 2122 2237 2188 Lickfeldeneie
2254 2123 2573 2192 benefactor
2593 2131 2747 2182 extitit

564 2206 1101 2274 “munificentieeimua
1132 2206 1357 2273 Capellae
1384 2205 1450 2257 B.
1480 2205 1668 2257 Μανία
1689 2206 1876 2259 ibidem
1879 2206 2238 2273 fundamenta
2256 2207 2398 2273 jecit,
2432 2227 2499 2261 ac
2529 2214 2746 2265 moriem

565 2291 891 2356 ‘priusquam
909 2298 1248 2353 extrueretur,
1257 2291 1537 2356 pecuniam
1552 2290 1762 2356 reliquit
1776 2291 1916 2341 unde
1937 2290 1995 2341 id
2010 2291 2172 2353 fieret.
2197 2289 2503 2344 C'lazwtrum
2529 2296 2747 2361 ejusdem

564 2375 738 2424 “muro
757 2373 934 2438 cinxit,
959 2383 1009 2426 et
1024 2375 1127 2426 duo
1149 2373 1316 2425 millia
1333 2373 1588 2426 librarum
1603 2373 1855 2439 impendit
1870 2374 1929 2424 in
1955 2373 2126 2424 Theca
2143 2392 2245 2440 qua
2263 2391 2458 2439 corpus
2475 2374 2540 2428 S.
2567 2377 2748 2430 Oeddoe

564 2456 922 2507 “antecessoris
948 2457 1029 2507 eui
1058 2456 1381 2507 conderetur.
1414 2456 1655 2507 Clausum
1680 2456 1783 2507 sive
1801 2456 2142 2521 praecinctum
2159 2447 2433 2522 Ecclesiae,
2452 2459 2504 2510 έι
2535 2477 2690 2512 muro
2705 2461 2748 2513 et

563 2541 733 2606 “fossa
760 2538 1109 2603 circumdedit,
1138 2539 1335 2590 additis
1352 2539 1527 2605 porti-3
1542 2539 1756 2603 duabus,
1787 2556 1977 2607 maqna
1997 2556 2121 2603 una,
2150 2541 2232 2592 vel
2243 2541 2428 2605 potius
2453 2545 2750 2612 magnifica,

563 2622 665 2672 “ad
703 2621 1035 2686 Occidentem,
1067 2629 1114 2672 et
1139 2622 1263 2686 alia,
1291 2621 1382 2673 sed
1406 2622 1620 2685 minore,
1650 2621 1723 2672 ad
1739 2620 2002 2673 Austrum.
2026 2620 2108 2672 Ita
2127 2623 2323 2673 factum
2358 2624 2508 2676 circa
2529 2628 2748 2676 exuvias

563 2707 827 2771 “corporis
863 2706 1003 2770 eine,
1043 2704 1301 2756 Edwardo
1338 2705 1583 2756 Secundo
1621 2711 1888 2773 regnante.
1942 2706 2181 2756 Ceterum
2219 2705 2332 2770 ejus
2370 2707 2644 2772 animam,
2685 2708 2745 2757 ab

563 2789 800 2856 “agmine
823 2789 1128 2856 angelorum
1143 2790 1200 2839 in
1219 2789 1409 2840 coelum
1435 2794 1774 2855 assumptam,
1799 2789 1934 2840 vidit
1954 2788 2234 2854 EgbertuS,
2264 2786 2371 2856 [vel
2390 2790 2620 2854 quidam
2637 2792 2753 2842 huic

562 2872 788 2923 “Sancto
813 2872 1005 2939 notus‚]
1032 2878 1084 2923 et
1121 2875 1278 2923 refert
1305 2872 1452 2923 Beda
1475 2873 1510 2923 l.
1528 2876 1577 2936 4,
1599 2888 1643 2923 c.
1663 2869 1808 2939 3.”(f)
1876 2878 1877 2885 ’

749 2994 1001 3035 *⁸⁸Godwin.
1028 2998 1066 3035 in
1096 2997 1213 3037 Catal.
1244 2994 1463 3048 [Godwinuu
1493 2998 1540 3036 de
1567 2998 1792 3036 Presulibus
1820 2995 2000 3049 Angliae,]
2027 2998 2067 3036 in
2093 2998 2259 3035 Waltero
2290 2997 2547 3047 tangamus*

644 3079 683 3146 f)
708 3080 883 3132 Verba
900 3096 1029 3144 quae,
1054 3079 1142 3130 vel
1167 3080 1357 3144 quibus
1383 3080 1589 3144 similia,
1688 3080 1872 3132 bernia
1888 3079 2159 3145 religionis
2185 3077 2375 3130 caussa
2406 3078 2642 3148 degenS,
2668 3095 2754 3133 vo·

557 3148 677 3199 ideo
712 3148 936 3197 fortasse
971 3146 1036 3197 ab
1074 3155 1301 3210 auctore,
1337 3146 1479 3211 quod
1512 3148 1590 3212 ip-
1691 3154 1745 3198 to
1782 3148 2013 3213 seipsum
2050 3146 2204 3211 (inter
2239 3146 2364 3210 alia)
2403 3162 2473 3196 ne
2502 3163 2750 3214 unquam

562 3232 674 3265 sam
707 3214 838 3263 Ven.
863 3212 1021 3263 Bedae
1043 3214 1332 3263 Historiam
1366 3213 1432 3263 ob
1469 3229 1591 3263 ocu·
1690 3215 1746 3263 in
1797 3213 2018 3281 patriam
2062 3218 2359 3262 terrestrem
2405 3213 2614 3264 rediret
2663 3216 2753 3266 ob·

561 3282 643 3332 los
669 3281 791 3331 dum
816 3279 1064 3330 scriberet
1085 3295 1194 3329 non
1218 3279 1461 3342 habebat,
1499 3278 1592 3337 sed
1693 3281 1985 3342 strinxerat,
2006 3304 2071 3315 —
2103 3283 2156 3327 et
2180 3278 2232 3329 S.
2259 3277 2661 3344 Higbaldum†,
2689 3297 2754 3331 ex

561 3348 821 3398 memoriae
853 3346 940 3396 vel
974 3345 1399 3396 commentariolo
1434 3346 1592 3395 nimis
1692 3346 1974 3397 Provincia
2013 3344 2246 3395 Lindissi
2286 3345 2341 3408 (i.
2383 3359 2431 3393 e.
2475 3345 2758 3398 Lindisfa·

556 3415 738 3479 jejuno
780 3412 987 3475 fidebat,
1037 3413 1229 3462 omissa
1274 3416 1412 3474 sunt,
1459 3413 1595 3461 inter
1693 3428 1892 3463 rorum:
1913 3429 1964 3461 v.
1982 3427 2032 3476 p.
2045 3411 2121 3475 xl)
2143 3411 2328 3461 ‘virum
2347 3411 2761 3464 sanctissimum

563 3483 785 3530 uncinos
811 3478 1069 3545 supplevi.
1696 3481 1765 3528 ‘et
1807 3474 2360 3539 continentissimum',
2404 3477 2499 3539 qui
2550 3481 2577 3505 ‘⁴
2626 3481 2765 3529 tatia

630 3548 711 3596 Ita
747 3547 884 3597 enim
913 3544 1052 3612 apud
1081 3544 1279 3596 Bedam
1308 3544 1480 3610 ipsum
1511 3560 1595 3595 res
1699 3541 2078 3595 “visitationis'’
2115 3558 2180 3592 ex
2211 3542 2492 3591 Britannia
2531 3560 2566 3593 a
2638 3562 2765 3596 eum

567 3618 834 3663 narratur:
1492 3661 1494 3665 ,
1694 3615 1926 3672 venerat,
1950 3637 2014 3647 -
2037 3608 2346 3658 “intervenit
2368 3610 2576 3660 mentio
2599 3627 2764 3662 reve·

628 3679 772 3728 Inter
816 3678 1050 3729 Abbates
1098 3677 1152 3743 (i.
1194 3693 1238 3728 e.
1278 3676 1594 3743 Monachos)
1700 3677 2012 3727 “tentissimi
2047 3674 2296 3725 antistitis
2317 3672 2557 3741 Ceadda,
2597 3677 2764 3728 dixit-

564 3744 788 3810 Anglos,
819 3745 869 3795 S.
895 3743 1196 3810 Egbertum,
1222 3770 1286 3780 —
1310 3743 1399 3808 qui
1421 3744 1478 3792 in
1500 3744 1596 3793 Hi·
1699 3744 1832 3810 “que
1854 3742 2109 3809 Ecgbert:

664 3835 696 3882 †
715 3834 757 3871 ln
784 3835 857 3871 Ed.
886 3845 984 3872 nova
1010 3835 1225 3883 Parisienni,
1264 3846 1311 3873 cx
1350 3845 1421 3884 qna
1462 3834 1516 3884 (v.
1541 3845 1670 3884 supra,
1696 3846 1736 3884 p.
1763 3833 1917 3882 xxxvij)
1954 3832 2154 3883 sequentia
2177 3831 2423 3881 transscripta
2452 3841 2565 3883 sunt,
2608 3833 2765 3886 “Hyg-

567 3883 731 3923 “bald't
771 3882 919 3921 Colitur
944 3891 1065 3923 autem
1086 3885 1157 3942 <lic⁴
1174 3887 1262 3934 Sep.
1286 3884 1351 3926 22.
