2910 4457
212 388 306 439 An
322 389 379 440 P.
399 391 421 438 1
445 389 473 441 Β
489 416 560 427 -
580 392 639 440 12
658 389 710 455 ιι)
735 404 783 447 m
809 396 951 448 snsv.
978 406 1155 447 samse.
1180 406 1321 447 msc.
1345 408 1362 447 ι
1388 406 1504 447 Anni
1535 407 1628 447 185⁵
1656 406 1765 445 Anu.
1793 407 1853 445 m·
1879 408 2021 449 cona.
2294 395 2360 484 iij

207 568 210 572 -
312 540 395 588 De
426 538 510 590 his
531 544 719 603 autem,
742 540 852 591 sive
876 539 1208 605 divisionum,
1242 542 1356 593 sive
1376 539 1666 592 lectionum
1698 541 2054 608 varietatibus,
2085 548 2362 611 antequam

209 621 529 673 diversitatis
560 623 776 690 integrae
810 624 1106 691 catalogum
1136 624 1371 689 habeam,
1402 640 1512 675 non
1544 624 1712 675 multa
1740 624 1912 676 dicere
1945 631 2157 692 poter03
2190 644 2290 680 nec
2319 630 2365 681 si

206 720 440 771 possem,
469 706 527 756 in
561 705 837 757 Addcndie
857 708 1158 775 prasertim,
1194 723 1364 775 operae
1395 707 1616 774 pretium
1640 714 1793 759 esset.

309 803 361 852 p.
383 804 435 851 x,
455 789 511 838 in
533 788 716 839 notula
737 789 773 852 l,
796 788 889 839 lin.
910 792 959 853 4,
984 790 1180 840 scribe:
1208 790 1365 856 “festo
1385 790 1691 857 plerumque
1715 792 1976 843 contraria
1996 792 2172 845 sunt.’‘

308 871 557 935 Ejusdem
586 886 711 922 vero
741 872 949 939 paginae
978 872 1305 939 paragrapho
1340 872 1590 937 secundo,
1621 872 1689 923 ad
1721 873 1893 939 finem,
1927 900 1995 913 -
2021 875 2221 928 notulae
2251 878 2365 944 ejus

202 952 346 1017 loc0,
369 969 485 1018 quae
505 955 702 1021 pagina
724 954 809 1007 civ
831 956 1109 1019 invenitur,
1131 984 1199 994 —
1220 955 1486 1022 appende:

309 1035 379 1101 ⁰⁰)
402 1035 520 1087 Alia
545 1041 627 1087 est
647 1036 882 1103 inceptio,
917 1036 1020 1103 qui
1048 1037 1246 1088 Psalmi
1265 1038 1352 1089 vel
1376 1037 1692 1104 Antiphonoe
1713 1039 1933 1103 initium,
1959 1041 2167 1106 quando
2193 1048 2366 1095 cetera

203 1116 239 1150 a
264 1101 427 1152 choro
460 1104 633 1153 statim
665 1104 1023 1169 percantanda
1054 1109 1193 1164 sunt,
1218 1103 1283 1154 ab
1307 1120 1413 1155 uno
1426 1104 1768 1169 proecinimr;
1799 1106 1939 1172 quod
1973 1108 2050 1173 (in
2078 1109 2365 1174 antiphona

205 1167 418 1234 saltem)
442 1168 801 1247 Francogallis
820 1176 901 1219 est
917 1170 1081 1222 elever
1098 1167 1449 1240 (l'antienne):
1477 1171 1542 1220 cf.
1565 1172 1621 1220 in
1638 1171 1722 1221 Pr.
1746 1174 1778 1220 4
1798 1171 1832 1222 b
1851 1174 2084 1225 exaltare
2090 1176 2363 1240 psalmum,

203 1240 259 1285 et
282 1234 403 1284 vide
420 1235 832 1286 Anuotationum
853 1253 903 1302 p.
927 1237 1092 1300 xlviii,
1115 1253 1293 1305 parag.
1319 1242 1346 1286 7
1373 1246 1424 1288 et
1444 1237 1663 1303 penult„
1686 1252 1805 1289 cum
1825 1239 1908 1291 his
1929 1238 2072 1292 Add.
2095 1248 2145 1293 ct
2173 1240 2321 1293 Corr.

310 1333 361 1383 p.
385 1318 456 1380 xi,
480 1316 515 1367 l.
541 1322 585 1379 2,
607 1332 701 1383 pro
730 1317 937 1370 “erant”
961 1319 1129 1370 scribe
1156 1318 1343 1371 “erat''.

311 1398 471 1463 Ibid„
504 1415 614 1465 par.
650 1404 697 1465 3,
728 1408 849 1467 post
884 1400 1225 1468 “Vesperas,'’
1254 1401 1428 1451 insere
1464 1400 1796 1466 “Primam,'';
1831 1408 1884 1454 et
1906 1402 1973 1454 ad
1994 1403 2152 1455 finem
2176 1405 2361 1470 scribe,

206 1482 304 1531 “In
329 1482 573 1548 Vesperis
596 1484 762 1535 rarius
796 1489 1062 1536 mutantur
1084 1484 1273 1553 psalmi
1296 1483 1369 1549 (v.
1391 1484 1460 1535 ad
1483 1486 1514 1546 9
1541 1484 1615 1553 1)2
1646 1485 1711 1536 de
1732 1485 1908 1537 Prima
1930 1502 1980 1537 v.
2001 1503 2055 1553 p.
2075 1487 2232 1538 xvii.”

309 1585 367 1632 P.
397 1583 431 1632 2
463 1596 510 1634 a.
542 1584 606 1633 In
638 1582 846 1635 Psalmo
880 1584 935 1649 ij,
970 1589 1029 1635 ut
1059 1584 1269 1650 ubique,
1300 1600 1397 1651 pro
1440 1583 1858 1657 “haereditatem”
1893 1590 1992 1637 cet.
2032 1587 2365 1639 scribendum

202 1666 609 1719 “hereditatem”
648 1674 745 1717 cet.
781 1667 870 1717 Sic
902 1674 953 1718 et
982 1668 1153 1734 ipsum
1192 1676 1360 1721 cetera
1400 1682 1519 1719 cum
1557 1669 1796 1736 cognatis
1834 1668 2021 1721 melius
2060 1671 2176 1721 sine
2216 1670 2362 1740 diph-

198 1752 409 1817 thongo
432 1749 688 1801 scribitur.
705 1777 772 1787 —
788 1750 933 1801 Idem
958 1749 1298 1818 desecandum
1320 1756 1419 1802 cet.
1444 1750 1746 1802 dicendum:
1770 1752 1838 1804 cf.
1860 1758 2034 1804 autem
2056 1754 2124 1805 ad
2148 1756 2180 1817 5
2210 1759 2253 1806 1.

305 1837 364 1885 P.
386 1835 420 1885 3
443 1834 519 1899 Β.)
542 1833 643 1884 Pro
672 1832 977 1899 “lacrymis''
1001 1835 1109 1899 (Ps.
1134 1836 1186 1900 6)
1210 1835 1381 1887 scribe
1407 1834 1767 1902 “lachrymis”.

308 1920 365 1967 P.
388 1920 421 1966 4
445 1915 521 1981 a.)
557 1918 643 1968 Ps.
675 1921 722 1981 7,
752 1933 804 1966 v.
845 1915 950 1985 51.)
975 1917 1115 1968 Ecce
1148 1911 1387 1985 parturit]
1421 1919 1526 1968 Pro
1565 1917 1844 1985 “parturit”
1877 1916 2034 1986 Vulg.
2069 1934 2187 1971 cum
2219 1921 2365 1972 LXX

199 1999 538 2068 “parturiit’':
560 2000 712 2050 Brev.
733 1999 907 2051 Carth.
927 1999 995 2051 ad
1014 2001 1045 2062 ἕ
1068 2003 1161 2052 116
1185 2001 1261 2065 (in
1278 2001 1464 2052 notula
1480 2000 1534 2069 ῃ)
1553 2007 1907 2067 memoratum,
1929 2003 2281 2069 “parturiuit”.

303 2083 367 2133 In
390 2082 573 2133 eodem
595 2097 752 2133 versu
775 2080 962 2133 divisio
986 2083 1224 2134 Romana
1246 2084 1367 2151 post
1394 2083 1761 2149 “injustitiam”
1783 2084 1858 2135 fit.

305 2185 363 2234 P.
387 2186 420 2233 4
443 2181 517 2248 Β.)
551 2183 638 2236 Ps.
662 2186 709 2248 8,
732 2200 783 2236 v.
809 2182 877 2250 6.)
910 2184 1014 2235 Pro
1044 2173 1438 2252 “paulominus’'
1459 2185 1546 2237 hic
1573 2190 1623 2237 et
1643 2185 1856 2253 passim,
1878 2184 2034 2254 Vulg,
2062 2186 2249 2257 “paulo
2272 2189 2363 2239 mi-

203 2265 393 2319 “nus”.
416 2267 481 2317 In
505 2284 663 2335 supra
684 2273 966 2318 memorato
990 2269 1143 2318 Brev.
1169 2266 1343 2318 Carth.
1365 2268 1498 2319 illud
1521 2269 1722 2335 legitur.

307 2350 371 2399 In
396 2348 578 2400 eodem
599 2366 770 2414 versu,
792 2357 913 2416 post
939 2349 1204 2419 “angelis'’
1225 2356 1455 2418 ponatur
1478 2352 1780 2404 semicolon.

304 2433 394 2483 Ps.
423 2432 492 2498 9.)
527 2434 629 2484 Pro
668 2434 881 2486 “sedes''
909 2432 984 2502 (v.
1014 2435 1068 2499 4)
1101 2435 1256 2502 Vulg.
1293 2451 1412 2486 cum
1442 2435 1589 2486 LXX
1623 2443 1676 2487 et
1709 2451 1866 2504 supra
1894 2443 2175 2489 memorato
2208 2439 2363 2490 Brev,

198 2514 383 2569 Carth.
412 2515 672 2568 “sedisti'’.
696 2519 757 2568 In
782 2519 960 2570 Graeco
987 2519 1228 2570 aoristus.

304 2617 363 2666 Ρ.
387 2616 421 2664 5
442 2615 517 2680 Β.)
541 2616 602 2667 In
624 2616 711 2668 Ps.
740 2621 814 2681 10,
838 2635 890 2670 v.
919 2624 961 2683 1,
987 2619 1175 2670 divisio
1198 2620 1433 2671 Romana
1453 2624 1576 2685 post
1604 2618 1790 2671 “meae’'
1814 2620 1887 2672 fit.

304 2701 362 2748 P.
384 2699 418 2747 6
441 2698 514 2763 α.)
539 2699 599 2749 In
622 2700 709 2750 Ps.
737 2705 813 2763 11,
835 2716 886 2750 V.
909 2705 956 2764 4,
981 2702 1169 2753 divisio
1193 2703 1428 2752 Romana
1449 2707 1571 2769 post
1597 2701 1785 2753 “sunt”
1806 2703 1880 2755 flt.

303 2784 361 2831 Ρ.
383 2782 418 2830 8
440 2781 514 2847 Β.)
540 2783 669 2833 Post
694 2782 1017 2847 “terrarum”,
1043 2784 1077 2833 l.
1103 2787 1132 2835 3
1156 2800 1189 2835 a
1210 2784 1330 2848 fine,
1351 2790 1581 2851 ponatur
1604 2783 1776 2835 colon.

307 2869 362 2916 P.
385 2867 420 2916 9
443 2867 487 2928 Β,
512 2865 547 2916 l.
576 2870 651 2931 16,
678 2866 855 2918 omitte
878 2873 1168 2918 accentum.

307 2952 363 3000 P.
391 2953 453 3000 10
475 2949 551 3013 α.)
576 2950 636 2998 In
660 2951 748 3000 Ps.
776 2952 853 3013 18,
876 2965 927 2999 V.
956 2952 1031 3012 10,
1055 2948 1212 3016 Vulg.
1237 2965 1356 3000 cum
1378 2951 1524 3000 LXX
1548 2956 1601 3000 et
1622 2951 1758 3002 Heb.
1787 2952 2176 3016 “permanens”.
2203 2953 2290 3003 Sic
2313 2964 2365 3004 et

200 3049 368 3098 supra
390 3039 727 3084 memoratum
750 3034 906 3084 Brev.
932 3032 1106 3084 Carth.

308 3136 363 3183 P.
387 3135 442 3183 11
470 3132 545 3196 Β.)
563 3149 613 3199 p.
631 3133 741 3198 xii.)
766 3133 848 3184 Ad
870 3133 1264 3200 “nonum(¹·¹¹²)”,
1283 3133 1338 3184 iu
1354 3133 1670 3201 paragraphi
1688 3135 1884 3201 penult.
1903 3134 2043 3186 linea
2061 3133 2362 3200 penultima,

202 3215 448 3283 appende
471 3215 730 3267 notulam:

304 3299 399 3365 mm)
425 3299 503 3350 Cf.
528 3300 612 3349 Pr.
640 3303 701 3349 14
724 3315 770 3363 a,
794 3314 972 3368 parag.
996 3301 1042 3364 ὅ,
1068 3314 1187 3351 cum
1210 3305 1389 3351 annot.
1413 3306 1612 3352 nostra.

305 3385 361 3432 P.
390 3383 453 3433 12
476 3383 548 3448 α.)
574 3399 625 3449 p.
650 3383 759 3446 xiii,
785 3389 905 3449 post
928 3399 1023 3450 par
1047 3387 1093 3447 2,
1117 3384 1317 3435 insere:

307 3465 525 3527 Quoties
548 3470 722 3516 autem
743 3471 865 3532 post
888 3465 1126 3516 Officium
1149 3466 1473 3518 Nocturnum
1495 3464 1702 3518 Laudes
1726 3482 1835 3518 non
1858 3465 2155 3518 immediate
2177 3481 2361 3532 seque-

197 3550 411 3612 bantur,
437 3564 531 3615 pro
556 3547 787 3613 ejusdem
811 3548 979 3599 Officii
1003 3549 1356 3614 conclusione,
1387 3548 1560 3601 Aiiam
1596 3550 1663 3600 ad
1685 3549 2013 3612 Benedictus,
2036 3547 2158 3603 wlm
2183 3549 2362 3600 Sacer-

201 3630 453 3693 dotalem,
488 3636 539 3680 et
569 3631 709 3695 (cum
741 3635 848 3681 tam
881 3631 1205 3698 praecedente
1239 3647 1395 3698 quam
1428 3638 1680 3698 sequente
1713 3632 1830 3683 Dnae
1859 3630 2126 3684 vobiscum.
2151 3631 2226 3682 Ee
2249 3649 2363 3682 cum

198 3713 395 3779 spiritu
416 3712 541 3777 tuo.)
566 3713 866 3764 Orationem
892 3713 955 3764 de
978 3714 1095 3778 Die,
1126 3713 1348 3765 dicenda
1368 3716 1548 3778 fuisse,
1571 3743 1638 3752 —
1659 3721 1718 3765 ut
1739 3715 1793 3766 in
1817 3713 1920 3766 hoc
1942 3729 2070 3767 casu
2093 3713 2190 3769 vla
2213 3714 2362 3766 hicce
