<?xml version="1.0" encoding="UTF-8"?>
<!DOCTYPE html PUBLIC "-//W3C//DTD XHTML 1.0 Transitional//EN"
    "http://www.w3.org/TR/xhtml1/DTD/xhtml1-transitional.dtd">
<html xmlns="http://www.w3.org/1999/xhtml" xml:lang="en" lang="en">
 <head>
  <title>
</title>
<meta http-equiv="Content-Type" content="text/html;charset=utf-8" />
  <meta name='ocr-system' content='tesseract 3.04.00' />
  <meta name='ocr-capabilities' content='ocr_page ocr_carea ocr_par ocr_line ocrx_word'/>
</head>
<body>
  <div class='ocr_page' id='page_1' title='image "./portiforiiseubr00cathgoog_0019.png"; bbox 0 0 2910 4457; ppageno 0'>
   <div class='ocr_carea' id='block_1_1' title="bbox 807 295 2183 345">
    <p class='ocr_par' dir='ltr' id='par_1_1' title="bbox 807 295 2183 345">
     <span class='ocr_line' id='line_1_1' title="bbox 807 295 2183 345; baseline 0.007 -10"><span class='ocrx_word' id='word_1_1' title='bbox 807 299 1150 339; x_wconf 47' lang='lat' dir='ltr'>nomer—*DE</span> <span class='ocrx_word' id='word_1_2' title='bbox 1177 301 1339 341; x_wconf 67' lang='lat' dir='ltr'>smxo</span> <span class='ocrx_word' id='word_1_3' title='bbox 1365 295 1577 342; x_wconf 73' lang='lat' dir='ltr'>cauom.</span> <span class='ocrx_word' id='word_1_4' title='bbox 2112 296 2183 345; x_wconf 79' lang='lat' dir='ltr'>vii</span> 
     </span>
    </p>
   </div>
   <div class='ocr_carea' id='block_1_2' title="bbox 96 416 2182 1971">
    <p class='ocr_par' dir='ltr' id='par_1_2' title="bbox 96 416 2182 670">
     <span class='ocr_line' id='line_1_2' title="bbox 161 416 2180 506; baseline 0.007 -29"><span class='ocrx_word' id='word_1_5' title='bbox 161 427 193 452; x_wconf 90' lang='lat'><strong>“</strong></span> <span class='ocrx_word' id='word_1_6' title='bbox 217 434 469 480; x_wconf 90' lang='lat' dir='ltr'>nostrum</span> <span class='ocrx_word' id='word_1_7' title='bbox 511 416 706 481; x_wconf 76' lang='lat' dir='ltr'>Jes&#39;um</span> <span class='ocrx_word' id='word_1_8' title='bbox 738 429 1009 483; x_wconf 86' lang='lat' dir='ltr'><strong>Christum</strong></span> <span class='ocrx_word' id='word_1_9' title='bbox 1037 430 1234 485; x_wconf 88' lang='lat' dir='ltr'>Filium</span> <span class='ocrx_word' id='word_1_10' title='bbox 1266 442 1436 498; x_wconf 88' lang='lat' dir='ltr'>tuum,</span> <span class='ocrx_word' id='word_1_11' title='bbox 1473 432 1571 487; x_wconf 71' lang='grc' dir='ltr'>διο.</span> <span class='ocrx_word' id='word_1_12' title='bbox 1613 436 1829 506; x_wconf 81' lang='lat' dir='ltr'>[nempe,</span> <span class='ocrx_word' id='word_1_13' title='bbox 1864 435 1972 499; x_wconf 84' lang='lat' dir='ltr'>Qui</span> <span class='ocrx_word' id='word_1_14' title='bbox 2007 448 2180 491; x_wconf 88' lang='lat' dir='ltr'>tecum</span> 
     </span>
     <span class='ocr_line' id='line_1_3' title="bbox 96 514 2182 591; baseline 0.004 -22"><span class='ocrx_word' id='word_1_15' title='bbox 96 550 107 569; x_wconf 64' lang='grc'><strong><em>,</em></strong></span> <span class='ocrx_word' id='word_1_16' title='bbox 160 516 192 541; x_wconf 92' lang='lat'><strong>“</strong></span> <span class='ocrx_word' id='word_1_17' title='bbox 219 514 352 567; x_wconf 74' lang='lat' dir='ltr'>vivit</span> <span class='ocrx_word' id='word_1_18' title='bbox 386 523 447 568; x_wconf 90' lang='lat' dir='ltr'>et</span> <span class='ocrx_word' id='word_1_19' title='bbox 479 523 673 585; x_wconf 85' lang='lat' dir='ltr'>regnat</span> <span class='ocrx_word' id='word_1_20' title='bbox 695 519 753 569; x_wconf 89' lang='lat' dir='ltr'>in</span> <span class='ocrx_word' id='word_1_21' title='bbox 776 519 980 570; x_wconf 86' lang='lat' dir='ltr'>unitate</span> <span class='ocrx_word' id='word_1_22' title='bbox 1006 517 1232 587; x_wconf 69' lang='lat' dir='ltr'>Spiritus</span> <span class='ocrx_word' id='word_1_23' title='bbox 1266 519 1448 573; x_wconf 83' lang='lat' dir='ltr'><strong>Sancti</strong></span> <span class='ocrx_word' id='word_1_24' title='bbox 1485 520 1649 586; x_wconf 70' lang='lat' dir='ltr'>Deua,</span> <span class='ocrx_word' id='word_1_25' title='bbox 1671 539 1763 591; x_wconf 86' lang='lat' dir='ltr'>per</span> <span class='ocrx_word' id='word_1_26' title='bbox 1785 524 1967 576; x_wconf 87' lang='lat' dir='ltr'>omnia</span> <span class='ocrx_word' id='word_1_27' title='bbox 1988 525 2182 578; x_wconf 77' lang='lat' dir='ltr'>saecula</span> 
     </span>
     <span class='ocr_line' id='line_1_4' title="bbox 158 602 882 670; baseline 0.001 -18"><span class='ocrx_word' id='word_1_28' title='bbox 158 603 191 628; x_wconf 90' lang='lat'><strong>“</strong></span> <span class='ocrx_word' id='word_1_29' title='bbox 212 602 563 654; x_wconf 87' lang='lat' dir='ltr'>saeculorum.</span> <span class='ocrx_word' id='word_1_30' title='bbox 636 603 882 670; x_wconf 87' lang='lat' dir='ltr'>Amen.]&#39;’</span> 
     </span>
    </p>

    <p class='ocr_par' dir='ltr' id='par_1_3' title="bbox 154 688 2182 1971">
     <span class='ocr_line' id='line_1_5' title="bbox 225 688 2177 770; baseline 0.005 -29"><span class='ocrx_word' id='word_1_31' title='bbox 225 688 425 750; x_wconf 87' lang='lat' dir='ltr'>Quum</span> <span class='ocrx_word' id='word_1_32' title='bbox 458 690 586 743; x_wconf 79' lang='lat' dir='ltr'>vero</span> <span class='ocrx_word' id='word_1_33' title='bbox 625 700 681 743; x_wconf 91' lang='lat' dir='ltr'>et</span> <span class='ocrx_word' id='word_1_34' title='bbox 714 692 893 744; x_wconf 88' lang='lat' dir='ltr'>multis</span> <span class='ocrx_word' id='word_1_35' title='bbox 929 693 1045 744; x_wconf 86' lang='lat' dir='ltr'>aliis</span> <span class='ocrx_word' id='word_1_36' title='bbox 1082 694 1271 759; x_wconf 76' lang='lat' dir='ltr'>modiS‚</span> <span class='ocrx_word' id='word_1_37' title='bbox 1308 704 1363 747; x_wconf 88' lang='lat' dir='ltr'>et</span> <span class='ocrx_word' id='word_1_38' title='bbox 1395 697 1681 764; x_wconf 85' lang='lat' dir='ltr'>praesertim</span> <span class='ocrx_word' id='word_1_39' title='bbox 1725 714 1787 750; x_wconf 91' lang='lat' dir='ltr'>eo</span> <span class='ocrx_word' id='word_1_40' title='bbox 1830 696 1976 766; x_wconf 74' lang='lat' dir='ltr'>quod</span> <span class='ocrx_word' id='word_1_41' title='bbox 2017 698 2177 770; x_wconf 88' lang='lat' dir='ltr'>duplo</span> 
     </span>
     <span class='ocr_line' id='line_1_6' title="bbox 154 766 2179 851; baseline 0.007 -26"><span class='ocrx_word' id='word_1_42' title='bbox 154 773 433 844; x_wconf 81' lang='lat' dir='ltr'>longiores</span> <span class='ocrx_word' id='word_1_43' title='bbox 469 766 600 830; x_wconf 72' lang='lat' dir='ltr'>stint</span> <span class='ocrx_word' id='word_1_44' title='bbox 623 777 679 828; x_wconf 94' lang='lat' dir='ltr'>N</span> <span class='ocrx_word' id='word_1_45' title='bbox 683 784 1023 830; x_wconf 90' lang='lat' dir='ltr'>octurnorum</span> <span class='ocrx_word' id='word_1_46' title='bbox 1052 779 1324 844; x_wconf 78' lang='lat' dir='ltr'>lectioneS,</span> <span class='ocrx_word' id='word_1_47' title='bbox 1358 782 1424 833; x_wconf 91' lang='lat' dir='ltr'>ab</span> <span class='ocrx_word' id='word_1_48' title='bbox 1447 783 1662 851; x_wconf 86' lang='lat' dir='ltr'>reliquis</span> <span class='ocrx_word' id='word_1_49' title='bbox 1693 786 1952 849; x_wconf 68' lang='lat' dir='ltr'>omnibuS,</span> <span class='ocrx_word' id='word_1_50' title='bbox 1976 795 2086 839; x_wconf 84' lang='lat' dir='ltr'>tam</span> <span class='ocrx_word' id='word_1_51' title='bbox 2110 788 2179 839; x_wconf 85' lang='lat' dir='ltr'>ab</span> 
     </span>
     <span class='ocr_line' id='line_1_7' title="bbox 157 861 2181 939; baseline 0.006 -27"><span class='ocrx_word' id='word_1_52' title='bbox 157 861 558 930; x_wconf 80' lang='lat' dir='ltr'>antiquioribus</span> <span class='ocrx_word' id='word_1_53' title='bbox 581 879 743 932; x_wconf 88' lang='lat' dir='ltr'>quam</span> <span class='ocrx_word' id='word_1_54' title='bbox 767 865 833 915; x_wconf 91' lang='lat' dir='ltr'>ab</span> <span class='ocrx_word' id='word_1_55' title='bbox 858 865 1250 928; x_wconf 85' lang='lat' dir='ltr'>recentioribus,</span> <span class='ocrx_word' id='word_1_56' title='bbox 1269 865 1429 919; x_wconf 89' lang='lat' dir='ltr'>editio</span> <span class='ocrx_word' id='word_1_57' title='bbox 1453 868 1555 922; x_wconf 80' lang='lat' dir='ltr'>ista</span> <span class='ocrx_word' id='word_1_58' title='bbox 1579 868 2181 939; x_wconf 47' lang='lat' dir='ltr'>discedam—*quantum-</span> 
     </span>
     <span class='ocr_line' id='line_1_8' title="bbox 159 947 2179 1025; baseline 0.006 -27"><span class='ocrx_word' id='word_1_59' title='bbox 159 947 244 998; x_wconf 83' lang='lat' dir='ltr'>vis</span> <span class='ocrx_word' id='word_1_60' title='bbox 269 949 471 1016; x_wconf 85' lang='lat' dir='ltr'>magni</span> <span class='ocrx_word' id='word_1_61' title='bbox 494 950 597 1000; x_wconf 89' lang='lat' dir='ltr'>sint</span> <span class='ocrx_word' id='word_1_62' title='bbox 621 950 880 1001; x_wconf 85' lang='lat' dir='ltr'>momenti</span> <span class='ocrx_word' id='word_1_63' title='bbox 907 965 1029 1017; x_wconf 90' lang='lat' dir='ltr'>quae</span> <span class='ocrx_word' id='word_1_64' title='bbox 1054 950 1109 1001; x_wconf 91' lang='lat' dir='ltr'>in</span> <span class='ocrx_word' id='word_1_65' title='bbox 1133 950 1213 1014; x_wconf 70' lang='lat' dir='ltr'>ea,</span> <span class='ocrx_word' id='word_1_66' title='bbox 1239 952 1346 1004; x_wconf 85' lang='lat' dir='ltr'>sive</span> <span class='ocrx_word' id='word_1_67' title='bbox 1370 952 1439 1005; x_wconf 91' lang='lat' dir='ltr'>ad</span> <span class='ocrx_word' id='word_1_68' title='bbox 1470 955 1874 1024; x_wconf 84' lang='lat' dir='ltr'>explicationem</span> <span class='ocrx_word' id='word_1_69' title='bbox 1896 957 2179 1025; x_wconf 86' lang='lat' dir='ltr'>pleniorem</span> 
     </span>
     <span class='ocr_line' id='line_1_9' title="bbox 168 1032 2182 1111; baseline 0.005 -27"><span class='ocrx_word' id='word_1_70' title='bbox 168 1032 271 1102; x_wconf 88' lang='lat' dir='ltr'>(ut</span> <span class='ocrx_word' id='word_1_71' title='bbox 287 1035 505 1086; x_wconf 87' lang='lat' dir='ltr'>numeri</span> <span class='ocrx_word' id='word_1_72' title='bbox 522 1033 589 1086; x_wconf 90' lang='lat' dir='ltr'>ad</span> <span class='ocrx_word' id='word_1_73' title='bbox 602 1034 730 1087; x_wconf 85' lang='lat' dir='ltr'>folia</span> <span class='ocrx_word' id='word_1_74' title='bbox 744 1036 1092 1099; x_wconf 81' lang='lat' dir='ltr'>remittenteS‚</span> <span class='ocrx_word' id='word_1_75' title='bbox 1110 1042 1163 1088; x_wconf 87' lang='lat' dir='ltr'>et</span> <span class='ocrx_word' id='word_1_76' title='bbox 1185 1037 1488 1092; x_wconf 81' lang='lat' dir='ltr'>insertiones</span> <span class='ocrx_word' id='word_1_77' title='bbox 1506 1040 1765 1110; x_wconf 85' lang='lat' dir='ltr'>longiores</span> <span class='ocrx_word' id='word_1_78' title='bbox 1780 1042 2060 1111; x_wconf 66' lang='lat' dir='ltr'>plurimae),</span> <span class='ocrx_word' id='word_1_79' title='bbox 2074 1045 2182 1096; x_wconf 80' lang='lat' dir='ltr'>sive</span> 
     </span>
     <span class='ocr_line' id='line_1_10' title="bbox 170 1118 2180 1198; baseline 0.006 -27"><span class='ocrx_word' id='word_1_80' title='bbox 170 1118 249 1171; x_wconf 89' lang='lat' dir='ltr'>ad</span> <span class='ocrx_word' id='word_1_81' title='bbox 290 1121 650 1188; x_wconf 84' lang='lat' dir='ltr'>antiquiorum</span> <span class='ocrx_word' id='word_1_82' title='bbox 687 1121 1078 1174; x_wconf 86' lang='lat' dir='ltr'>restitutionem</span> <span class='ocrx_word' id='word_1_83' title='bbox 1112 1120 1192 1188; x_wconf 89' lang='lat' dir='ltr'>(ut</span> <span class='ocrx_word' id='word_1_84' title='bbox 1224 1123 1436 1178; x_wconf 87' lang='lat' dir='ltr'>fortasse</span> <span class='ocrx_word' id='word_1_85' title='bbox 1475 1127 1761 1180; x_wconf 88' lang='lat' dir='ltr'>lectionum</span> <span class='ocrx_word' id='word_1_86' title='bbox 1798 1128 2180 1198; x_wconf 82' lang='lat' dir='ltr'>additamenta)</span> 
     </span>
     <span class='ocr_line' id='line_1_11' title="bbox 168 1205 2179 1282; baseline 0.007 -25"><span class='ocrx_word' id='word_1_87' title='bbox 168 1205 324 1258; x_wconf 86' lang='lat' dir='ltr'>illata</span> <span class='ocrx_word' id='word_1_88' title='bbox 336 1207 977 1270; x_wconf 82' lang='lat' dir='ltr'>inveniuntur,—etiamsi</span> <span class='ocrx_word' id='word_1_89' title='bbox 989 1208 1248 1276; x_wconf 73' lang='lat' dir='ltr'>quantum</span> <span class='ocrx_word' id='word_1_90' title='bbox 1266 1210 1335 1263; x_wconf 86' lang='lat' dir='ltr'>ad</span> <span class='ocrx_word' id='word_1_91' title='bbox 1347 1230 1428 1265; x_wconf 91' lang='lat' dir='ltr'>res</span> <span class='ocrx_word' id='word_1_92' title='bbox 1437 1215 1576 1282; x_wconf 86' lang='lat' dir='ltr'>ipsas</span> <span class='ocrx_word' id='word_1_93' title='bbox 1596 1215 1728 1267; x_wconf 89' lang='lat' dir='ltr'>nihil</span> <span class='ocrx_word' id='word_1_94' title='bbox 1746 1216 1893 1268; x_wconf 86' lang='lat' dir='ltr'>aliud</span> <span class='ocrx_word' id='word_1_95' title='bbox 1909 1227 2179 1271; x_wconf 85' lang='lat' dir='ltr'>mutatum</span> 
     </span>
     <span class='ocr_line' id='line_1_12' title="bbox 162 1290 2182 1370; baseline 0.006 -26"><span class='ocrx_word' id='word_1_96' title='bbox 162 1290 368 1358; x_wconf 79' lang='lat' dir='ltr'>fuisset,</span> <span class='ocrx_word' id='word_1_97' title='bbox 389 1294 541 1362; x_wconf 89' lang='lat' dir='ltr'>quod</span> <span class='ocrx_word' id='word_1_98' title='bbox 565 1310 674 1346; x_wconf 90' lang='lat' dir='ltr'>non</span> <span class='ocrx_word' id='word_1_99' title='bbox 699 1296 913 1347; x_wconf 89' lang='lat' dir='ltr'>omnino</span> <span class='ocrx_word' id='word_1_100' title='bbox 932 1312 1120 1349; x_wconf 86' lang='lat' dir='ltr'>verum</span> <span class='ocrx_word' id='word_1_101' title='bbox 1145 1315 1253 1350; x_wconf 81' lang='lat' dir='ltr'>esse</span> <span class='ocrx_word' id='word_1_102' title='bbox 1275 1299 1502 1364; x_wconf 84' lang='lat' dir='ltr'>videtur,</span> <span class='ocrx_word' id='word_1_103' title='bbox 1521 1319 1554 1353; x_wconf 90' lang='lat' dir='ltr'>a</span> <span class='ocrx_word' id='word_1_104' title='bbox 1577 1303 1791 1370; x_wconf 90' lang='lat' dir='ltr'>reliquis</span> <span class='ocrx_word' id='word_1_105' title='bbox 1808 1312 2003 1368; x_wconf 87' lang='lat' dir='ltr'>tamen,</span> <span class='ocrx_word' id='word_1_106' title='bbox 2020 1307 2058 1357; x_wconf 87' lang='lat' dir='ltr'>i.</span> <span class='ocrx_word' id='word_1_107' title='bbox 2075 1324 2120 1358; x_wconf 92' lang='lat' dir='ltr'>e.</span> <span class='ocrx_word' id='word_1_108' title='bbox 2148 1324 2182 1357; x_wconf 87' lang='lat' dir='ltr'>a</span> 
     </span>
     <span class='ocr_line' id='line_1_13' title="bbox 167 1378 2181 1456; baseline 0.006 -26"><span class='ocrx_word' id='word_1_109' title='bbox 167 1378 446 1432; x_wconf 84' lang='lat' dir='ltr'>Breviario</span> <span class='ocrx_word' id='word_1_110' title='bbox 469 1379 667 1433; x_wconf 90' lang='lat' dir='ltr'>Sarisb.</span> <span class='ocrx_word' id='word_1_111' title='bbox 700 1380 972 1434; x_wconf 83' lang='lat' dir='ltr'>Communi</span> <span class='ocrx_word' id='word_1_112' title='bbox 998 1382 1163 1450; x_wconf 91' lang='lat' dir='ltr'>(quod</span> <span class='ocrx_word' id='word_1_113' title='bbox 1186 1385 1395 1450; x_wconf 78' lang='lat' dir='ltr'>merito,</span> <span class='ocrx_word' id='word_1_114' title='bbox 1411 1395 1477 1438; x_wconf 90' lang='lat' dir='ltr'>ut</span> <span class='ocrx_word' id='word_1_115' title='bbox 1491 1387 1607 1455; x_wconf 87' lang='lat' dir='ltr'>jam</span> <span class='ocrx_word' id='word_1_116' title='bbox 1624 1404 1780 1456; x_wconf 88' lang='lat' dir='ltr'>supra</span> <span class='ocrx_word' id='word_1_117' title='bbox 1799 1388 2048 1451; x_wconf 81' lang='lat' dir='ltr'>diximuS,</span> <span class='ocrx_word' id='word_1_118' title='bbox 2073 1390 2181 1441; x_wconf 85' lang='lat' dir='ltr'>edi-</span> 
     </span>
     <span class='ocr_line' id='line_1_14' title="bbox 161 1460 2181 1539; baseline 0.004 -21"><span class='ocrx_word' id='word_1_119' title='bbox 161 1460 322 1521; x_wconf 87' lang='lat' dir='ltr'>tionis</span> <span class='ocrx_word' id='word_1_120' title='bbox 347 1477 548 1522; x_wconf 85' lang='lat' dir='ltr'>nostrae</span> <span class='ocrx_word' id='word_1_121' title='bbox 575 1477 754 1522; x_wconf 87' lang='lat' dir='ltr'>textus</span> <span class='ocrx_word' id='word_1_122' title='bbox 780 1471 876 1539; x_wconf 89' lang='lat' dir='ltr'>est)</span> <span class='ocrx_word' id='word_1_123' title='bbox 902 1469 1353 1539; x_wconf 79' lang='lat' dir='ltr'>distinguendam,</span> <span class='ocrx_word' id='word_1_124' title='bbox 1389 1481 1442 1524; x_wconf 92' lang='lat' dir='ltr'>et</span> <span class='ocrx_word' id='word_1_125' title='bbox 1476 1475 1688 1526; x_wconf 88' lang='lat' dir='ltr'>nomine</span> <span class='ocrx_word' id='word_1_126' title='bbox 1713 1491 1824 1537; x_wconf 89' lang='lat' dir='ltr'>suo,</span> <span class='ocrx_word' id='word_1_127' title='bbox 1851 1474 2181 1526; x_wconf 84' lang='lat' dir='ltr'>Breviarium</span> 
     </span>
     <span class='ocr_line' id='line_1_15' title="bbox 168 1551 2181 1628; baseline 0.003 -23"><span class='ocrx_word' id='word_1_128' title='bbox 168 1551 360 1607; x_wconf 88' lang='lat' dir='ltr'>Sarisb.</span> <span class='ocrx_word' id='word_1_129' title='bbox 403 1554 775 1624; x_wconf 79' lang='lat' dir='ltr'>Reformatum</span> <span class='ocrx_word' id='word_1_130' title='bbox 807 1556 1176 1625; x_wconf 79' lang='lat' dir='ltr'>appellandam</span> <span class='ocrx_word' id='word_1_131' title='bbox 1200 1557 1358 1610; x_wconf 87' lang='lat' dir='ltr'>fuisse</span> <span class='ocrx_word' id='word_1_132' title='bbox 1380 1557 1718 1611; x_wconf 87' lang='lat' dir='ltr'>manifestum</span> <span class='ocrx_word' id='word_1_133' title='bbox 1743 1567 1835 1611; x_wconf 87' lang='lat' dir='ltr'>est.</span> <span class='ocrx_word' id='word_1_134' title='bbox 1910 1559 1985 1611; x_wconf 86' lang='lat' dir='ltr'>Et</span> <span class='ocrx_word' id='word_1_135' title='bbox 2019 1576 2181 1628; x_wconf 89' lang='lat' dir='ltr'>quum</span> 
     </span>
     <span class='ocr_line' id='line_1_16' title="bbox 168 1638 2181 1706; baseline 0.004 -16"><span class='ocrx_word' id='word_1_136' title='bbox 168 1638 516 1693; x_wconf 80' lang='lat' dir='ltr'>Breviarium</span> <span class='ocrx_word' id='word_1_137' title='bbox 568 1640 759 1694; x_wconf 89' lang='lat' dir='ltr'>Sarisb.</span> <span class='ocrx_word' id='word_1_138' title='bbox 805 1641 1126 1706; x_wconf 87' lang='lat' dir='ltr'>Commune,</span> <span class='ocrx_word' id='word_1_139' title='bbox 1163 1645 1260 1696; x_wconf 92' lang='lat' dir='ltr'>sub</span> <span class='ocrx_word' id='word_1_140' title='bbox 1310 1638 1466 1697; x_wconf 90' lang='lat' dir='ltr'>titulo</span> <span class='ocrx_word' id='word_1_141' title='bbox 1528 1643 1656 1695; x_wconf 87' lang='lat' dir='ltr'>“De</span> <span class='ocrx_word' id='word_1_142' title='bbox 1689 1645 1858 1696; x_wconf 75' lang='lat' dir='ltr'>Horis</span> <span class='ocrx_word' id='word_1_143' title='bbox 1900 1644 2181 1698; x_wconf 77' lang='lat' dir='ltr'>Canonicis</span> 
     </span>
     <span class='ocr_line' id='line_1_17' title="bbox 172 1725 2177 1798; baseline 0.006 -24"><span class='ocrx_word' id='word_1_144' title='bbox 172 1726 371 1777; x_wconf 78' lang='lat' dir='ltr'>attende</span> <span class='ocrx_word' id='word_1_145' title='bbox 395 1725 725 1794; x_wconf 75' lang='lat' dir='ltr'>diliqenter.&#39;&#39;</span> <span class='ocrx_word' id='word_1_146' title='bbox 750 1725 819 1777; x_wconf 85' lang='lat' dir='ltr'>ad</span> <span class='ocrx_word' id='word_1_147' title='bbox 842 1726 1231 1780; x_wconf 75' lang='lat' dir='ltr'>devotissimam</span> <span class='ocrx_word' id='word_1_148' title='bbox 1270 1729 1540 1783; x_wconf 83' lang='lat' dir='ltr'>Horarum</span> <span class='ocrx_word' id='word_1_149' title='bbox 1563 1732 1922 1785; x_wconf 83' lang='lat' dir='ltr'>recitationem</span> <span class='ocrx_word' id='word_1_150' title='bbox 1944 1733 2177 1798; x_wconf 66' lang='lat' dir='ltr'>honam,</span> 
     </span>
     <span class='ocr_line' id='line_1_18' title="bbox 176 1810 2179 1890; baseline 0.004 -27"><span class='ocrx_word' id='word_1_151' title='bbox 176 1810 241 1864; x_wconf 90' lang='lat' dir='ltr'>de</span> <span class='ocrx_word' id='word_1_152' title='bbox 265 1813 452 1867; x_wconf 86' lang='lat' dir='ltr'>Crucis</span> <span class='ocrx_word' id='word_1_153' title='bbox 480 1814 702 1866; x_wconf 74' lang='lat' dir='ltr'>tantum</span> <span class='ocrx_word' id='word_1_154' title='bbox 728 1815 876 1883; x_wconf 86' lang='lat' dir='ltr'>signo</span> <span class='ocrx_word' id='word_1_155' title='bbox 903 1815 1141 1868; x_wconf 82' lang='lat' dir='ltr'>Orationi</span> <span class='ocrx_word' id='word_1_156' title='bbox 1168 1815 1462 1869; x_wconf 87' lang='lat' dir='ltr'>Dominicae</span> <span class='ocrx_word' id='word_1_157' title='bbox 1487 1825 1541 1870; x_wconf 86' lang='lat' dir='ltr'>et</span> <span class='ocrx_word' id='word_1_158' title='bbox 1567 1817 1883 1871; x_wconf 83' lang='lat' dir='ltr'>Salutationi</span> <span class='ocrx_word' id='word_1_159' title='bbox 1907 1821 2179 1890; x_wconf 81' lang='lat' dir='ltr'>Angelicae</span> 
     </span>
     <span class='ocr_line' id='line_1_19' title="bbox 172 1900 1373 1971; baseline 0.002 -18"><span class='ocrx_word' id='word_1_160' title='bbox 172 1902 527 1971; x_wconf 84' lang='lat' dir='ltr'>praeponendo</span> <span class='ocrx_word' id='word_1_161' title='bbox 552 1900 638 1954; x_wconf 93' lang='lat' dir='ltr'>his</span> <span class='ocrx_word' id='word_1_162' title='bbox 662 1902 828 1954; x_wconf 88' lang='lat' dir='ltr'>verbis</span> <span class='ocrx_word' id='word_1_163' title='bbox 852 1904 1173 1955; x_wconf 90' lang='lat' dir='ltr'>mentionem</span> <span class='ocrx_word' id='word_1_164' title='bbox 1198 1902 1373 1967; x_wconf 88' lang='lat' dir='ltr'>faciat,</span> 
     </span>
    </p>
   </div>
   <div class='ocr_carea' id='block_1_3' title="bbox 172 2021 2183 2352">
    <p class='ocr_par' dir='ltr' id='par_1_4' title="bbox 172 2021 2183 2352">
     <span class='ocr_line' id='line_1_20' title="bbox 241 2021 2181 2095; baseline 0.001 -21"><span class='ocrx_word' id='word_1_165' title='bbox 241 2025 272 2051; x_wconf 93' lang='lat'><strong>“</strong></span> <span class='ocrx_word' id='word_1_166' title='bbox 295 2022 577 2076; x_wconf 88' lang='lat' dir='ltr'>Initiando</span> <span class='ocrx_word' id='word_1_167' title='bbox 614 2021 841 2089; x_wconf 83' lang='lat' dir='ltr'>denique</span> <span class='ocrx_word' id='word_1_168' title='bbox 875 2022 1082 2074; x_wconf 88' lang='lat' dir='ltr'>muniat</span> <span class='ocrx_word' id='word_1_169' title='bbox 1117 2039 1171 2075; x_wconf 88' lang='lat' dir='ltr'>se</span> <span class='ocrx_word' id='word_1_170' title='bbox 1207 2024 1357 2092; x_wconf 86' lang='lat' dir='ltr'>signo</span> <span class='ocrx_word' id='word_1_171' title='bbox 1392 2032 1587 2076; x_wconf 86' lang='lat' dir='ltr'>sanctae</span> <span class='ocrx_word' id='word_1_172' title='bbox 1619 2025 1822 2089; x_wconf 80' lang='lat' dir='ltr'>CruciS,</span> <span class='ocrx_word' id='word_1_173' title='bbox 1857 2026 2181 2095; x_wconf 83' lang='lat' dir='ltr'>praemittens</span> 
     </span>
     <span class='ocr_line' id='line_1_21' title="bbox 172 2105 2183 2178; baseline 0 -18"><span class='ocrx_word' id='word_1_174' title='bbox 172 2109 205 2134; x_wconf 86' lang='lat'>“</span> <span class='ocrx_word' id='word_1_175' title='bbox 233 2105 545 2160; x_wconf 84' lang='lat' dir='ltr'>Orationem</span> <span class='ocrx_word' id='word_1_176' title='bbox 607 2107 944 2159; x_wconf 91' lang='lat' dir='ltr'>Dominicam</span> <span class='ocrx_word' id='word_1_177' title='bbox 1002 2125 1125 2160; x_wconf 89' lang='lat' dir='ltr'>cum</span> <span class='ocrx_word' id='word_1_178' title='bbox 1186 2108 1513 2163; x_wconf 83' lang='lat' dir='ltr'>Salutatione</span> <span class='ocrx_word' id='word_1_179' title='bbox 1573 2112 1849 2178; x_wconf 73' lang='lat' dir='ltr'>Angelica,</span> <span class='ocrx_word' id='word_1_180' title='bbox 1895 2120 1959 2162; x_wconf 90' lang='lat' dir='ltr'>ut</span> <span class='ocrx_word' id='word_1_181' title='bbox 2004 2112 2183 2161; x_wconf 81' lang='lat' dir='ltr'>divina</span> 
     </span>
     <span class='ocr_line' id='line_1_22' title="bbox 175 2194 2181 2264; baseline 0 -16"><span class='ocrx_word' id='word_1_182' title='bbox 175 2197 210 2222; x_wconf 77' lang='lat'>‘⁴</span> <span class='ocrx_word' id='word_1_183' title='bbox 238 2197 450 2249; x_wconf 78' lang='lat' dir='ltr'>assistat</span> <span class='ocrx_word' id='word_1_184' title='bbox 496 2195 676 2264; x_wconf 83' lang='lat' dir='ltr'>gratia,</span> <span class='ocrx_word' id='word_1_185' title='bbox 719 2194 828 2264; x_wconf 69' lang='lat' dir='ltr'>qua</span> <span class='ocrx_word' id='word_1_186' title='bbox 869 2211 1020 2248; x_wconf 91' lang='lat' dir='ltr'>mens</span> <span class='ocrx_word' id='word_1_187' title='bbox 1059 2197 1116 2247; x_wconf 91' lang='lat' dir='ltr'>in</span> <span class='ocrx_word' id='word_1_188' title='bbox 1160 2195 1369 2248; x_wconf 89' lang='lat' dir='ltr'>laudem</span> <span class='ocrx_word' id='word_1_189' title='bbox 1408 2196 1514 2249; x_wconf 88' lang='lat' dir='ltr'>Dei</span> <span class='ocrx_word' id='word_1_190' title='bbox 1556 2195 1795 2248; x_wconf 76' lang='lat' dir='ltr'>devotius</span> <span class='ocrx_word' id='word_1_191' title='bbox 1833 2196 2079 2259; x_wconf 84' lang='lat' dir='ltr'>elevetur,</span> <span class='ocrx_word' id='word_1_192' title='bbox 2119 2214 2181 2248; x_wconf 87' lang='lat' dir='ltr'>ac</span> 
     </span>
     <span class='ocr_line' id='line_1_23' title="bbox 173 2282 1714 2352; baseline -0.001 -16"><span class='ocrx_word' id='word_1_193' title='bbox 173 2287 206 2311; x_wconf 91' lang='lat'><strong>“</strong></span> <span class='ocrx_word' id='word_1_194' title='bbox 236 2284 555 2352; x_wconf 87' lang='lat' dir='ltr'>obsequium</span> <span class='ocrx_word' id='word_1_195' title='bbox 576 2283 701 2336; x_wconf 90' lang='lat' dir='ltr'>illud</span> <span class='ocrx_word' id='word_1_196' title='bbox 727 2284 968 2337; x_wconf 87' lang='lat' dir='ltr'>Creatori</span> <span class='ocrx_word' id='word_1_197' title='bbox 991 2283 1359 2351; x_wconf 75' lang='lat' dir='ltr'>acceptabilius</span> <span class='ocrx_word' id='word_1_198' title='bbox 1381 2282 1674 2335; x_wconf 87' lang='lat' dir='ltr'>reddatur.&#39;&#39;</span> <span class='ocrx_word' id='word_1_199' title='bbox 1700 2322 1714 2346; x_wconf 95' lang='lat'>,</span> 
     </span>
    </p>
   </div>
   <div class='ocr_carea' id='block_1_4' title="bbox 171 2404 2182 2720">
    <p class='ocr_par' dir='ltr' id='par_1_5' title="bbox 171 2404 2182 2720">
     <span class='ocr_line' id='line_1_24' title="bbox 173 2404 2176 2475; baseline 0 -18"><span class='ocrx_word' id='word_1_200' title='bbox 173 2407 390 2459; x_wconf 87' lang='lat' dir='ltr'>etiamsi</span> <span class='ocrx_word' id='word_1_201' title='bbox 414 2404 557 2474; x_wconf 87' lang='lat' dir='ltr'>apud</span> <span class='ocrx_word' id='word_1_202' title='bbox 580 2406 778 2475; x_wconf 89' lang='lat' dir='ltr'>Anglos</span> <span class='ocrx_word' id='word_1_203' title='bbox 802 2422 1030 2475; x_wconf 88' lang='lat' dir='ltr'>quoque,</span> <span class='ocrx_word' id='word_1_204' title='bbox 1056 2406 1340 2475; x_wconf 86' lang='lat' dir='ltr'>praesertim</span> <span class='ocrx_word' id='word_1_205' title='bbox 1366 2408 1691 2470; x_wconf 79' lang='lat' dir='ltr'>recentioreS,</span> <span class='ocrx_word' id='word_1_206' title='bbox 1715 2406 1876 2460; x_wconf 83' lang='lat' dir='ltr'>talem</span> <span class='ocrx_word' id='word_1_207' title='bbox 1909 2406 2176 2475; x_wconf 87' lang='lat' dir='ltr'>quandam</span> 
     </span>
     <span class='ocr_line' id='line_1_25' title="bbox 172 2490 2182 2560; baseline 0 -17"><span class='ocrx_word' id='word_1_208' title='bbox 172 2492 425 2546; x_wconf 87' lang='lat' dir='ltr'>orationis</span> <span class='ocrx_word' id='word_1_209' title='bbox 447 2491 675 2543; x_wconf 87' lang='lat' dir='ltr'>formam</span> <span class='ocrx_word' id='word_1_210' title='bbox 698 2492 755 2544; x_wconf 93' lang='lat' dir='ltr'>in</span> <span class='ocrx_word' id='word_1_211' title='bbox 779 2508 879 2544; x_wconf 89' lang='lat' dir='ltr'>usu</span> <span class='ocrx_word' id='word_1_212' title='bbox 901 2490 1059 2544; x_wconf 88' lang='lat' dir='ltr'>fuisse</span> <span class='ocrx_word' id='word_1_213' title='bbox 1082 2505 1416 2560; x_wconf 85' lang='lat' dir='ltr'>nequaquam</span> <span class='ocrx_word' id='word_1_214' title='bbox 1438 2492 1780 2560; x_wconf 87' lang='lat' dir='ltr'>improbabile</span> <span class='ocrx_word' id='word_1_215' title='bbox 1803 2500 1898 2556; x_wconf 90' lang='lat' dir='ltr'>est,</span> <span class='ocrx_word' id='word_1_216' title='bbox 1917 2491 2182 2545; x_wconf 91' lang='lat' dir='ltr'>devotioni</span> 
     </span>
     <span class='ocr_line' id='line_1_26' title="bbox 171 2578 2180 2647; baseline -0.002 -14"><span class='ocrx_word' id='word_1_217' title='bbox 171 2587 350 2633; x_wconf 79' lang='lat' dir='ltr'>tamen</span> <span class='ocrx_word' id='word_1_218' title='bbox 385 2580 713 2632; x_wconf 90' lang='lat' dir='ltr'>Clericorum</span> <span class='ocrx_word' id='word_1_219' title='bbox 742 2578 921 2646; x_wconf 74' lang='lat' dir='ltr'>potius</span> <span class='ocrx_word' id='word_1_220' title='bbox 953 2596 1112 2647; x_wconf 90' lang='lat' dir='ltr'>quam</span> <span class='ocrx_word' id='word_1_221' title='bbox 1147 2579 1395 2632; x_wconf 87' lang='lat' dir='ltr'>Ecclesiae</span> <span class='ocrx_word' id='word_1_222' title='bbox 1437 2578 1654 2630; x_wconf 89' lang='lat' dir='ltr'>consilio</span> <span class='ocrx_word' id='word_1_223' title='bbox 1690 2578 1949 2646; x_wconf 85' lang='lat' dir='ltr'>ejusmodi</span> <span class='ocrx_word' id='word_1_224' title='bbox 1983 2579 2180 2645; x_wconf 82' lang='lat' dir='ltr'>quaevis</span> 
     </span>
     <span class='ocr_line' id='line_1_27' title="bbox 174 2663 893 2720; baseline -0.003 -3"><span class='ocrx_word' id='word_1_225' title='bbox 174 2668 337 2720; x_wconf 86' lang='lat' dir='ltr'>oratio</span> <span class='ocrx_word' id='word_1_226' title='bbox 363 2663 652 2719; x_wconf 87' lang='lat' dir='ltr'>tribuenda</span> <span class='ocrx_word' id='word_1_227' title='bbox 674 2664 893 2716; x_wconf 87' lang='lat' dir='ltr'>videtur.</span> 
     </span>
    </p>
   </div>
   <div class='ocr_carea' id='block_1_5' title="bbox 171 2776 2181 3457">
    <p class='ocr_par' dir='ltr' id='par_1_6' title="bbox 171 2776 2181 3457">
     <span class='ocr_line' id='line_1_28' title="bbox 224 2776 2175 2851; baseline -0.005 -13"><span class='ocrx_word' id='word_1_228' title='bbox 224 2783 384 2839; x_wconf 87' lang='lat' dir='ltr'>Illud</span> <span class='ocrx_word' id='word_1_229' title='bbox 401 2791 602 2846; x_wconf 87' lang='lat' dir='ltr'>autem,</span> <span class='ocrx_word' id='word_1_230' title='bbox 612 2799 733 2835; x_wconf 92' lang='lat' dir='ltr'>cum</span> <span class='ocrx_word' id='word_1_231' title='bbox 752 2783 902 2851; x_wconf 87' lang='lat' dir='ltr'>signo</span> <span class='ocrx_word' id='word_1_232' title='bbox 921 2782 1107 2833; x_wconf 90' lang='lat' dir='ltr'>Crucis</span> <span class='ocrx_word' id='word_1_233' title='bbox 1129 2781 1287 2833; x_wconf 90' lang='lat' dir='ltr'>verba</span> <span class='ocrx_word' id='word_1_234' title='bbox 1300 2791 1508 2848; x_wconf 88' lang='lat' dir='ltr'>quoque</span> <span class='ocrx_word' id='word_1_235' title='bbox 1523 2778 1710 2832; x_wconf 88' lang='lat' dir='ltr'>eadem</span> <span class='ocrx_word' id='word_1_236' title='bbox 1730 2795 1847 2846; x_wconf 85' lang='lat' dir='ltr'>quae</span> <span class='ocrx_word' id='word_1_237' title='bbox 1864 2776 2022 2830; x_wconf 89' lang='lat' dir='ltr'>hodie</span> <span class='ocrx_word' id='word_1_238' title='bbox 2042 2777 2093 2845; x_wconf 90' lang='lat'>(“</span> <span class='ocrx_word' id='word_1_239' title='bbox 2107 2778 2175 2830; x_wconf 92' lang='lat' dir='ltr'>In</span> 
     </span>
     <span class='ocr_line' id='line_1_29' title="bbox 171 2864 2175 2935; baseline -0.001 -12"><span class='ocrx_word' id='word_1_240' title='bbox 171 2873 393 2925; x_wconf 90' lang='lat' dir='ltr'>nomine</span> <span class='ocrx_word' id='word_1_241' title='bbox 426 2869 622 2931; x_wconf 82' lang='lat' dir='ltr'>Patris,</span> <span class='ocrx_word' id='word_1_242' title='bbox 664 2875 718 2920; x_wconf 88' lang='lat' dir='ltr'>et</span> <span class='ocrx_word' id='word_1_243' title='bbox 749 2867 889 2931; x_wconf 89' lang='lat' dir='ltr'>Filii,</span> <span class='ocrx_word' id='word_1_244' title='bbox 921 2875 975 2919; x_wconf 87' lang='lat' dir='ltr'>et</span> <span class='ocrx_word' id='word_1_245' title='bbox 1009 2864 1237 2935; x_wconf 78' lang='lat' dir='ltr'>Spiritfis</span> <span class='ocrx_word' id='word_1_246' title='bbox 1271 2865 1469 2919; x_wconf 84' lang='lat' dir='ltr'>Sancti.</span> <span class='ocrx_word' id='word_1_247' title='bbox 1495 2865 1730 2934; x_wconf 92' lang='lat' dir='ltr'>Amen.”)</span> <span class='ocrx_word' id='word_1_248' title='bbox 1756 2864 1979 2919; x_wconf 87' lang='lat' dir='ltr'>dicenda</span> <span class='ocrx_word' id='word_1_249' title='bbox 2000 2866 2175 2930; x_wconf 80' lang='lat' dir='ltr'>fuisse,</span> 
     </span>
     <span class='ocr_line' id='line_1_30' title="bbox 171 2953 2173 3023; baseline -0.003 -12"><span class='ocrx_word' id='word_1_250' title='bbox 171 2960 389 3013; x_wconf 85' lang='lat' dir='ltr'>etiamsi</span> <span class='ocrx_word' id='word_1_251' title='bbox 437 2957 497 3009; x_wconf 87' lang='lat' dir='ltr'>id</span> <span class='ocrx_word' id='word_1_252' title='bbox 544 2972 652 3008; x_wconf 91' lang='lat' dir='ltr'>non</span> <span class='ocrx_word' id='word_1_253' title='bbox 699 2955 887 3008; x_wconf 75' lang='lat' dir='ltr'>diserte</span> <span class='ocrx_word' id='word_1_254' title='bbox 935 2955 1251 3023; x_wconf 86' lang='lat' dir='ltr'>praecipitur,</span> <span class='ocrx_word' id='word_1_255' title='bbox 1299 2953 1529 3006; x_wconf 78' lang='lat' dir='ltr'>dubitari</span> <span class='ocrx_word' id='word_1_256' title='bbox 1574 2963 1754 3007; x_wconf 90' lang='lat' dir='ltr'>tamen</span> <span class='ocrx_word' id='word_1_257' title='bbox 1802 2970 1908 3006; x_wconf 92' lang='lat' dir='ltr'>non</span> <span class='ocrx_word' id='word_1_258' title='bbox 1958 2962 2173 3022; x_wconf 85' lang='lat' dir='ltr'>oportet.</span> 
     </span>
     <span class='ocr_line' id='line_1_31' title="bbox 171 3039 2177 3110; baseline -0.004 -9"><span class='ocrx_word' id='word_1_259' title='bbox 171 3048 363 3110; x_wconf 80' lang='lat' dir='ltr'>Quum</span> <span class='ocrx_word' id='word_1_260' title='bbox 387 3044 515 3098; x_wconf 80' lang='lat' dir='ltr'>vero</span> <span class='ocrx_word' id='word_1_261' title='bbox 541 3060 648 3096; x_wconf 92' lang='lat' dir='ltr'>non</span> <span class='ocrx_word' id='word_1_262' title='bbox 679 3042 835 3095; x_wconf 82' lang='lat' dir='ltr'>modo</span> <span class='ocrx_word' id='word_1_263' title='bbox 867 3041 1147 3095; x_wconf 88' lang='lat' dir='ltr'>reformata</span> <span class='ocrx_word' id='word_1_264' title='bbox 1169 3040 1264 3093; x_wconf 90' lang='lat' dir='ltr'>illa</span> <span class='ocrx_word' id='word_1_265' title='bbox 1288 3039 1544 3093; x_wconf 88' lang='lat' dir='ltr'>Breviarii</span> <span class='ocrx_word' id='word_1_266' title='bbox 1570 3039 1968 3093; x_wconf 88' lang='lat' dir='ltr'>Sarisburiensis</span> <span class='ocrx_word' id='word_1_267' title='bbox 2000 3040 2177 3103; x_wconf 70' lang='lat' dir='ltr'>edific,</span> 
     </span>
     <span class='ocr_line' id='line_1_32' title="bbox 171 3126 2181 3197; baseline -0.005 -9"><span class='ocrx_word' id='word_1_268' title='bbox 171 3135 230 3190; x_wconf 89' lang='lat' dir='ltr'>de</span> <span class='ocrx_word' id='word_1_269' title='bbox 248 3135 518 3190; x_wconf 88' lang='lat' dir='ltr'>Oratione</span> <span class='ocrx_word' id='word_1_270' title='bbox 538 3129 824 3184; x_wconf 72' lang='lat' dir='ltr'>Dominica</span> <span class='ocrx_word' id='word_1_271' title='bbox 842 3130 1005 3182; x_wconf 90' lang='lat' dir='ltr'>Horis</span> <span class='ocrx_word' id='word_1_272' title='bbox 1020 3126 1371 3197; x_wconf 72' lang='lat' dir='ltr'>praeponenda</span> <span class='ocrx_word' id='word_1_273' title='bbox 1387 3135 1510 3180; x_wconf 87' lang='lat' dir='ltr'>ante</span> <span class='ocrx_word' id='word_1_274' title='bbox 1527 3127 1843 3180; x_wconf 85' lang='lat' dir='ltr'>Psalterium</span> <span class='ocrx_word' id='word_1_275' title='bbox 1858 3126 2095 3193; x_wconf 81' lang='lat' dir='ltr'>loquenS,</span> <span class='ocrx_word' id='word_1_276' title='bbox 2114 3143 2181 3178; x_wconf 86' lang='lat' dir='ltr'>ex</span> 
     </span>
     <span class='ocr_line' id='line_1_33' title="bbox 171 3211 2181 3289; baseline -0.005 -15"><span class='ocrx_word' id='word_1_277' title='bbox 171 3214 514 3289; x_wconf 84' lang='lat' dir='ltr'>Hieronymo</span> <span class='ocrx_word' id='word_1_278' title='bbox 538 3218 666 3269; x_wconf 88' lang='lat' dir='ltr'>citet</span> <span class='ocrx_word' id='word_1_279' title='bbox 687 3220 719 3245; x_wconf 92' lang='lat'><strong>“</strong></span> <span class='ocrx_word' id='word_1_280' title='bbox 742 3216 809 3267; x_wconf 89' lang='lat' dir='ltr'>In</span> <span class='ocrx_word' id='word_1_281' title='bbox 832 3215 1087 3283; x_wconf 90' lang='lat' dir='ltr'>principio</span> <span class='ocrx_word' id='word_1_282' title='bbox 1107 3214 1387 3283; x_wconf 87' lang='lat' dir='ltr'>cujuslibet</span> <span class='ocrx_word' id='word_1_283' title='bbox 1409 3213 1574 3281; x_wconf 86' lang='lat' dir='ltr'>operis</span> <span class='ocrx_word' id='word_1_284' title='bbox 1594 3214 1853 3282; x_wconf 85' lang='lat' dir='ltr'>praemitte</span> <span class='ocrx_word' id='word_1_285' title='bbox 1877 3211 2181 3264; x_wconf 88' lang='lat' dir='ltr'>Orationem</span> 
     </span>
     <span class='ocr_line' id='line_1_34' title="bbox 175 3298 2180 3371; baseline -0.003 -14"><span class='ocrx_word' id='word_1_286' title='bbox 175 3305 526 3359; x_wconf 89' lang='lat' dir='ltr'>Dominicam</span> <span class='ocrx_word' id='word_1_287' title='bbox 566 3311 620 3355; x_wconf 87' lang='lat' dir='ltr'>et</span> <span class='ocrx_word' id='word_1_288' title='bbox 654 3302 866 3371; x_wconf 84' lang='lat' dir='ltr'>signum</span> <span class='ocrx_word' id='word_1_289' title='bbox 909 3301 1093 3353; x_wconf 88' lang='lat' dir='ltr'>Crucis</span> <span class='ocrx_word' id='word_1_290' title='bbox 1133 3300 1193 3351; x_wconf 83' lang='lat' dir='ltr'>in</span> <span class='ocrx_word' id='word_1_291' title='bbox 1221 3299 1404 3368; x_wconf 77' lang='lat' dir='ltr'>fronte</span> <span class='ocrx_word' id='word_1_292' title='bbox 1427 3299 1474 3351; x_wconf 90' lang='lat'>.·&#39;&#39;</span> <span class='ocrx_word' id='word_1_293' title='bbox 1511 3300 1696 3351; x_wconf 80' lang='lat' dir='ltr'>verum</span> <span class='ocrx_word' id='word_1_294' title='bbox 1731 3300 1892 3351; x_wconf 88' lang='lat' dir='ltr'>etiam</span> <span class='ocrx_word' id='word_1_295' title='bbox 1930 3298 1987 3350; x_wconf 90' lang='lat' dir='ltr'>in</span> <span class='ocrx_word' id='word_1_296' title='bbox 2027 3299 2180 3351; x_wconf 89' lang='lat' dir='ltr'>initio</span> 
     </span>
     <span class='ocr_line' id='line_1_35' title="bbox 176 3385 2178 3457; baseline -0.002 -13"><span class='ocrx_word' id='word_1_297' title='bbox 176 3388 363 3447; x_wconf 83' lang='lat' dir='ltr'>Missae</span> <span class='ocrx_word' id='word_1_298' title='bbox 389 3388 577 3444; x_wconf 86' lang='lat' dir='ltr'>eadem</span> <span class='ocrx_word' id='word_1_299' title='bbox 599 3389 714 3441; x_wconf 87' lang='lat' dir='ltr'>haec</span> <span class='ocrx_word' id='word_1_300' title='bbox 738 3389 911 3452; x_wconf 86' lang='lat' dir='ltr'>verba,</span> <span class='ocrx_word' id='word_1_301' title='bbox 937 3404 1053 3457; x_wconf 88' lang='lat' dir='ltr'>quae</span> <span class='ocrx_word' id='word_1_302' title='bbox 1077 3388 1133 3440; x_wconf 92' lang='lat' dir='ltr'>in</span> <span class='ocrx_word' id='word_1_303' title='bbox 1158 3387 1366 3440; x_wconf 89' lang='lat' dir='ltr'>Missali</span> <span class='ocrx_word' id='word_1_304' title='bbox 1390 3386 1630 3441; x_wconf 87' lang='lat' dir='ltr'>Romano</span> <span class='ocrx_word' id='word_1_305' title='bbox 1654 3385 1911 3457; x_wconf 86' lang='lat' dir='ltr'>signando</span> <span class='ocrx_word' id='word_1_306' title='bbox 1943 3403 1996 3439; x_wconf 86' lang='lat' dir='ltr'>se</span> <span class='ocrx_word' id='word_1_307' title='bbox 2028 3387 2178 3454; x_wconf 85' lang='lat' dir='ltr'>signo</span> 
     </span>
    </p>
   </div>
  </div>
 </body>
</html>
