2910 4457
155 429 170 438 ·
214 427 301 476 An
320 426 350 486 ς
372 424 518 474 193-
536 422 651 487 195)
1030 437 1374 479 nssnlcmoms
1398 437 1676 477 ECCLESIAE.
2152 420 2385 488 lxxxix

211 589 306 640 per
327 571 737 639 fundamentum
781 587 907 621 vero
949 572 1006 621 in
1052 571 1308 638 singulari
1345 573 1577 637 positum
1619 570 1760 636 “ipse
1801 568 2073 620 doctorum
2114 569 2298 622 doctor
2336 576 2390 622 et

214 655 642 706 “fundamentum
664 653 1120 705 fundamentorum
1143 655 1449 719 exprimitur
1475 650 1761 704 Christus.”

310 739 432 788 Hoc
463 742 637 787 autem
670 752 779 787 non
815 738 928 788 sine
962 737 1272 805 exceptione
1305 736 1732 802 intelligendum3
1768 750 1907 799 nam,
1937 762 2008 773 -—
2042 740 2384 802 praeterquam

208 821 370 886 quod,
395 819 447 871 et
470 819 597 870 alibi
621 817 674 868 et
695 820 979 884 praesertim
997 820 1053 869 in
1075 819 1355 883 Scripturis
1375 818 1565 880 Sacris,
1592 817 1872 883 singularis
1892 816 2151 868 abstracte
2169 818 2257 868 vel
2277 818 2385 869 col-

205 904 403 954 lective
437 902 641 967 positus
678 900 948 951 commode
981 899 1237 966 pluralem
1278 900 1534 966 exprimit,
1566 925 1637 938 —-
1662 899 1720 949 in
1754 899 1870 964 ipso
1908 899 1972 949 de
2011 915 2114 964 quo
2152 900 2206 949 S.
2240 899 2387 950 Beda

208 986 397 1036 scribit
425 985 562 1047 locu,
585 984 678 1036 ubi
699 985 813 1049 ipse
836 983 1108 1050 pluralem,
1143 982 1328 1034 Versio
1353 982 1588 1049 Vulgata
1622 997 1740 1032 cum
1770 986 1918 1032 textu
1941 982 2127 1033 Graeco
2151 982 2385 1049 singula·

205 1085 322 1119 rem
344 1067 586 1131 habet(⁶).

313 1151 376 1201 In
399 1150 667 1200 Lectionis
691 1149 813 1211 fine,
837 1164 932 1215 pro
962 1147 1171 1212 “adeo”,
1198 1148 1339 1214 quod
1362 1148 1405 1197 L
1431 1163 1549 1212 om.,
1574 1148 1709 1199 male
1734 1148 1781 1197 A
1809 1147 2007 1199 “ideo”.

312 1230 351 1299 β
380 1230 577 1299 194.)
612 1213 708 1297 3η
736 1211 984 1300 Ustuva]
1014 1232 1076 1280 In
1101 1231 1160 1294 L,
1187 1229 1257 1280 In
1288 1230 1508 1282 Octauia.

314 1314 541 1374 cumbae
567 1314 830 1377 Oratione,
855 1314 1000 1363 Deus
1026 1314 1116 1378 qui
1138 1313 1292 1363 nobis
1316 1328 1409 1379 per
1432 1312 1670 1378 singulos
1695 1313 1747 1377 (ἓ
1769 1312 1923 1379 166).]
1948 1314 2011 1364 In
2033 1315 2104 1365 L:
2134 1314 2276 1366 “cum
2291 1314 2389 1367 hae

211 1395 516 1458 “Or-atione,
540 1398 685 1448 Deus
711 1399 800 1462 qui
823 1397 1118 1448 Ecclesiam
1140 1403 1283 1447 tuam
1309 1396 1358 1463 [ἓ
1387 1395 1553 1462 175].”
1580 1398 1656 1448 cf.
1681 1403 1857 1448 autem
1880 1399 1946 1448 ad
1972 1400 2003 1459 ἓ
2032 1402 2141 1451 178.

317 1473 713 1526 “CONGRUUM
744 1479 1000 1544 videtur,''
1034 1477 1170 1548 ὥσ.»
1197 1479 1352 1540 Quod
1376 1480 1533 1531 nobis
1562 1485 1667 1531 tres
1694 1486 1745 1530 et
1768 1480 2050 1545 dimidiam,
2074 1483 2131 1531 in
2154 1482 2389 1532 Praefixis

209 1579 341 1616 vero
366 1567 471 1613 tres
494 1569 698 1613 tantum
719 1559 793 1628 (V.
819 1563 849 1623 ἓ
878 1564 987 1627 195,
1012 1561 1133 1614 Lec.
1157 1562 1277 1628 iay),
1299 1561 1354 1611 id
1379 1563 1432 1612 in
1458 1562 1502 1611 L
1524 1563 1641 1627 ipso
1667 1579 1760 1613 sex
1783 1579 1893 1614 non
1916 1565 2088 1614 minus
2107 1564 2388 1616 Lectiones

206 1648 360 1698 facit.

312 1730 376 1779 In
412 1727 532 1779 Lec.
569 1733 611 1792 1,
645 1744 740 1794 pro
779 1729 932 1794 “quia
968 1728 1219 1779 Salomon
1249 1743 1342 1778 rex
1374 1728 1744 1795 praeceperat'',
1777 1735 1885 1781 tam
1918 1730 1963 1780 L
1989 1743 2144 1795 quam
2167 1731 2389 1781 Praefixa

209 1814 328 1879 ejus
360 1814 514 1877 “quia
542 1814 779 1878 precepit
803 1810 1101 1862 Salamon''.

312 1895 419 1944 Pro
462 1893 694 1960 “lapides
726 1894 972 1946 tollerent
1003 1893 1320 1959 preciosos’',
1345 1924 1411 1934 -
1433 1911 1530 1961 pro
1566 1911 1670 1960 quo
1695 1897 1781 1946 Pr.
1806 1896 1850 1946 L
1879 1897 2157 1948 “tollerent
2179 1896 2384 1963 lapides

215 1977 572 2044 “preciosos‘’,
590 2006 655 2015 —-
680 1992 799 2027 cum
821 1977 865 2027 L
890 1977 1224 2028 scribendum
1255 1977 1531 2028 “tollerent
1552 1978 1755 2045 lapides
1777 1978 2021 2045 grandes,
2044 1979 2247 2047 lapides
2274 1997 2391 2047 pre-

216 2057 500 2122 “ciosos,’':
527 2061 592 2110 cf.
615 2059 738 2110 Lec.
764 2064 792 2109 2
818 2066 870 2109 et
892 2064 937 2110 3.

312 2142 376 2192 In
399 2141 521 2194 Leo.
549 2147 594 2206 2,
618 2159 712 2207 pro
741 2142 929 2192 “locati
953 2147 1092 2205 sunt,
1118 2146 1170 2191 et
1192 2139 1390 2191 totum’'
1413 2142 1500 2192 Pr.
1525 2142 1569 2192 L
1598 2142 1802 2206 “locati,
1827 2142 2045 2195 totum''.

313 2225 616 2276 Notandum
650 2232 731 2277 est
765 2231 952 2288 autem,
988 2241 1079 2291 per
1116 2223 1307 2275 “locati
1329 2230 1469 2289 sunt,
1505 2230 1555 2274 et
1577 2254 1644 2263 —
1665 2225 1925 2292 portant'’,
1955 2228 2043 2279 vel
2066 2223 2140 2294 (si
2163 2244 2281 2281 cum
2302 2231 2388 2282 Pr.

211 2309 256 2358 L
282 2308 548 2374 legamus)
578 2308 783 2370 “locati‚
809 2335 872 2343 —
897 2306 1157 2373 portant”,
1181 2306 1433 2373 templum
1457 2313 1515 2356 ut
1536 2322 1766 2372 praesens
1793 2310 1859 2362 ob
1886 2310 2068 2363 oculos
2091 2314 2234 2379 poni.

315 2389 466 2439 Ibid.
490 2396 595 2439 tam
620 2390 663 2439 L
689 2406 843 2454 quam
868 2390 1090 2439 Praefixa
1114 2390 1226 2453 ejus
1254 2389 1794 2456 “superimpositum'’.

314 2472 406 2523 Ib.
431 2488 527 2538 pro
555 2474 683 2523 “sua
704 2471 1109 2538 praedicatione'’
1134 2473 1179 2522 L
1208 2472 1609 2538 “predicacione
1635 2474 1782 2525 sua’'.

315 2554 440 2606 Leo.
463 2555 538 2620 ἰῇ.
573 2554 1083 2602 FUNDAMENTUM
1122 2556 1178 2605 in
1214 2554 1375 2604 Sacra
1408 2556 1678 2622 Scriptura
1712 2558 1949 2611 Christus
1982 2560 2293 2626 appellatur.
2328 2562 2390 2612 In

216 2653 321 2702 quo
355 2637 581 2704 lapides]
619 2639 676 2689 In
710 2638 781 2687 L:
820 2636 968 2689 “Lea
993 2655 1040 2688 v.
1073 2636 1137 2687 In
1165 2636 1268 2688 hoc
1299 2637 1657 2704 fundament0‚
1690 2640 1747 2690 id
1775 2647 1870 2705 est,
1908 2643 1966 2692 in
2002 2642 2226 2706 Christo,
2261 2644 2392 2709 lapi-

218 2720 396 2771 “des'’.
431 2721 592 2785 Idem,
612 2749 674 2758 —
700 2721 793 2773 sed
821 2728 943 2787 post
976 2719 1130 2786 “per''
1165 2720 1429 2784 omissum,
1475 2727 1527 2772 et
1568 2723 1870 2774 “Ecclesia’'
1904 2741 1998 2791 pro
2038 2726 2392 2777 “Ecclesiam'’

216 2806 488 2872 scriptum,
511 2834 572 2842 —
598 2804 764 2856 verba
789 2805 872 2856 “et
892 2803 1069 2871 prius'’
1096 2805 1301 2867 omittit,
1337 2810 1387 2854 et
1408 2821 1505 2870 pro
1534 2806 1834 2857 “instructi”
1863 2810 2195 2861 “constituti”
2219 2811 2393 2864 habet.

316 2887 550 2955 grandes
576 2895 627 2939 et
647 2887 893 2955 preciosi]
919 2887 967 2936 A
992 2904 1091 2938 om.
1119 2886 1261 2937 “et'’:
1286 2888 1331 2937 L
1355 2894 1407 2939 et
1430 2889 1516 2938 Pr.
1540 2888 1584 2938 L
1607 2889 1819 2941 habent.

317 2972 425 3021 Pro
454 2971 709 3023 “arctius'’
732 2980 840 3023 tam
863 2972 906 3021 L
932 2987 1088 3036 quam
1110 2972 1338 3021 Praefixa
1362 2971 1474 3036 ejus
1503 2971 1753 3024 “arcius’'.

318 3052 357 3121 θ
382 3052 591 3122 195.)
620 3054 919 3121 “Sifestum
939 3054 1003 3119 iij
1022 3053 1327 3104 lectionum”
1352 3050 1489 3121 &c.))
1514 3054 1575 3104 In
1600 3054 1643 3103 L
1666 3055 1779 3105 haec
1800 3057 2009 3109 rubrica
2032 3057 2193 3111 deest.

318 3139 383 3188 In
407 3138 530 3191 Lec.
554 3141 586 3187 4
613 3134 811 3196 “Quos
827 3136 1103 3188 videlicet''
1124 3137 1240 3202 (pro
1261 3138 1467 3203 quoPr.
1488 3138 1531 3187 L
1553 3138 1728 3199 “Quos
1748 3139 2067 3191 videliced’':
2087 3144 2152 3193 cf.
2171 3144 2238 3194 ad
2257 3145 2287 3207 5
2308 3147 2394 3210 32)

222 3238 323 3274 om.
356 3225 429 3285 L;
470 3225 527 3273 in
563 3238 665 3288 quo
690 3228 875 3288 postea
909 3219 1238 3286 “quadrare'‘‚
1278 3220 1533 3285 “anima”,
1569 3228 1620 3273 et
1657 3223 2086 3289 “significaret.”;
2130 3241 2248 3277 cum
2287 3244 2392 3292 quo

221 3307 402 3371 verbo,
426 3312 488 3358 ut
510 3322 669 3372 supra
692 3306 886 3355 dictum
909 3307 1004 3367 est,
1028 3302 1072 3352 L
1096 3302 1302 3353 desinit.

320 3391 517 3440 Postea
549 3402 675 3439 vero
699 3389 785 3438 Pr.
819 3386 862 3435 L
901 3387 1003 3435 “ita
1037 3387 1149 3436 vita
1181 3384 1563 3451 perfectorum'‘
1597 3392 1649 3436 et
1686 3385 1885 3437 “deici”
1919 3387 2092 3439 habet.
2129 3390 2393 3456 Simplicis

225 3476 396 3521 autem
420 3488 516 3539 pro
544 3470 739 3537 duplici
761 3469 786 3517 I
807 3470 862 3519 in
889 3469 1193 3534 compositis
1227 3484 1259 3518 a
1268 3468 1413 3533 jacio
1436 3469 1728 3521 scribendis
1751 3486 1878 3521 usus
1902 3473 2244 3538 perantiquus
2267 3476 2394 3540 fuit3

226 3560 381 3620 atque
405 3556 481 3605 ita
505 3554 559 3605 S.
582 3553 728 3603 Beda
750 3552 1026 3618 scripsisse
1053 3551 1276 3602 videtur.
2153 3563 2163 3569 ·

312 3678 352 3741 c)
381 3678 469 3728 Sic
494 3678 650 3727 etiam
673 3674 890 3726 Missale
916 3673 1110 3725 Sarisb.
1141 3671 1259 3739 (sed
1360 3690 1495 3738 vam,
1534 3682 1593 3725 ut
1630 3675 1847 3737 videtur,
1878 3671 2126 3740 (fortasse
2159 3677 2396 3730 Domini·

229 3757 346 3793 cum
373 3742 618 3811 “supra'’)
636 3744 689 3792 in
715 3742 1008 3808 Euangelio
1041 3740 1185 3805 quod
1207 3743 1260 3789 in
1362 3744 1425 3791 εᾶ
1467 3743 1604 3791 infra
1654 3742 1946 3808 Octavam‚)
1994 3743 2290 3811 dicendum,
2329 3773 2397 3786 —

226 3809 591 3862 Dedicationis
622 3809 824 3875 Officio,
852 3809 1071 3858 —infra
1106 3807 1262 3858 Octa·
1365 3809 1646 3859 invenitur.

1822 3924 1854 3963 N
