2910 4457
1124 311 1196 351 An
1234 311 1563 354 nunnius.
2298 296 2376 357 50

476 3364 484 3379 ,
592 3323 836 3372 Psalmus
868 3325 1001 3385 loeaej.

384 3398 473 3434 eus
500 3385 753 3444 judicium
787 3394 934 3434 tuum
952 3385 1079 3446 Regi
1116 3387 1178 3436 (la
1206 3402 1217 3435 ε
1241 3393 1289 3435 et

381 3447 633 3507 justitiam
657 3454 798 3498 tuam
823 3449 924 3497 filio
946 3450 1131 3509 Regis:

1450 421 1686 472 Judicare
1718 424 1961 485 populum
1993 430 2140 473 tuum
2164 425 2217 473 in
2231 427 2384 488 justi-

1388 484 1496 533 tia:
1514 492 1562 534 et
1578 498 1821 545 pauperes
1837 492 1951 534 tuos
1972 486 2025 533 in
2040 486 2249 545 judicio.

1448 547 1738 607 Suscipiunt
1760 553 1957 596 montes
1978 561 2149 607 paeem
2169 551 2381 610 populo:

1386 615 1435 658 et
1457 610 1604 657 eolles
1617 608 1890 669 justitiam.

1449 670 1478 717 J
1486 671 1705 718 udicabit
1724 683 1966 729 pauperes
1998 671 2184 731 populi,
2208 679 2256 720 et
2276 673 2385 720 sal—

1388 744 1477 779 vos
1496 732 1639 779 faciet
1660 731 1790 779 tilios
1814 745 2088 791 pauperum
2112 750 2124 783 :
2147 740 2195 783 et
2210 735 2386 783 hurni-

1389 793 1534 840 liabit
1558 794 1993 842 calumniatorem.

1448 855 1514 903 Et
1546 855 1859 914 permanebit
1890 868 2006 904 eum
2056 857 2156 904 sole
2186 864 2234 905 et
2267 864 2385 907 ante

1390 918 1567 965 lunam
1591 916 1673 966 :in
1700 916 2016 976 generatione
2036 924 2083 965 et
2107 920 2384 978 generatio-

1390 992 1529 1027 nem.

1452 1040 1725 1088 Descendet
1757 1041 1887 1088 sicut
1919 1040 2087 1100 pluvia
2110 1042 2163 1090 in
2187 1043 2383 1091 vellus:

1388 1107 1436 1151 et
1483 1103 1614 1150 sicut
1649 1102 1905 1151 stillicidia
1951 1104 2197 1153 stillantia
2235 1117 2384 1165 super

1390 1169 1597 1213 terram.

1451 1227 1655 1274 Orietur
1684 1226 1738 1274 in
1761 1226 1938 1275 diebus
1958 1228 2068 1287 eJus
2085 1227 2302 1288 justitia,
2337 1235 2385 1277 et

1389 1288 1699 1397 abundantia
1736 1289 1873 1349 pacis
1908 1291 2098 1339 :donee
2127 1292 2385 1339 auferatur

1410 1362 1532 1397 una.

1451 1411 1516 1459 Et
1545 1411 1890 1459 dominabitur
1915 1425 1942 1459 a
1968 1414 2099 1460 mari
2129 1424 2290 1472 usque
2320 1414 2382 1460 ad

1388 1484 1530 1519 mare
1555 1476 1633 1519 :et
1654 1485 1683 1518 a
1707 1472 1917 1519 flumine
1938 1485 2099 1532 usque
2129 1476 2192 1521 ad
2212 1474 2386 1521 termi-

1392 1546 1485 1581 nos
1502 1533 1639 1580 orbis
1662 1538 1932 1583 terrarum.

1452 1594 1633 1643 Coram
1654 1594 1739 1641 illo
1757 1596 2011 1654 procident
2029 1596 2288 1655 AEtbiopes
2307 1611 2319 1645 ε
2337 1602 2389 1646 et

1389 1656 1588 1706 inimici
1607 1657 1718 1716 ejus
1741 1662 1927 1704 terram
1953 1656 2163 1717 lingent.

1450 1720 1615 1779 Reges
1651 1719 1860 1768 Tharsis
1890 1725 1937 1767 et
1958 1719 2137 1769 insulae
2168 1732 2381 1769 munera

1387 1782 1648 1829 offerent:
1694 1793 1835 1841 reges
1882 1779 2115 1831 Arabum
2160 1788 2209 1831 et
2251 1784 2380 1833 Saba

1387 1844 1519 1892 dona
1541 1844 1809 1891 adducent.

1450 1905 1516 1954 Et
1553 1906 1833 1954 adorabunt
1867 1916 1983 1952 eum
2007 1916 2185 1953 omnes
2207 1916 2379 1967 reges·

1389 1979 1566 2014 omnes
1583 1973 1754 2025 gentes
1770 1978 1879 2013 serv
1885 1966 1989 2013 ient
2003 1966 2066 2013 ei.

1453 2027 1587 2087 Quia
1641 2026 1873 2074 liberabit
1915 2037 2187 2097 pauperem
2220 2039 2249 2073 a
2296 2038 2384 2085 po-

1390 2094 1556 2137 tente:
1573 2093 1622 2135 et
1644 2099 1912 2147 pauperem
1929 2087 2013 2133 cui
2035 2099 2135 2133 non
2168 2093 2276 2134 erat
2296 2088 2385 2136 ad·

1384 2150 1544 2210 jutor.

1455 2212 1632 2260 Parcet
1648 2208 1853 2271 pauperi
1870 2213 1917 2258 et
1934 2206 2103 2268 inopi·
2120 2214 2169 2258 et
2184 2207 2384 2259 animas

1390 2285 1671 2334 pauperum
1693 2273 1858 2320 salvas
1876 2272 2038 2319 faciet.

1455 2335 1528 2383 Ex
1567 2335 1737 2383 usuris
1783 2339 1831 2382 et
1863 2333 2128 2394 iniquitate
2175 2335 2386 2383 redimet

1390 2397 1592 2446 animas
1638 2409 1861 2446 eorum:
1893 2402 1941 2444 et
1977 2397 2265 2446 honorabile
2303 2411 2388 2446 no-

1390 2473 1506 2508 men
1532 2473 1705 2509 eorum
1731 2473 1898 2507 eoram
1918 2458 2020 2507 illo,

1452 2523 1519 2570 Et
1535 2535 1559 2570 x
1567 2523 1665 2571 ivet
1686 2528 1732 2572 et
1749 2523 1950 2570 dabitur
1967 2521 2013 2569 ei
2034 2523 2095 2571 de
2111 2534 2235 2571 auro
2253 2522 2386 2571 Ara-

1388 2584 1509 2633 biae:
1521 2591 1568 2633 et
1577 2587 1857 2655 adorabunt
1868 2586 1929 2632 de
1940 2582 2047 2642 ipso
2057 2596 2271 2643 semper3
2285 2589 2384 2631 tota

1392 2647 1474 2694 die
1493 2647 1780 2695 benedicent
1795 2644 1858 2692 ei.

1453 2708 1564 2755 Erit
1621 2709 2002 2754 firmamentum
2051 2705 2103 2752 in
2151 2709 2283 2752 terra
2329 2706 2383 2753 in

1389 2769 1611 2817 summis
1655 2767 1934 2828 montium3
1975 2766 2385 2826 superextolletur

1391 2843 1541 2888 super
1565 2831 1817 2879 Libanum
1842 2829 2036 2877 fructus
2052 2829 2163 2888 ejus
2188 2843 2200 2877 :
2223 2833 2272 2877 et
2302 2829 2387 2877 tlo-

1390 2893 1574 2940 rebunt
1625 2894 1685 2941 de
1744 2891 1941 2941 civitate
1999 2891 2131 2941 sicut
2194 2890 2383 2940 soenum

1390 2959 1557 3002 terra).

1451 3015 1526 3063 Sit
1544 3027 1725 3063 nomen
1740 3015 1851 3075 eJ'us
1871 3016 2188 3065 benedictum
2213 3015 2266 3063 in
2284 3029 2377 3065 ste-

1386 3079 1498 3151 eula
1533 3094 1545 3127 z
1569 3084 1685 3127 ante
1715 3080 1869 3126 solem
1901 3088 2162 3138 permanet
2190 3091 2374 3126 nomen

1389 3152 1518 3199 eJuS.

1449 3203 1512 3250 Et
1528 3201 1882 3250 benedicentur
1899 3201 1951 3247 in
1971 3200 2078 3258 ipso
2094 3212 2272 3247 omnes
2286 3201 2375 3247 tri·

1384 3264 1481 3312 bus
1497 3269 1638 3312 terrie
1665 3276 1870 3311 :omnes
1891 3268 2063 3320 gentes
2083 3260 2377 3321 magnifica-

1385 3325 1513 3372 bunt
1535 3338 1672 3374 eum.

1450 3386 1746 3434 Benedictus
1767 3386 1876 3433 Diis
1905 3385 2040 3431 Deus
2063 3384 2215 3432 lsrael
2249 3398 2260 3430 t
2286 3383 2375 3441 qui

1390 3448 1503 3496 facit
1527 3447 1778 3496 mirabilia
1802 3446 1940 3494 solus
1964 3461 1976 3493 z
