2910 4457
143 9 204 419 l

204 515 291 551 nos
311 507 482 551 autem
514 503 835 552 surreximus
859 507 908 551 et
929 505 1077 552 erecti
1103 516 1192 552 su-

203 576 370 674 mlsssiie
391 626 595 673 salvum
616 624 693 674 fac
714 638 883 686 regem
910 631 990 676 :et
1010 628 1188 676 exaudi

144 679 145 685 ¹
207 701 289 737 nos
306 689 359 735 in
379 689 464 735 die
479 700 581 747 qua
600 687 1008 737 invocaverimus
1025 694 1090 738 te.

144 758 146 831 l

144 838 145 903 l

258 750 433 799 Gloria
447 750 608 798 Patri.

260 812 366 859 Per
390 813 524 859 Adv.
545 813 608 859 A.
635 812 774 860 Hora
791 816 866 860 est
884 811 993 871 Jam
1014 823 1105 860 nos
1125 812 1189 861 de

205 887 375 922 somno
398 885 634 933 surgere3
660 878 709 920 et
732 875 887 932 aperti
911 879 1033 922 sunt
1054 875 1186 922 oculi

208 936 358 984 nostri
394 947 603 995 surgere
639 936 702 983 ad
737 935 1032 997 Christum3
1067 937 1186 997 quia

206 998 281 1045 lux
296 1002 418 1046 vera
432 1005 505 1045 est
524 997 722 1056 fulgens
744 997 794 1044 in
815 998 968 1046 coelis.

258 1059 333 1107 Ab
366 1059 479 1106 Oct.
518 1059 708 1119 Epiph.
741 1072 895 1120 usque
923 1060 994 1106 ad
1032 1059 1185 1107 Pasa.

207 1119 306 1167 Dru·
314 1123 378 1170 A.
393 1121 607 1181 Impleat
618 1121 728 1168 Diis
739 1133 914 1169 omnes
924 1121 1188 1180 petitiones

207 1187 328 1230 luas.

257 1244 364 1292 Per
379 1244 523 1291 AE'st.
542 1244 605 1290 A.
621 1243 885 1291 Auxilium
911 1243 1057 1293 nobis
1079 1243 1188 1293 Sal-

207 1312 337 1354 vator
355 1306 506 1353 mitte
522 1305 728 1364 salutiS,
747 1310 794 1354 et
809 1306 1006 1355 tribuas
1028 1307 1185 1354 vitam

208 1372 422 1428 tempore
438 1373 694 1427 perpetuo.

513 1429 755 1477 Psalmus
774 1441 871 1476 oeae.

283 1491 460 1538 omine
498 1490 550 1537 in
596 1490 785 1538 virtute
821 1495 907 1538 tua
934 1491 1184 1539 laetabitur

285 1565 370 1600 rex
398 1567 412 1601 ε
429 1556 477 1599 et
496 1564 647 1611 super
663 1552 881 1600 salutare
893 1558 1041 1600 tuum
1056 1554 1188 1601 exul·

209 1613 317 1661 tabit
344 1614 690 1662 vehementer.

257 1675 580 1725 Desiderium
622 1676 789 1723 cordis
825 1676 936 1735 ejus
960 1676 1186 1724 tribuisti

211 1738 334 1786 ei2et
363 1738 624 1786 voluntate
656 1738 905 1786 labiorum
939 1737 1049 1798 ejus
1083 1751 1184 1786 non

211 1798 445 1848 fraudasti
461 1811 600 1846 eum.

258 1861 516 1922 Quoniam
536 1860 823 1919 praevenisti
839 1872 955 1908 eum
974 1861 1027 1908 in
1045 1860 1188 1909 bene

210 1923 504 1972 dictionibus
514 1923 816 1971 dulcedinis:
828 1923 1039 1981 posuisti
1052 1923 1102 1968 in
1114 1935 1186 1971 ca·

214 1985 294 2042 pite
314 1987 427 2046 ejus
445 1997 686 2033 coronam
703 1985 764 2033 de
780 1984 941 2042 lapide
953 1984 1184 2043 pretioso.

262 2047 434 2095 Vitam
467 2047 611 2105 petiit
638 2060 667 2094 a
701 2052 766 2103 te,
789 2051 836 2094 et
857 2045 1080 2094 tribuisti
1109 2047 1186 2097 ei:

213 2107 574 2170 longitudinem
596 2109 797 2157 dierum
826 2109 880 2155 in
909 2108 1182 2168 saeculum,

213 2172 308 2218 etin
325 2169 575 2219 saeculum
597 2170 786 2218 saeculi.

262 2234 449 2294 Magna
477 2238 553 2281 est
583 2234 742 2293 gloria
759 2233 869 2292 ejus
891 2232 944 2279 in
972 2231 1186 2279 salut-ari

215 2298 286 2342 tuo
309 2311 321 2344 :
344 2295 567 2355 gloriam
597 2300 644 2342 et
674 2307 923 2355 magnum
957 2295 1183 2341 decorem

214 2356 426 2415 impones
450 2368 601 2416 super
618 2369 754 2405 eum.

265 2418 520 2478 Quoniam
550 2419 695 2466 dabis
720 2430 837 2466 eum
873 2418 927 2465 in
961 2417 1188 2465 benedic-

215 2479 385 2528 tionem
400 2482 455 2529 in
474 2482 721 2529 saeculum
739 2480 910 2528 saeculi
935 2494 948 2528 ι
973 2480 1188 2527 laetifica-

214 2540 284 2588 bis
301 2554 414 2590 eum
439 2542 491 2591 in
519 2542 706 2603 gaudio
727 2554 843 2590 cum
864 2542 1008 2588 vultu
1027 2546 1131 2589 tuo.

268 2603 520 2663 Quoniam
541 2617 625 2653 rex
642 2608 808 2663 sperat
824 2605 876 2651 in
895 2604 1007 2651 Dfio
1032 2619 1045 2652 ε
1067 2603 1185 2651 etin

214 2665 550 2773 misericordia
571 2664 830 2715 Altissimi
852 2678 952 2713 non
966 2678 1189 2714 commo-

216 2737 266 2773 ve
301 2728 418 2775 itur.

271 2789 566 2838 Inveniatur
600 2801 789 2837 manus
821 2793 909 2837 tua
947 2788 1188 2837 omnibus

216 2847 428 2900 inimicis
449 2853 558 2899 tuis
588 2866 602 2900 ε
627 2852 826 2899 dextera
848 2856 933 2899 tua
963 2850 1190 2899 inveniat

214 2922 375 2961 omnes
386 2915 478 2973 qui
495 2919 544 2962 te
559 2914 794 2961 oderunt.
1010 2929 1016 2934 ·

268 2973 426 3023 Penes
454 2988 543 3023 eos
575 2980 635 3023 ut
667 2976 927 3023 clibanum
968 2973 1106 3033 ignis
1135 2973 1188 3021 in

215 3037 422 3095 tempore
443 3038 623 3085 vultus
649 3038 726 3084 tui
751 3052 763 3085 :
797 3037 906 3084 Diis
925 3036 977 3083 in
997 3038 1072 3083 ira
1098 3047 1190 3083 sua

214 3100 525 3169 conturbabit
562 3111 672 3158 eOS,
725 3104 772 3147 et
807 3098 1065 3147 devorabit
1109 3109 1191 3145 eos

214 3169 354 3217 ignis.

267 3220 516 3270 Fructum
539 3233 719 3270 eorum
742 3220 804 3269 de
822 3226 952 3270 terra
979 3221 1154 3280 perdes
1178 3234 1192 3269 z

211 3286 250 3327 et
270 3295 439 3332 semen
454 3296 637 3331 eorum
661 3296 691 3331 a
708 3283 827 3330 filiis
841 3283 1129 3331 hominum.

265 3344 528 3403 Quoniam
552 3345 931 3393 declinaverunt
947 3346 999 3393 in
1023 3349 1071 3393 te
1091 3356 1195 3391 ma·

210 3402 249 3453 la
274 3420 286 3456 :
308 3408 673 3467 cogitaverunt
695 3408 927 3467 consilia,
952 3419 1063 3468 quae
1092 3418 1193 3453 non

208 3473 480 3524 potuerunt
501 3468 750 3515 stabilire.

245 3530 511 3591 Quoniam
527 3541 682 3589 pones
691 3541 772 3577 eos
782 3529 984 3578 dorsum
1000 3530 1075 3579 :in
1087 3528 1193 3577 reli·

1029 390 1100 428 An
1139 390 1463 432 mro-rimis.
2201 377 2269 437 11

1283 505 1420 566 quiis
1432 505 1535 553 tuis
1548 505 1853 565 praeparubis
1861 507 2060 556 vultum
2077 520 2273 558 corum.

1345 567 1576 616 Exaltare
1602 568 1779 617 Dfiein
1811 569 1998 618 virtute
2025 576 2112 619 tua
2132 587 2145 620 ε
2163 583 2273 620 can-

1283 629 1510 677 tabimus
1531 635 1579 676 et
1609 630 1887 689 psallemus
1908 632 2122 681 virtutes
2138 638 2272 682 tuas.

1345 690 1517 739 Gloria
1535 692 1695 740 Patri.

1346 751 1451 799 Per
1464 754 1594 800 Adv.
1613 755 1676 803 Α.
1701 753 1922 803 Gaudete
1943 755 1995 803 in
2013 756 2127 804 Dno
2143 768 2278 805 sem·

1283 824 1387 872 per;
1403 815 1646 862 modestia
1657 820 1822 863 vestra
1835 822 1949 864 nota
1960 818 2024 865 sit
2035 819 2275 867 omnibus

1284 875 1581 923 hominibus
1597 891 1610 924 z
1628 876 1736 923 Diis
1753 889 1903 935 prope
1916 883 1989 925 est
2002 915 2015 936 ‚
2036 880 2161 928 nihil
2179 882 2273 929 sol-

1284 936 1409 984 liciti
1426 937 1539 984 sitis
1555 973 1568 995 ,
1594 938 1678 985 sed
1703 938 1756 985 in
1778 940 1921 986 omni
1943 941 2168 989 oratione
2192 955 2273 1002 pe-

1284 998 1487 1045 titiones
1546 1005 1720 1047 vestrae
1768 1000 2084 1050 innotescant
2138 1005 2270 1064 apud

1283 1060 1467 1107 Deum.
1492 1059 1552 1121 ys.
1586 1062 1885 1121 Egredietur
1910 1063 2019 1112 Diis
2062 1064 2122 1111 de.
2168 1065 2272 1113 looo

1283 1127 1457 1169 sancto
1484 1135 1594 1171 suo.
1624 1135 1688 1185 132.
1720 1124 1899 1172 Veniet
1921 1131 1982 1172 ut
2014 1126 2170 1174 salvet
2190 1140 2273 1188 po-

1284 1184 1462 1243 pulum
1486 1197 1657 1233 suum.
1682 1185 1798 1233 Non
1815 1187 2019 1234 dicatur
2038 1189 2269 1236 ulterius.

1348 1244 1421 1292 Ab
1463 1246 1572 1294 Oct.
1606 1248 1794 1308 Epiph.
1829 1262 1983 1310 usque
2009 1251 2080 1297 ad
2116 1250 2269 1299 Pas-5.

1282 1305 1392 1353 Diti
1414 1309 1477 1355 A.
1498 1309 1607 1357 Dite
1630 1309 1682 1356 in
1707 1311 1893 1358 virtute
1915 1316 2000 1358 tua
2020 1312 2271 1361 laetabitur

1283 1381 1383 1416 rex.
1409 1367 1472 1429 ψ.
1495 1370 1725 1420 Exaltare
1741 1372 1849 1420 Dfie
1872 1373 1926 1419 in
1948 1373 2136 1422 virtute
2162 1381 2268 1422 tua.

1281 1440 1345 1538 ἓν.
1358 1430 1690 1480 cantabimus
1705 1438 1753 1481 et
1767 1434 2042 1492 psallemus
2057 1436 2272 1484 virtutes

1304 1504 1413 1538 uas,

1345 1553 1449 1600 Per
1458 1553 1600 1600 AEst.
1614 1555 1677 1600 A.
1688 1554 1794 1602 Rex
1804 1555 1914 1603 sine.
1927 1556 2026 1604 tine
2037 1568 2266 1616 manens,

1281 1614 1486 1662 miseris
1499 1620 1552 1661 tu
1568 1626 1715 1674 parce
1728 1616 1922 1666 ruinis:
1937 1618 2142 1677 praemia
2157 1632 2270 1667 con-

1282 1677 1479 1736 cedens,
1498 1681 1642 1724 ettua
1655 1684 1834 1726 cuncta
1848 1692 2042 1740 regens.
2054 1678 2117 1743 yll-
2128 1681 2271 1730 Exal-

1280 1742 1387 1786 tare
1408 1744 1468 1785 ut
1482 1752 1659 1799 supra.

1318 1800 1587 1848 Canticum
1603 1800 1854 1849 Ambrosii
1874 1806 1922 1850 et
1940 1804 2235 1864 Augustini.

1371 1874 1398 1910 e
1419 1863 1582 1911 Deum
1608 1864 1902 1915 laudamus:
1926 1869 1974 1913 te
1994 1866 2132 1915 Dum
2155 1879 2268 1914 con-

1373 1924 1594 1972 fitemur.

1344 1986 1414 2033 Te
1435 1990 1681 2033 aeternum
1692 1986 1892 2034 Patrem
1909 2002 1923 2036 ε
1942 1989 2111 2037 omnis
2133 1994 2267 2038 terra

1282 2053 1569 2095 veneratur.

1345 2108 1461 2156 Tibi
1492 2120 1668 2155 omnes
1701 2107 1919 2167 Angeli:
1945 2109 2038 2156 tibi
2075 2111 2186 2159 coeli
2220 2116 2269 2159 et

1281 2170 1531 2217 universae
1558 2173 1837 2228 potestateS‚

1345 2232 1460 2279 Tibi
1505 2231 1757 2279 Cherubin
1800 2236 1848 2278 et
1885 2231 2130 2291 Seraphin
2158 2248 2171 2282 ε
2196 2234 2269 2284 in-

1282 2293 1510 2342 cessabili
1530 2305 1646 2341 voce
1668 2293 1982 2352 proclamant
2004 2310 2018 2343 ε

1342 2355 1583 2414 SanctuS,

1344 2417 1587 2475 SanctuS‚

1344 2479 1559 2528 Sanctus
1576 2492 1588 2525 :
1608 2479 1718 2526 Diis
1736 2479 1875 2529 Deus
1896 2479 2131 2530 Sabaoth.

1343 2541 1487 2589 Pleni
1523 2545 1644 2589 sunt
1675 2541 1786 2589 coeli
1816 2547 1863 2591 et
1896 2548 2029 2592 terra
2055 2558 2069 2592 ι
2091 2542 2270 2603 majes-

1283 2604 1401 2651 tatis
1424 2604 1595 2663 gloriae
1618 2607 1733 2650 tute.

1346 2665 1414 2713 Te
1428 2666 1679 2724 gloriosus
1695 2663 2052 2722 Apostolorum
2068 2664 2267 2722 chorus,

1347 2727 1416 2774 Te
1431 2727 1801 2785 Prophetarum
1817 2725 2085 2774 laudabilis
2099 2738 2273 2775 nume-

1286 2800 1393 2845 ruS,

1348 2850 1417 2897 Te
1432 2850 1725 2909 Martyrum
1742 2848 2043 2897 candidatus
2068 2863 2081 2898 ε
2099 2849 2271 2898 laudat

1284 2912 1551 2960 exercituS.

1349 2974 1418 3021 Te
1451 2986 1536 3032 per
1564 2973 1736 3021 orbem
1769 2976 2022 3021 terrarum
2051 2987 2065 3022 ι
2098 2979 2270 3022 sancta

1287 3047 1377 3083 con
1386 3036 1553 3083 litetur
1566 3035 1783 3083 Ecclesia
1792 3070 1803 3082 .

1349 3098 1551 3145 Patrem
1572 3098 1833 3145 immensae
1849 3095 2145 3155 maJestatiS.

1334 3159 1695 3207 venerandum
1709 3164 1876 3216 tuum,
1892 3170 2087 3216 verum,
2101 3163 2150 3204 et
2162 3159 2275 3206 uni-

1289 3233 1406 3269 cum
1439 3221 1649 3268 Filium.

1352 3283 1594 3331 Sanctum
1618 3294 1817 3343 quoque
1831 3280 2139 3329 Paraclitum
2162 3281 2276 3341 Spi-

1292 3344 1469 3392 ritum.

1355 3407 1432 3453 'l'u
1458 3418 1540 3452 rex
1563 3405 1731 3465 gloriae
1747 3442 1759 3463 ‚
1780 3403 1995 3452 Christe.

1357 3468 1434 3515 Tu
1458 3468 1627 3515 Patris
1648 3467 1985 3526 sempiternus
2007 3477 2059 3513 es
2081 3464 2241 3511 Filus.

1355 3530 1433 3577 Tu
1483 3530 1543 3577 ad
1592 3529 1909 3578 liberandum
1953 3530 2275 3585 suscepturus
