2910 4457
525 418 608 485 9⁰
1196 437 1364 479 rann
1403 435 1610 478 raam
1651 434 1722 475 ss‘r
1763 434 1978 485 Qum-n

537 552 647 603 eto:
698 552 840 604 sedes
885 561 1035 612 super
1080 552 1293 601 domum
1344 552 1527 601 David.

600 615 792 674 Rogate
810 625 921 673 quae
943 614 1003 661 ad
1020 625 1190 673 pacem
1213 619 1335 663 sunt
1345 614 1528 663 Hieru-

537 675 692 725 salem
709 679 782 725 :et
791 675 1105 724 abundantia
1116 676 1448 736 diligentibus
1460 681 1525 725 te.

602 736 716 785 Fiat
740 749 833 795 pax
865 736 918 783 in
942 737 1128 785 virtute
1149 742 1268 787 tua:
1292 743 1341 786 et
1361 738 1527 786 abun-

538 799 712 848 dantia
734 798 789 845 in
812 797 1042 846 turribus
1064 800 1186 847 tuis·

600 860 812 919 Propter
845 859 1026 908 fratres
1045 873 1182 909 meos
1207 864 1256 908 et
1276 860 1531 920 proximos

539 932 709 971 meos:
732 921 970 981 loquebar
989 934 1162 981 pacem
1183 922 1244 970 de
1262 927 1336 971 te:

601 983 810 1042 Propter
834 983 1045 1032 domum
1079 984 1184 1032 Dr‘ii
1211 984 1307 1032 Dei
1335 982 1530 1033 nostri:

540 1045 751 1106 quaesivi
768 1045 898 1092 bona
920 1045 1029 1093 tibi.

603 1107 776 1156 Gloria
811 1106 971 1155 Patri.
994 1107 1058 1155 A.
1090 1107 1151 1154 In
1184 1106 1395 1155 domum
1426 1105 1530 1156 Dr'ii

539 1168 766 1218 laetantes
782 1168 988 1215 ibimus.

821 1228 1064 1276 Psalmus
1083 1227 1248 1290 cxxij.

630 1291 661 1339 d
683 1293 732 1338 te
752 1290 914 1338 levavi
933 1291 1103 1339 oculos
1134 1302 1302 1340 meos:
1323 1290 1415 1350 qui
1440 1289 1532 1339 ha-

630 1351 761 1400 bitas
777 1352 830 1399 in
851 1352 1007 1400 coelis.

605 1412 730 1461 Ecce
743 1414 875 1461 sicut
890 1413 1023 1461 oculi
1043 1424 1304 1461 servorum
1322 1429 1336 1463 :
1352 1412 1407 1461 in
1427 1424 1533 1461 ma-

542 1474 695 1525 nibus
717 1475 1043 1524 dominorum
1068 1487 1300 1523 suorum.

605 1536 746 1585 Sicut
789 1536 920 1585 oculi
961 1537 1156 1585 ancillae
1199 1538 1251 1584 in
1292 1534 1534 1584 manibus

540 1597 762 1646 dominae
797 1610 903 1646 suae
936 1614 950 1649 ε
987 1599 1057 1647 ita
1099 1598 1231 1647 oculi
1267 1598 1427 1646 nostri
1469 1598 1532 1645 ad

541 1659 681 1708 Dr’un
713 1660 877 1708 Deum
914 1665 1164 1719 nostrum,
1197 1660 1354 1709 donec
1378 1659 1534 1707 mise-

541 1724 714 1769 reatur
728 1721 906 1769 nostri.

603 1782 847 1831 Miserere
899 1782 1058 1830 nostri
1100 1781 1237 1840 Due,
1293 1781 1534 1830 miserere

541 1843 734 1892 nostri:
756 1843 875 1902 quia
896 1843 1120 1890 multum
1154 1842 1331 1903 repleti
1350 1855 1533 1892 sumus

541 1904 855 1963 despectione
875 1919 888 1953 :

606 1964 741 2025 Quia
777 1965 1000 2014 multum
1034 1965 1219 2024 repleta
1255 1971 1330 2014 est
1358 1966 1531 2014 anima

542 2032 715 2075 nostra
728 2064 742 2088 ‚
775 2027 1101 2087 opprobrium
1123 2028 1533 2077 abundantibus:

542 2094 591 2138 et
609 2088 858 2149 despectio
878 2089 1127 2147 superbis,

606 2150 781 2200 Gloria
813 2151 976 2201 Patri.
1011 2151 1074 2199 A.
1108 2150 1213 2211 Qui
1244 2151 1442 2201 habitas
1477 2151 1533 2199 in

542 2213 699 2275 coeliS,
721 2214 959 2263 miserere
982 2213 1146 2263 nobis.

805 2276 1050 2324 Psalmus
1081 2275 1265 2337 cmxiii.

542 2337 699 2448 Nisi
722 2338 843 2398 quia
862 2338 973 2386 Diis
993 2342 1097 2385 erat
1119 2338 1173 2384 in
1204 2337 1374 2396 nobiS‚
1397 2337 1534 2386 dicat

637 2411 774 2447 nunc
798 2399 952 2447 Israel
978 2413 991 2448 :
1021 2399 1123 2446 nisi
1144 2399 1264 2460 quia
1285 2400 1394 2448 Diis
1425 2402 1535 2449 erat

541 2458 598 2507 in
629 2461 775 2509 nobis
799 2475 812 2509 :

606 2519 735 2570 Gum
759 2527 1055 2582 exurgerent
1076 2521 1309 2570 homines
1328 2522 1382 2570 in
1406 2532 1533 2571 nos:

543 2582 670 2633 rorte
690 2583 830 2631 vivos
843 2584 1174 2644 deglutissent
1194 2595 1314 2632 nos:

606 2642 738 2696 Cdm
769 2646 1066 2695 irasceretur
1101 2644 1239 2693 furor
1271 2656 1451 2701 eorum
1478 2643 1533 2691 in

542 2720 665 2757 nos:
688 2706 896 2756 forsitan
918 2720 1050 2769 aqua
1066 2707 1406 2756 absorbuisset
1422 2718 1533 2754 nos.

607 2770 902 2819 Torrentem
973 2769 1299 2830 pertransivit
1361 2769 1534 2817 anima

540 2838 714 2880 nostra
732 2832 970 2882 :forsitan
994 2833 1347 2892 pertransisset
1359 2830 1534 2879 anima

543 2898 717 2941 nostra
739 2905 925 2953 aquam
950 2893 1335 2943 intolerabilem.

606 2953 907 3002 Benedictus
947 2955 1080 3013 Diis,
1122 2956 1212 3014 qui
1255 2966 1356 3002 non
1395 2952 1536 3001 dedit

542 3025 667 3063 nos:
689 3015 741 3062 in
766 3015 1047 3073 captionem
1076 3015 1315 3063 dentibus
1334 3027 1533 3063 eorum.

605 3074 799 3123 Anima
822 3080 991 3122 nostra
1017 3076 1149 3123 sicut
1166 3088 1336 3134 passer
1365 3080 1530 3135 erepta

542 3143 649 3189 est:
670 3138 732 3186 de
756 3137 930 3197 laqueo
951 3137 1282 3186 venantium:

604 3200 839 3259 Laqueus
859 3199 1108 3247 contritus
1128 3202 1232 3248 est:
1266 3202 1315 3247 et
1341 3209 1434 3247 nos
1464 3197 1535 3247 li-

542 3262 703 3311 berati
724 3273 923 3309 sumus,

605 3322 940 3382 Adiutorium
971 3326 1203 3370 nostrum
1241 3322 1294 3370 in
1326 3322 1533 3372 nomine

542 3385 673 3436 Dni:
695 3385 784 3445 qui
802 3383 914 3432 fecit
933 3385 1113 3434 coelum
1133 3390 1180 3433 et
1197 3390 1405 3434 terram.

606 3446 779 3498 Gloria
800 3447 958 3497 Patri.
981 3448 1044 3495 A.
1067 3446 1400 3506 Adjutorium
1421 3458 1533 3496 nos-

542 3513 682 3559 trum
710 3508 764 3559 in
782 3509 989 3559 nomine
1008 3508 1128 3558 Dni.

1886 548 2128 603 Psalmus
2146 550 2350 613 cxc-viiij.

1627 610 1769 735 Qui
1790 610 2053 660 confidunt
2073 612 2127 660 in
2147 613 2278 672 Dr'io,
2307 614 2440 662 sieut
2467 626 2623 664 mons

1714 672 1833 720 Sion
1847 688 1861 722 :
1874 685 1974 720 non
1993 676 2392 724 commovebitur
2407 676 2462 723 in
2480 682 2624 726 aeter-

1628 746 1754 781 num
1778 734 1866 793 qui
1892 734 2157 782 habitatin
2178 737 2521 786 Hierusalem.

1689 795 1889 845 Montes
1909 796 1961 843 in
1983 797 2198 845 circuitu
2213 799 2341 859 ejuS‚
2362 804 2413 848 et
2430 800 2541 848 Diis
2564 799 2621 848 in

1626 856 1841 904 circuitu
1864 858 2033 916 populi
2054 859 2165 909 sui:
2191 872 2246 908 ex
2270 860 2362 909 boc
2379 874 2535 921 nunc,
2570 867 2623 912 et

1626 929 1787 977 usque
1809 918 1861 965 in
1877 919 2138 968 saeculum.

1691 979 1824 1038 Quia
1857 993 1958 1027 non
1996 983 2243 1042 relinquet
2275 983 2386 1032 Dr‘is
2416 984 2622 1045 virgam

1626 1047 1940 1100 peccatorum
1962 1055 2112 1102 super
2132 1050 2316 1093 sortem
2333 1046 2620 1105 Justorum:

1627 1107 1685 1149 ut
1711 1116 1812 1150 non
1840 1105 2108 1152 extendant
2122 1106 2253 1165 Justi
2283 1108 2346 1155 ad
2372 1108 2620 1168 iniquita-

1626 1168 1728 1212 tem
1753 1177 1940 1212 manus
1958 1178 2094 1214 suaS.

1692 1225 1902 1274 Benesac
1914 1226 2023 1275 Dr'ie
2036 1243 2049 1276 :
2066 1227 2212 1277 bonis
2226 1233 2272 1277 et
2290 1230 2438 1279 rectis
2451 1230 2616 1279 corde.

1690 1287 2012 1336 Declinantes
2022 1295 2192 1338 autem
2205 1290 2255 1338 in
2268 1291 2616 1352 obligationes,

1628 1348 1841 1396 adducet
1874 1350 1985 1397 Diis
2013 1363 2132 1398 cum
2157 1355 2483 1411 operantibus
2516 1353 2618 1402 ini·

1628 1410 1905 1469 quitatem:
1928 1423 2020 1469 pax
2041 1424 2193 1471 super
2221 1415 2396 1463 lsrael.

1691 1471 1864 1520 Gloria
1909 1472 2069 1521 Patri.
2115 1475 2179 1523 A.
2226 1476 2437 1526 Benefac
2475 1477 2613 1537 Due,

1628 1532 1775 1581 bonis
1788 1538 1835 1581 et
1850 1534 1998 1582 rectis
2013 1535 2176 1585 corde.

1910 1657 2152 1705 Psalmus
2182 1670 2337 1707 cxxv.

1683 1729 1716 1764 n
1759 1721 2090 1768 convertendo
2129 1721 2239 1768 Dr‘is
2276 1721 2618 1779 captivitatem

1681 1778 1799 1826 Sion
1823 1795 1835 1828 :
1863 1779 1975 1829 sacti
1998 1794 2179 1830 sumus
2207 1782 2338 1831 sicut
2357 1784 2617 1834 consolati.

1692 1840 1836 1889 Tunc
1864 1843 2107 1902 repletum
2131 1850 2204 1892 est
2226 1845 2411 1904 gaudio
2431 1858 2487 1893 os
2507 1859 2621 1895 nos·

1629 1904 1769 1949 trum
1791 1917 1803 1951 :
1830 1907 1878 1951 et
1909 1904 2082 1965 lingua
2106 1910 2275 1953 nostra
2295 1907 2617 1958 exultatione.

1692 1963 1838 2012 Tunc
1856 1965 2024 2015 dicent
2045 1967 2176 2015 inter
2193 1967 2403 2025 Gentes:
2419 1970 2620 2030 Magni-

1629 2023 1799 2074 ficavit
1817 2027 1925 2075 Diis
1948 2026 2106 2076 facere
2120 2041 2237 2077 cum
2254 2030 2344 2078 eis.

1693 2087 2041 2147 Magnificavit
2090 2090 2200 2139 Dus
2244 2090 2403 2141 facere
2448 2093 2620 2142 nobis-

1629 2160 1748 2196 cum
1766 2164 1779 2198 :
1802 2150 1915 2198 facti
1930 2163 2111 2200 sumus
2125 2152 2231 2200 laeta
2239 2158 2366 2201 ntes.

1692 2209 2004 2273 Convertere,
2017 2213 2143 2273 Dite,
2155 2214 2493 2273 captivitatem
2506 2228 2619 2266 nos-

1629 2276 1762 2321 tram
1782 2289 1794 2323 :
1816 2275 1946 2323 sicut
1966 2280 2162 2324 torrens
2180 2277 2234 2324 in
2258 2278 2469 2326 Austro.

1693 2334 1796 2393 Qui
1833 2338 2089 2385 seminant
2124 2338 2177 2385 in
2213 2338 2523 2399 lachrymis:
2559 2339 2613 2388 in

1629 2398 1932 2446 exultatione
1954 2404 2158 2448 metent.

1692 2457 1884 2508 Euntes
1900 2461 2041 2509 ibant
2055 2466 2103 2510 et
2123 2461 2309 2510 flebant
2325 2477 2338 2511 :
2358 2461 2618 2513 mittentes

1629 2520 1825 2568 semina
1850 2534 1960 2571 sua.

1693 2580 1966 2632 Venientes
2021 2589 2189 2632 autem
2243 2584 2447 2633 venient
2497 2597 2620 2636 cum

1631 2643 1970 2695 exultatione:
2023 2650 2279 2707 portantes
2330 2647 2625 2708 manipulos

1630 2715 1769 2753 suos,

1694 2767 1865 2816 Gloria
1880 2768 2041 2818 Patri.
2060 2770 2123 2817 A.
2142 2769 2282 2818 Facti
2293 2781 2479 2819 sumus
2491 2771 2627 2820 sicut

1630 2830 1890 2878 consolati.

1699 2892 1824 2952 Cap.
1850 2892 1961 2940 Diis
1974 2897 2161 2940 autem.
2182 2892 2248 2952 (p.
2265 2890 2369 2953 88.)

1693 2955 1739 3000 A
1782 2954 1892 3002 Dr‘ie
1928 2966 1991 3002 ne
2027 2954 2080 3000 in
2117 2955 2191 3002 ira
2231 2966 2385 3016 usque
2418 2954 2492 3004 ad

1994 3014 2257 3075 Hymnus.

1635 3075 1897 3184 Telluris
1922 3076 2103 3137 ingens
2119 3076 2377 3138 Conditor,

1722 3138 1908 3188 Mundi
1930 3139 2095 3186 solum
2118 3139 2208 3197 qui
2229 3151 2431 3199 eruens,

1630 3198 1801 3247 Pulsis
1820 3211 1963 3259 aquae
1985 3199 2247 3259 molestiiS‚

1629 3259 1840 3309 Terram
1856 3261 2038 3310 dedisti
2053 3261 2365 3311 immobilem
2385 3275 2399 3309 :

1691 3323 1759 3370 Ut
1782 3335 1987 3382 germen
2005 3328 2180 3382 aptum
2206 3324 2480 3384 proferens,

1629 3383 1806 3432 Fulvis
1821 3385 1996 3432 decora
2015 3385 2239 3443 floribuS‚

1629 3445 1882 3494 Foecunda
1901 3445 2065 3493 fructu
2086 3446 2301 3503 sisteret,

1627 3508 1937 3568 Pastumque
1953 3513 2155 3568 gratum
2174 3509 2400 3557 redderet
2424 3523 2437 3557 :

2529 2967 2622 3016 110,
