2910 4457
617 336 694 398 16
1291 357 1364 397 Ao
1405 354 1614 396 tiones
1654 355 1724 394 tr
1764 354 2004 394 enimn.

677 470 921 522 Miserere
978 469 1138 519 nostri
1177 469 1313 530 Diie,
1359 469 1601 519 miserere

616 533 777 582 nostri
798 549 811 582 ε
833 533 955 594 quia
976 533 1196 581 multum
1224 532 1396 592 repleti
1417 544 1601 581 sumus

615 595 945 654 despectione.

678 658 810 716 Quia
845 656 1066 703 multum
1100 655 1283 714 repleta
1314 660 1389 704 aet
1426 656 1600 704 anima

618 724 788 766 nostra
809 718 1167 777 :opprobrium
1186 718 1566 766 abundantibus
1583 754 1598 778 ,

616 786 664 828 et
679 781 925 838 despectio
946 780 1195 838 superbis.

677 842 848 890 Gloria
860 842 1018 889 Patri.
1031 842 1188 901 Kyric
1197 840 1604 889 eleison.Cbriste.

616 903 823 953 eleison.
846 903 1004 963 Kyme
1023 904 1226 951 eleison.
1242 904 1390 952 Pater
1411 909 1598 951 noster.

680 965 744 1013 Et
770 978 831 1013 ne
855 979 965 1014 nos.
994 965 1088 1013 Sed
1114 966 1286 1014 libera.

678 1027 877 1087 Exurge
886 1028 1011 1087 Bne,
1029 1027 1212 1086 adjuva
1235 1039 1344 1075 nos.
1366 1026 1429 1075 Et
1446 1026 1603 1074 libera

620 1101 711 1137 nos
735 1096 932 1149 propter
958 1102 1138 1137 nomen
1157 1094 1304 1135 tuum

679 1151 895 1199 Domine
925 1152 1061 1198 Deus
1087 1150 1338 1197 virtutum
1369 1153 1603 1197 converte

617 1223 728 1283 nos.
739 1212 798 1259 Et
812 1213 1017 1260 ostende
1035 1211 1212 1260 faciem
1230 1216 1391 1271 tuam,
1410 1216 1459 1260 et
1474 1210 1603 1260 salvi

617 1285 830 1321 erimuS.

677 1334 787 1383 Dne
801 1334 997 1383 exaudi.
1015 1334 1080 1383 Et
1096 1335 1304 1383 elamor.

680 1396 933 1445 Dominus
956 1397 1233 1445 vobiscum.
1257 1396 1322 1445 Et
1353 1409 1471 1445 cum
1498 1395 1605 1455 Spi-

616 1456 720 1505 ritu
745 1462 850 1506 tuo.
1404 1458 1600 1507 Oratio·

678 1519 910 1568 Ecclesiae
932 1525 1030 1568 tuae
1052 1532 1349 1581 quaesumus
1369 1521 1480 1568 Dne
1499 1532 1604 1579 pre-

616 1595 697 1631 ces
727 1582 952 1641 placatus
983 1583 1217 1643 admitte3
1250 1587 1305 1629 ut
1335 1582 1605 1630 destructis

616 1644 1008 1692 adversitatibus
1037 1649 1085 1690 et
1116 1644 1375 1691 erroribus
1397 1644 1605 1690 univer-

615 1705 714 1761 siS‚
747 1704 922 1752 secura
955 1705 1045 1752 tibi
1068 1705 1252 1751 serviat
1284 1705 1533 1765 libertate3
1556 1708 1604 1752 et

617 1777 786 1825 pacem
811 1770 951 1812 tuam
976 1766 1163 1814 nostris
1183 1766 1394 1815 concede
1414 1770 1606 1827 tempo-

618 1828 778 1875 ribus·
802 1827 897 1875 Per
919 1827 1075 1876 Dnm.

898 1919 994 1969 AI)
1025 1917 1330 1971 PRIMAM.

978 1997 1242 2058 Hymnus.

621 2086 776 2188 Jam
804 2075 934 2124 lucis
953 2081 1063 2123 orto
1078 2076 1241 2125 sidere

693 2138 857 2186 Deum
879 2150 1138 2197 precemur
1153 2138 1437 2199 suppliceS,

617 2200 685 2249 Ut
707 2199 760 2248 in
782 2200 985 2249 diurnis
1005 2199 1202 2250 actibus

615 2262 721 2311 Nos
735 2268 897 2310 servet
914 2275 942 2310 a
962 2263 1273 2310 nocentibuS.

678 2323 931 2382 Linguam
955 2323 1230 2372 refraenans
1243 2327 1508 2385 temperet,

616 2385 691 2433 Ne
707 2385 811 2432 litis
828 2385 1005 2431 horror
1020 2385 1219 2432 insonet
1238 2400 1250 2434 :

616 2445 802 2493 Visum
823 2444 1030 2492 fovendo
1048 2450 1303 2505 contegat,

615 2506 691 2557 Ne
706 2506 957 2554 vanitates
974 2506 1195 2554 hauriat.

678 2567 792 2616 Sint
809 2580 935 2628 pura
958 2569 1126 2616 cordis
1144 2568 1353 2631 intima3

616 2629 848 2679 Absistat
863 2635 911 2679 et
936 2630 1165 2679 vecordia
1187 2645 1200 2680 :

617 2692 798 2742 Carnis
815 2697 941 2741 terat
957 2693 1246 2752 superbiam

616 2755 774 2802 Potus
789 2756 988 2815 cibique
1009 2756 1243 2814 parcitaS.

679 2817 748 2863 Ut
768 2815 885 2863 cum
903 2817 1011 2865 dies
1032 2816 1352 2875 abscesserit,

616 2876 921 2935 Noctemque
936 2889 1045 2924 sors
1060 2878 1337 2935 reduxerit,

617 2937 801 2986 Mundi
821 2949 907 2996 per
923 2937 1282 2986 abstinentiam

614 2999 719 3058 Ipsi
735 3009 979 3046 canamus
997 2999 1229 3057 gloriam.

678 3060 782 3107 Deo
806 3060 947 3107 Patri
968 3061 1034 3108 sit
1053 3060 1237 3119 gloria,

615 3121 843 3181 Ejnsque
857 3122 950 3170 soli
974 3122 1103 3170 Filio
1117 3157 1130 3181 ‚

616 3182 747 3232 Cum
765 3183 957 3242 Spiritu
976 3182 1222 3232 Paraclito
1234 3218 1247 3243 ,

616 3243 682 3294 Et
700 3257 839 3292 nunc
853 3250 900 3294 et
923 3246 975 3293 in
1000 3250 1315 3306 perpetuum.
1350 3244 1538 3292 Amen.

915 3307 1157 3355 Psalmus
1186 3307 1306 3367 aeoej.

616 3379 798 3479 Deus
818 3367 952 3418 Deus
982 3382 1128 3419 meus
1140 3406 1152 3429 ‚
1185 3369 1370 3429 respice
1405 3367 1458 3415 in
1485 3379 1568 3418 me
1586 3405 1600 3429 ,

706 3442 864 3492 quare
881 3430 1308 3493 medereliquisti‘t
1322 3432 1469 3491 longe
1483 3443 1512 3479 a
1529 3444 1605 3481 sa-

1695 470 1799 519 lute
1821 481 1930 518 mea
1953 469 2104 518 verba
2120 469 2417 518 delictorum
2435 481 2692 519 meorum.

1758 532 1894 580 Deus
1909 544 2072 592 meuS,
2100 532 2324 580 clamabo
2350 544 2438 591 per
2454 533 2618 592 diem,
2648 537 2699 581 et

1696 605 1799 641 non
1816 594 2050 642 exaudies
2070 610 2083 644 ε
2100 598 2145 640 et
2163 598 2330 652 nocte,
2351 598 2399 641 et
2418 606 2519 643 non
2536 595 2599 643 ad
2616 594 2699 642 in-

1696 654 1987 714 sipientiam
2011 655 2158 703 mibi.

1696 777 1721 826 Ι
1762 717 1848 826 Tul
1862 723 2029 766 autem
2049 717 2101 764 in
2126 721 2297 765 sancto
2309 717 2510 765 habitas
2529 733 2542 768 ε
2559 718 2699 766 Laus

1721 781 1832 828 srae
1856 814 1868 826 .

1759 841 1819 888 In
1850 845 1897 888 te
1927 845 2256 899 speraverunt
2286 844 2456 900 patres
2484 840 2649 888 nostri
2682 857 2696 891 ε

1696 907 2027 963 speraverunt
2043 939 2055 961 ,
2081 907 2129 950 et
2147 902 2370 951 liberasti
2386 914 2487 951 eoS.

1761 965 1844 1013 Ad
1869 970 1915 1012 te
1937 965 2310 1023 clamaverunt,
2341 970 2389 1013 et
2415 964 2544 1012 salvi
2577 964 2700 1014 facti

1697 1031 1819 1075 sunt
1846 1042 1859 1076 ι
1879 1026 1932 1074 in
1948 1031 1995 1074 te
2010 1031 2365 1086 speraverunt,
2390 1031 2438 1075 et
2454 1039 2556 1075 non
2573 1032 2700 1075 sunt

1697 1087 1912 1136 confusi.

1760 1150 1867 1210 Ego
1902 1154 2071 1197 autem
2104 1162 2222 1197 sum
2254 1150 2471 1208 vermiS‚
2511 1153 2560 1199 et
2591 1162 2694 1198 non

1697 1212 1878 1260 homo:
1900 1211 2226 1271 opprobrium
2243 1212 2531 1272 hominum,
2550 1216 2598 1261 et
2613 1213 2700 1261 ab·

1693 1274 1844 1335 jectio
1866 1274 2043 1332 plebis.

1761 1334 1953 1384 Omnes
2002 1336 2245 1384 videntes·
2274 1347 2359 1384 me
2408 1335 2701 1384 deriserunt

1699 1410 1813 1445 me:
1838 1397 1989 1445 locuti
2004 1401 2124 1445 sunt
2141 1396 2306 1456 labiiS,
2343 1402 2392 1445 et
2423 1402 2700 1446 moverunt

1698 1463 1865 1518 caput.

1764 1520 1992 1579 speravit
2026 1520 2076 1568 in
2115 1520 2255 1581 Di103
2305 1519 2484 1578 eripiat
2523 1532 2645 1568 eum
2685 1536 2700 1571 z

1700 1582 1900 1630 salvum
1940 1582 2087 1630 faciat
2124 1594 2269 1641 eum,
2303 1582 2546 1641 quoniam
2584 1583 2701 1631 vult

1698 1655 1836 1693 eum.

1763 1703 2018 1764 Quoniam
2042 1711 2097 1752 tu
2132 1718 2186 1753 es
2215 1705 2304 1765 qui
2327 1704 2581 1753 extraxisti
2611 1718 2701 1756 me

1699 1766 1763 1815 de
1807 1771 2003 1828 ventre3
2053 1779 2166 1826 spes
2205 1780 2317 1815 mea
2357 1767 2420 1814 ab
2454 1766 2703 1817 uberibus

1701 1828 1881 1876 matris
1897 1841 2020 1878 meae
2041 1844 2053 1877 ε
2077 1828 2130 1876 in
2154 1834 2202 1876 te
2224 1828 2472 1890 projectus
2495 1840 2613 1877 sum
2636 1842 2698 1879 ex

1701 1894 1862 1938 utero.

1764 1951 1837 2000 De
1860 1957 2032 2000 ventre
2052 1952 2234 2000 matris
2259 1964 2382 2000 meae
2397 1952 2535 2001 Deus
2550 1964 2702 2003 meus

1703 2018 1825 2062 estu
1846 2028 1859 2063 z
1883 2026 1945 2061 ne
1961 2013 2248 2062 discesseris
2263 2027 2291 2062 a
2309 2026 2407 2062 me.

1765 2074 2020 2135 Quoniam
2049 2076 2308 2124 tribulatio
2332 2075 2560 2134 proxima
2580 2081 2660 2125 oet
2685 2093 2700 2127 z

1702 2138 1946 2196 quoniam
1968 2149 2066 2184 non
2081 2142 2155 2185 est
2175 2137 2265 2197 qui
2281 2136 2505 2197 adjuvet.
2690 2193 2693 2196 ,

1765 2197 2200 2248 circundederunt
2232 2211 2313 2248 me
2335 2199 2485 2248 vituli
2508 2199 2698 2252 multi}

1701 2261 1836 2308 tauri
1859 2261 2073 2321 pingues
2088 2262 2388 2310 obsederunt
2406 2273 2506 2309 me.

1766 2322 2092 2381 Aperuerunt
2118 2335 2268 2383 super
2291 2335 2373 2371 me
2405 2336 2462 2371 os
2492 2334 2652 2373 suum
2684 2338 2699 2375 t

1702 2383 1833 2431 sicut
1848 2384 1921 2431 leo
1937 2385 2140 2443 rapiens
2154 2390 2202 2432 et
2218 2384 2445 2444 rugiens.

1767 2445 1909 2493 Sicut
1939 2458 2070 2506 aqua
2100 2447 2294 2494 effusus
2327 2458 2475 2496 sum:
2507 2451 2557 2495 et
2593 2447 2704 2497 dis-

1701 2519 1844 2567 persa
1860 2513 1981 2555 sunt
2002 2509 2174 2556 omnia
2186 2521 2296 2557 ossa
2310 2520 2441 2556 mea.

1766 2568 1975 2616 Factum
2015 2575 2090 2617 est
2121 2583 2205 2619 cor
2237 2582 2409 2618 meum
2449 2573 2701 2629 tanquam

1702 2642 1814 2702 cera
1848 2630 2125 2690 liquescens
2159 2648 2173 2682 z
2207 2633 2261 2680 in
2298 2632 2465 2680 medio
2502 2633 2703 2681 ventris

1701 2704 1821 2740 mel.

1764 2752 1921 2802 Aruit
1942 2759 2187 2814 tanquam
2209 2759 2335 2803 testa
2358 2754 2525 2802 virtus
2554 2767 2700 2815 mea,

1701 2819 1751 2864 et
1766 2816 1938 2875 lingua
1949 2828 2061 2864 mea
2072 2816 2283 2864 adbaesit
2299 2816 2531 2864 faucibus
2541 2818 2705 2868 meis:

1701 2881 1751 2925 et
1773 2878 1824 2924 in
1845 2877 2099 2936 pulverem
2128 2879 2307 2926 mortis
2327 2878 2581 2927 deduxisti
2597 2892 2706 2929 me.

1766 2938 2021 2999 Quoniam
2057 2940 2481 2989 circundederunt
2509 2952 2596 2988 me
2620 2954 2709 2990 ca-

1701 3010 1792 3048 nes
1808 3001 1956 3048 multi
1974 3017 1987 3049 :
2005 3002 2277 3050 concilium
2293 3001 2702 3062 malignantium

1702 3060 1893 3110 obsedit
1914 3075 2013 3111 me.

1765 3124 2021 3173 Foderunt
2063 3136 2251 3172 manus
2287 3136 2428 3172 meas
2463 3129 2513 3173 et
2548 3126 2712 3187 pedes

1700 3197 1839 3234 meos
1871 3186 2359 3236 :dinumeraverunt
2386 3187 2561 3234 omnia
2583 3200 2712 3238 ossa

1699 3259 1830 3296 mea.
2256 3261 2258 3263 ’

1761 3309 1866 3369 Ipsi
1912 3321 2029 3357 vero
2065 3309 2511 3359 consideraverunt
2540 3314 2591 3359 et
2615 3311 2712 3360 in-

1698 3375 1967 3431 spexerunt
1982 3383 2064 3419 me
2088 3386 2101 3420 :
2122 3372 2406 3420 diviserunt
2426 3372 2526 3420 sibi
2543 3374 2714 3423 vesti-

1699 3437 1869 3483 menta
1892 3444 2030 3491 mea,
2058 3437 2105 3481 et
2124 3445 2277 3494 super
2307 3440 2498 3484 vestem
2522 3446 2707 3484 meam

1699 3495 1952 3544 miserunt
1966 3499 2172 3544 sortem.
