<?xml version="1.0" encoding="UTF-8"?>
<!DOCTYPE html PUBLIC "-//W3C//DTD XHTML 1.0 Transitional//EN"
    "http://www.w3.org/TR/xhtml1/DTD/xhtml1-transitional.dtd">
<html xmlns="http://www.w3.org/1999/xhtml" xml:lang="en" lang="en">
 <head>
  <title>
</title>
<meta http-equiv="Content-Type" content="text/html;charset=utf-8" />
  <meta name='ocr-system' content='tesseract 3.04.00' />
  <meta name='ocr-capabilities' content='ocr_page ocr_carea ocr_par ocr_line ocrx_word'/>
</head>
<body>
  <div class='ocr_page' id='page_1' title='image "./portiforiiseubr00cathgoog_0243.png"; bbox 0 0 2910 4457; ppageno 0'>
   <div class='ocr_carea' id='block_1_1' title="bbox 890 408 2309 466">
    <p class='ocr_par' dir='ltr' id='par_1_1' title="bbox 890 408 2309 466">
     <span class='ocr_line' id='line_1_1' title="bbox 890 408 2309 466; baseline 0.001 -2"><span class='ocrx_word' id='word_1_1' title='bbox 890 424 964 464; x_wconf 72' lang='lat' dir='ltr'><em>Au</em></span> <span class='ocrx_word' id='word_1_2' title='bbox 1005 424 1160 464; x_wconf 64' lang='lat' dir='ltr'><em>vast.</em></span> <span class='ocrx_word' id='word_1_3' title='bbox 1206 425 1248 463; x_wconf 87' lang='lat'><em>1.</em></span> <span class='ocrx_word' id='word_1_4' title='bbox 1292 425 1361 464; x_wconf 77' lang='lat' dir='ltr'><em>m·</em></span> <span class='ocrx_word' id='word_1_5' title='bbox 1402 424 1601 464; x_wconf 70' lang='lat' dir='ltr'><em>conpr..</em></span> <span class='ocrx_word' id='word_1_6' title='bbox 1663 441 1668 444; x_wconf 22' lang='grc' dir='ltr'><strong>Δ</strong></span> <span class='ocrx_word' id='word_1_7' title='bbox 2271 408 2309 466; x_wconf 84' lang='grc'><strong>3</strong></span> 
     </span>
    </p>
   </div>
   <div class='ocr_carea' id='block_1_2' title="bbox 193 534 1231 3618">
    <p class='ocr_par' dir='ltr' id='par_1_2' title="bbox 197 534 1230 660">
     <span class='ocr_line' id='line_1_2' title="bbox 197 534 1230 597; baseline 0 -11"><span class='ocrx_word' id='word_1_8' title='bbox 197 536 272 586; x_wconf 78' lang='lat' dir='ltr'><em>Et</em></span> <span class='ocrx_word' id='word_1_9' title='bbox 307 548 449 585; x_wconf 87' lang='lat' dir='ltr'><em>cum</em></span> <span class='ocrx_word' id='word_1_10' title='bbox 488 536 673 595; x_wconf 86' lang='lat' dir='ltr'><em>spiritu</em></span> <span class='ocrx_word' id='word_1_11' title='bbox 705 534 831 597; x_wconf 84' lang='lat' dir='ltr'><em>tuo.]</em></span> <span class='ocrx_word' id='word_1_12' title='bbox 873 540 924 584; x_wconf 89' lang='lat' dir='ltr'><em>et</em></span> <span class='ocrx_word' id='word_1_13' title='bbox 951 535 1230 586; x_wconf 84' lang='lat' dir='ltr'><em>Benedica-</em></span> 
     </span>
     <span class='ocr_line' id='line_1_3' title="bbox 199 597 975 660; baseline -0.001 -13"><span class='ocrx_word' id='word_1_14' title='bbox 199 610 334 647; x_wconf 87' lang='lat' dir='ltr'><em>mus</em></span> <span class='ocrx_word' id='word_1_15' title='bbox 354 599 505 647; x_wconf 69' lang='lat' dir='ltr'><em>Dino.</em></span> <span class='ocrx_word' id='word_1_16' title='bbox 531 597 614 660; x_wconf 77' lang='lat'><em>[132.</em></span> <span class='ocrx_word' id='word_1_17' title='bbox 630 598 733 645; x_wconf 88' lang='lat' dir='ltr'><em>Deo</em></span> <span class='ocrx_word' id='word_1_18' title='bbox 749 597 975 659; x_wconf 60' lang='lat' dir='ltr'><em>gratias]</em></span> 
     </span>
    </p>

    <p class='ocr_par' dir='ltr' id='par_1_3' title="bbox 197 659 1230 964">
     <span class='ocr_line' id='line_1_4' title="bbox 269 659 1230 721; baseline -0.002 -12"><span class='ocrx_word' id='word_1_19' title='bbox 269 660 455 710; x_wconf 81' lang='lat' dir='ltr'><em>Nulla</em></span> <span class='ocrx_word' id='word_1_20' title='bbox 484 659 577 721; x_wconf 79' lang='lat' dir='ltr'><em>fiat</em></span> <span class='ocrx_word' id='word_1_21' title='bbox 598 660 852 720; x_wconf 71' lang='lat' dir='ltr'><em>processio</em></span> <span class='ocrx_word' id='word_1_22' title='bbox 884 665 1004 708; x_wconf 85' lang='lat' dir='ltr'><em>ante</em></span> <span class='ocrx_word' id='word_1_23' title='bbox 1033 671 1230 707; x_wconf 78' lang='lat' dir='ltr'><em>crucem</em></span> 
     </span>
     <span class='ocr_line' id='line_1_5' title="bbox 198 720 1229 782; baseline -0.002 -13"><span class='ocrx_word' id='word_1_24' title='bbox 198 723 298 770; x_wconf 75' lang='lat' dir='ltr'><em>hoc</em></span> <span class='ocrx_word' id='word_1_25' title='bbox 320 720 549 769; x_wconf 81' lang='lat' dir='ltr'><em>sabbato</em></span> <span class='ocrx_word' id='word_1_26' title='bbox 569 723 639 769; x_wconf 87' lang='lat' dir='ltr'><em>ad</em></span> <span class='ocrx_word' id='word_1_27' title='bbox 658 733 912 782; x_wconf 87' lang='lat' dir='ltr'><em>vesperas,</em></span> <span class='ocrx_word' id='word_1_28' title='bbox 942 734 1032 769; x_wconf 88' lang='lat' dir='ltr'><em>nec</em></span> <span class='ocrx_word' id='word_1_29' title='bbox 1051 720 1229 768; x_wconf 76' lang='lat' dir='ltr'><em>abhinc</em></span> 
     </span>
     <span class='ocr_line' id='line_1_6' title="bbox 197 781 1230 845; baseline -0.001 -14"><span class='ocrx_word' id='word_1_30' title='bbox 197 784 388 845; x_wconf 85' lang='lat' dir='ltr'><em>aliquo</em></span> <span class='ocrx_word' id='word_1_31' title='bbox 412 784 525 830; x_wconf 85' lang='lat' dir='ltr'><em>alio</em></span> <span class='ocrx_word' id='word_1_32' title='bbox 541 782 675 831; x_wconf 85' lang='lat' dir='ltr'><em>sabb.</em></span> <span class='ocrx_word' id='word_1_33' title='bbox 692 796 846 845; x_wconf 81' lang='lat' dir='ltr'><em>usque</em></span> <span class='ocrx_word' id='word_1_34' title='bbox 862 785 931 831; x_wconf 80' lang='lat' dir='ltr'><em>ad</em></span> <span class='ocrx_word' id='word_1_35' title='bbox 953 781 1086 830; x_wconf 83' lang='lat' dir='ltr'><em>sabb.</em></span> <span class='ocrx_word' id='word_1_36' title='bbox 1110 788 1230 830; x_wconf 87' lang='lat' dir='ltr'><em>ante</em></span> 
     </span>
     <span class='ocr_line' id='line_1_7' title="bbox 201 845 1228 906; baseline -0.001 -13"><span class='ocrx_word' id='word_1_37' title='bbox 201 851 473 893; x_wconf 81' lang='lat' dir='ltr'><em>octavam</em></span> <span class='ocrx_word' id='word_1_38' title='bbox 510 846 732 905; x_wconf 64' lang='lat' dir='ltr'><em>pascha»,</em></span> <span class='ocrx_word' id='word_1_39' title='bbox 774 848 907 906; x_wconf 84' lang='lat' dir='ltr'><em>quod</em></span> <span class='ocrx_word' id='word_1_40' title='bbox 942 845 1130 893; x_wconf 83' lang='lat' dir='ltr'><em>dicitur</em></span> <span class='ocrx_word' id='word_1_41' title='bbox 1171 845 1228 892; x_wconf 91' lang='lat' dir='ltr'><em>in</em></span> 
     </span>
     <span class='ocr_line' id='line_1_8' title="bbox 199 906 885 964; baseline 0.001 -10"><span class='ocrx_word' id='word_1_42' title='bbox 199 906 375 964; x_wconf 75' lang='lat' dir='ltr'><em>Albis,</em></span> <span class='ocrx_word' id='word_1_43' title='bbox 394 912 453 955; x_wconf 83' lang='lat' dir='ltr'><em>et</em></span> <span class='ocrx_word' id='word_1_44' title='bbox 471 912 595 953; x_wconf 82' lang='lat' dir='ltr'><em>tunc</em></span> <span class='ocrx_word' id='word_1_45' title='bbox 604 906 885 955; x_wconf 76' lang='lat' dir='ltr'><strong><em>inchoetur.</em></strong></span> 
     </span>
    </p>

    <p class='ocr_par' dir='ltr' id='par_1_4' title="bbox 193 968 1231 1520">
     <span class='ocr_line' id='line_1_9' title="bbox 262 968 1230 1030; baseline -0.003 -13"><span class='ocrx_word' id='word_1_46' title='bbox 262 969 401 1017; x_wconf 84' lang='lat' dir='ltr'><em>Hac</em></span> <span class='ocrx_word' id='word_1_47' title='bbox 426 968 515 1016; x_wconf 87' lang='lat' dir='ltr'><em>die</em></span> <span class='ocrx_word' id='word_1_48' title='bbox 549 970 698 1016; x_wconf 80' lang='lat' dir='ltr'><em>nulla</em></span> <span class='ocrx_word' id='word_1_49' title='bbox 729 968 823 1030; x_wconf 80' lang='lat' dir='ltr'><em>fiat</em></span> <span class='ocrx_word' id='word_1_50' title='bbox 851 968 1095 1016; x_wconf 86' lang='lat' dir='ltr'><em>memoria</em></span> <span class='ocrx_word' id='word_1_51' title='bbox 1125 968 1230 1014; x_wconf 82' lang='lat' dir='ltr'><em>nisi</em></span> 
     </span>
     <span class='ocr_line' id='line_1_10' title="bbox 197 1030 1229 1079; baseline -0.002 0"><span class='ocrx_word' id='word_1_52' title='bbox 197 1032 261 1079; x_wconf 86' lang='lat' dir='ltr'><em>de</em></span> <span class='ocrx_word' id='word_1_53' title='bbox 315 1031 533 1079; x_wconf 83' lang='lat' dir='ltr'><em>Sancta</em></span> <span class='ocrx_word' id='word_1_54' title='bbox 571 1030 765 1078; x_wconf 88' lang='lat' dir='ltr'><em>Maria.</em></span> <span class='ocrx_word' id='word_1_55' title='bbox 809 1032 1151 1078; x_wconf 76' lang='lat' dir='ltr'><em>Veruntamen</em></span> <span class='ocrx_word' id='word_1_56' title='bbox 1183 1030 1229 1077; x_wconf 91' lang='lat' dir='ltr'><em>si</em></span> 
     </span>
     <span class='ocr_line' id='line_1_11' title="bbox 193 1090 1228 1153; baseline -0.004 -12"><span class='ocrx_word' id='word_1_57' title='bbox 193 1092 407 1153; x_wconf 82' lang='lat' dir='ltr'><em>festum</em></span> <span class='ocrx_word' id='word_1_58' title='bbox 426 1092 491 1141; x_wconf 89' lang='lat' dir='ltr'><em>S.</em></span> <span class='ocrx_word' id='word_1_59' title='bbox 509 1093 725 1140; x_wconf 82' lang='lat' dir='ltr'><em>Andreae</em></span> <span class='ocrx_word' id='word_1_60' title='bbox 738 1092 969 1153; x_wconf 77' lang='lat' dir='ltr'><em>Apostoli</em></span> <span class='ocrx_word' id='word_1_61' title='bbox 982 1092 1094 1138; x_wconf 77' lang='lat' dir='ltr'><em>huic</em></span> <span class='ocrx_word' id='word_1_62' title='bbox 1115 1090 1228 1138; x_wconf 85' lang='lat' dir='ltr'><em>sab-</em></span> 
     </span>
     <span class='ocr_line' id='line_1_12' title="bbox 196 1154 1227 1216; baseline -0.003 -14"><span class='ocrx_word' id='word_1_63' title='bbox 196 1155 323 1202; x_wconf 82' lang='lat' dir='ltr'><em>bato</em></span> <span class='ocrx_word' id='word_1_64' title='bbox 341 1155 691 1216; x_wconf 87' lang='lat' dir='ltr'><em>proecesserit,</em></span> <span class='ocrx_word' id='word_1_65' title='bbox 707 1156 784 1202; x_wconf 86' lang='lat' dir='ltr'><em>vel</em></span> <span class='ocrx_word' id='word_1_66' title='bbox 806 1156 863 1201; x_wconf 90' lang='lat' dir='ltr'><em>in</em></span> <span class='ocrx_word' id='word_1_67' title='bbox 882 1156 993 1216; x_wconf 84' lang='lat' dir='ltr'><em>ipso</em></span> <span class='ocrx_word' id='word_1_68' title='bbox 1008 1154 1227 1212; x_wconf 61' lang='lat' dir='ltr'><em>con-tiae-</em></span> 
     </span>
     <span class='ocr_line' id='line_1_13' title="bbox 197 1215 1231 1278; baseline -0.003 -13"><span class='ocrx_word' id='word_1_69' title='bbox 197 1217 294 1278; x_wconf 83' lang='lat' dir='ltr'><em>rit,</em></span> <span class='ocrx_word' id='word_1_70' title='bbox 313 1219 383 1265; x_wconf 86' lang='lat' dir='ltr'><em>de</em></span> <span class='ocrx_word' id='word_1_71' title='bbox 401 1230 464 1263; x_wconf 91' lang='lat' dir='ltr'><em>eo</em></span> <span class='ocrx_word' id='word_1_72' title='bbox 480 1215 568 1275; x_wconf 78' lang='lat' dir='ltr'><em>fiet</em></span> <span class='ocrx_word' id='word_1_73' title='bbox 578 1217 837 1276; x_wconf 88' lang='lat' dir='ltr'><em>memoria,</em></span> <span class='ocrx_word' id='word_1_74' title='bbox 856 1230 964 1278; x_wconf 57' lang='lat' dir='ltr'><em>qua*</em></span> <span class='ocrx_word' id='word_1_75' title='bbox 984 1217 1231 1277; x_wconf 76' lang='lat' dir='ltr'><em>proecedet</em></span> 
     </span>
     <span class='ocr_line' id='line_1_14' title="bbox 200 1278 1225 1338; baseline -0.003 -11"><span class='ocrx_word' id='word_1_76' title='bbox 200 1279 533 1328; x_wconf 78' lang='lat' dir='ltr'><em>memoriam</em></span> <span class='ocrx_word' id='word_1_77' title='bbox 555 1279 723 1326; x_wconf 81' lang='lat' dir='ltr'><em>Beatoe</em></span> <span class='ocrx_word' id='word_1_78' title='bbox 741 1279 942 1337; x_wconf 69' lang='lat' dir='ltr'><em>Maria»,</em></span> <span class='ocrx_word' id='word_1_79' title='bbox 970 1284 1017 1326; x_wconf 82' lang='lat' dir='ltr'><em>ee</em></span> <span class='ocrx_word' id='word_1_80' title='bbox 1034 1278 1091 1324; x_wconf 90' lang='lat' dir='ltr'><em>in</em></span> <span class='ocrx_word' id='word_1_81' title='bbox 1115 1278 1225 1338; x_wconf 87' lang='lat' dir='ltr'><em>ipso</em></span> 
     </span>
     <span class='ocr_line' id='line_1_15' title="bbox 197 1339 1224 1403; baseline -0.004 -13"><span class='ocrx_word' id='word_1_82' title='bbox 197 1342 301 1400; x_wconf 89' lang='lat' dir='ltr'><em>die,</em></span> <span class='ocrx_word' id='word_1_83' title='bbox 324 1345 378 1388; x_wconf 92' lang='lat' dir='ltr'><em>et</em></span> <span class='ocrx_word' id='word_1_84' title='bbox 410 1340 643 1403; x_wconf 74' lang='lat' dir='ltr'><em>quotidie</em></span> <span class='ocrx_word' id='word_1_85' title='bbox 664 1339 808 1400; x_wconf 83' lang='lat' dir='ltr'><em>infra</em></span> <span class='ocrx_word' id='word_1_86' title='bbox 833 1346 1081 1400; x_wconf 71' lang='lat' dir='ltr'><em>octavam,</em></span> <span class='ocrx_word' id='word_1_87' title='bbox 1101 1345 1151 1387; x_wconf 89' lang='lat' dir='ltr'><em>et</em></span> <span class='ocrx_word' id='word_1_88' title='bbox 1166 1341 1224 1386; x_wconf 87' lang='lat' dir='ltr'><em>in</em></span> 
     </span>
     <span class='ocr_line' id='line_1_16' title="bbox 197 1402 1225 1462; baseline -0.003 -11"><span class='ocrx_word' id='word_1_89' title='bbox 197 1408 425 1458; x_wconf 85' lang='lat' dir='ltr'><em>octava,·</em></span> <span class='ocrx_word' id='word_1_90' title='bbox 456 1407 515 1450; x_wconf 89' lang='lat' dir='ltr'><em>et</em></span> <span class='ocrx_word' id='word_1_91' title='bbox 546 1407 666 1449; x_wconf 83' lang='lat' dir='ltr'><em>tunc</em></span> <span class='ocrx_word' id='word_1_92' title='bbox 701 1404 865 1449; x_wconf 83' lang='lat' dir='ltr'><em>oratio</em></span> <span class='ocrx_word' id='word_1_93' title='bbox 899 1402 1120 1462; x_wconf 81' lang='lat' dir='ltr'><em>ejusdem</em></span> <span class='ocrx_word' id='word_1_94' title='bbox 1154 1403 1225 1448; x_wconf 86' lang='lat' dir='ltr'><em>sic</em></span> 
     </span>
     <span class='ocr_line' id='line_1_17' title="bbox 202 1464 1129 1520; baseline -0.002 -7"><span class='ocrx_word' id='word_1_95' title='bbox 202 1464 549 1520; x_wconf 78' lang='lat' dir='ltr'><em>terminetur,</em></span> <span class='ocrx_word' id='word_1_96' title='bbox 570 1465 665 1513; x_wconf 88' lang='lat' dir='ltr'><em>Per</em></span> <span class='ocrx_word' id='word_1_97' title='bbox 693 1465 953 1512; x_wconf 77' lang='lat' dir='ltr'><em>Christum</em></span> <span class='ocrx_word' id='word_1_98' title='bbox 975 1465 1129 1511; x_wconf 77' lang='lat' dir='ltr'><em>Dnm.</em></span> 
     </span>
    </p>

    <p class='ocr_par' dir='ltr' id='par_1_5' title="bbox 194 1524 1229 2581">
     <span class='ocr_line' id='line_1_18' title="bbox 261 1524 1229 1587; baseline -0.001 -13"><span class='ocrx_word' id='word_1_99' title='bbox 261 1528 341 1574; x_wconf 82' lang='lat' dir='ltr'><em>Et</em></span> <span class='ocrx_word' id='word_1_100' title='bbox 365 1527 645 1574; x_wconf 77' lang='lat' dir='ltr'><em>sciendum</em></span> <span class='ocrx_word' id='word_1_101' title='bbox 669 1532 764 1577; x_wconf 87' lang='lat' dir='ltr'><em>est.</em></span> <span class='ocrx_word' id='word_1_102' title='bbox 785 1529 915 1587; x_wconf 81' lang='lat' dir='ltr'><em>quod</em></span> <span class='ocrx_word' id='word_1_103' title='bbox 946 1527 1149 1587; x_wconf 80' lang='lat' dir='ltr'><em>quando</em></span> <span class='ocrx_word' id='word_1_104' title='bbox 1167 1524 1229 1585; x_wconf 77' lang='lat' dir='ltr'><em>fit</em></span> 
     </span>
     <span class='ocr_line' id='line_1_19' title="bbox 195 1588 1226 1648; baseline -0.001 -12"><span class='ocrx_word' id='word_1_105' title='bbox 195 1589 468 1636; x_wconf 85' lang='lat' dir='ltr'><em>memoria</em></span> <span class='ocrx_word' id='word_1_106' title='bbox 512 1588 588 1635; x_wconf 73' lang='lat' dir='ltr'><em>vel</em></span> <span class='ocrx_word' id='word_1_107' title='bbox 616 1588 868 1648; x_wconf 73' lang='lat' dir='ltr'><em>processio</em></span> <span class='ocrx_word' id='word_1_108' title='bbox 889 1590 958 1635; x_wconf 88' lang='lat' dir='ltr'><em>ad</em></span> <span class='ocrx_word' id='word_1_109' title='bbox 990 1599 1126 1647; x_wconf 71' lang='lat' dir='ltr'><em>resp.</em></span> <span class='ocrx_word' id='word_1_110' title='bbox 1149 1589 1226 1635; x_wconf 72' lang='lat' dir='ltr'><em>vel</em></span> 
     </span>
     <span class='ocr_line' id='line_1_20' title="bbox 199 1650 1225 1698; baseline -0.003 0"><span class='ocrx_word' id='word_1_111' title='bbox 199 1652 271 1698; x_wconf 84' lang='lat' dir='ltr'><em>ad</em></span> <span class='ocrx_word' id='word_1_112' title='bbox 306 1655 450 1698; x_wconf 88' lang='lat' dir='ltr'><em>mat.</em></span> <span class='ocrx_word' id='word_1_113' title='bbox 503 1653 624 1697; x_wconf 81' lang='lat' dir='ltr'><em>tunc</em></span> <span class='ocrx_word' id='word_1_114' title='bbox 656 1651 725 1696; x_wconf 84' lang='lat' dir='ltr'><em>ad</em></span> <span class='ocrx_word' id='word_1_115' title='bbox 761 1662 934 1697; x_wconf 79' lang='lat' dir='ltr'><em>omnes</em></span> <span class='ocrx_word' id='word_1_116' title='bbox 969 1650 1225 1696; x_wconf 81' lang='lat' dir='ltr'><em>orationes</em></span> 
     </span>
     <span class='ocr_line' id='line_1_21' title="bbox 194 1712 1226 1773; baseline -0.002 -13"><span class='ocrx_word' id='word_1_117' title='bbox 194 1718 322 1773; x_wconf 85' lang='lat' dir='ltr'><em>post</em></span> <span class='ocrx_word' id='word_1_118' title='bbox 344 1713 597 1773; x_wconf 82' lang='lat' dir='ltr'><em>primum</em></span> <span class='ocrx_word' id='word_1_119' title='bbox 622 1712 987 1760; x_wconf 79' lang='lat' dir='ltr'><em>Benedicamus</em></span> <span class='ocrx_word' id='word_1_120' title='bbox 1006 1723 1114 1772; x_wconf 74' lang='lat' dir='ltr'><em>qnae</em></span> <span class='ocrx_word' id='word_1_121' title='bbox 1133 1716 1226 1758; x_wconf 89' lang='lat' dir='ltr'><em>ter·</em></span> 
     </span>
     <span class='ocr_line' id='line_1_22' title="bbox 201 1773 1224 1834; baseline -0.001 -13"><span class='ocrx_word' id='word_1_122' title='bbox 201 1775 490 1823; x_wconf 81' lang='lat' dir='ltr'><em>minentur</em></span> <span class='ocrx_word' id='word_1_123' title='bbox 528 1773 627 1834; x_wconf 85' lang='lat' dir='ltr'><em>sic,</em></span> <span class='ocrx_word' id='word_1_124' title='bbox 660 1773 762 1834; x_wconf 88' lang='lat' dir='ltr'><em>Qui</em></span> <span class='ocrx_word' id='word_1_125' title='bbox 798 1774 931 1821; x_wconf 48' lang='lat' dir='ltr'><em>rivis</em></span> <span class='ocrx_word' id='word_1_126' title='bbox 962 1779 1007 1822; x_wconf 81' lang='lat' dir='ltr'><em>et</em></span> <span class='ocrx_word' id='word_1_127' title='bbox 1042 1786 1224 1833; x_wconf 75' lang='lat' dir='ltr'><em>regnas</em></span> 
     </span>
     <span class='ocr_line' id='line_1_23' title="bbox 205 1835 1221 1896; baseline -0.001 -12"><span class='ocrx_word' id='word_1_128' title='bbox 205 1849 328 1884; x_wconf 87' lang='lat' dir='ltr'><em>cum</em></span> <span class='ocrx_word' id='word_1_129' title='bbox 369 1838 483 1885; x_wconf 87' lang='lat' dir='ltr'><em>Deo</em></span> <span class='ocrx_word' id='word_1_130' title='bbox 515 1836 685 1883; x_wconf 83' lang='lat' dir='ltr'><em>Patre.</em></span> <span class='ocrx_word' id='word_1_131' title='bbox 731 1836 807 1883; x_wconf 75' lang='lat' dir='ltr'><em>vel</em></span> <span class='ocrx_word' id='word_1_132' title='bbox 835 1837 932 1891; x_wconf 83' lang='lat' dir='ltr'><em>sic,</em></span> <span class='ocrx_word' id='word_1_133' title='bbox 967 1835 1068 1896; x_wconf 84' lang='lat' dir='ltr'><em>Qui</em></span> <span class='ocrx_word' id='word_1_134' title='bbox 1105 1848 1221 1883; x_wconf 79' lang='lat' dir='ltr'><em>cum</em></span> 
     </span>
     <span class='ocr_line' id='line_1_24' title="bbox 208 1897 1223 1956; baseline -0.003 -10"><span class='ocrx_word' id='word_1_135' title='bbox 208 1899 317 1947; x_wconf 89' lang='lat' dir='ltr'><em>Deo</em></span> <span class='ocrx_word' id='word_1_136' title='bbox 341 1900 508 1947; x_wconf 85' lang='lat' dir='ltr'><em>Patre</em></span> <span class='ocrx_word' id='word_1_137' title='bbox 524 1901 576 1946; x_wconf 87' lang='lat' dir='ltr'><em>et</em></span> <span class='ocrx_word' id='word_1_138' title='bbox 595 1897 789 1956; x_wconf 79' lang='lat' dir='ltr'><strong>Spiritu</strong></span> <span class='ocrx_word' id='word_1_139' title='bbox 812 1897 1012 1946; x_wconf 79' lang='lat' dir='ltr'><em>Sancto,</em></span> <span class='ocrx_word' id='word_1_140' title='bbox 1035 1899 1111 1944; x_wconf 83' lang='lat' dir='ltr'><em>vel</em></span> <span class='ocrx_word' id='word_1_141' title='bbox 1136 1899 1223 1955; x_wconf 81' lang='lat' dir='ltr'><em>sie,</em></span> 
     </span>
     <span class='ocr_line' id='line_1_25' title="bbox 204 1959 1221 2020; baseline -0.001 -13"><span class='ocrx_word' id='word_1_142' title='bbox 204 1960 311 2020; x_wconf 87' lang='lat' dir='ltr'><em>Qui</em></span> <span class='ocrx_word' id='word_1_143' title='bbox 347 1961 494 2009; x_wconf 77' lang='lat' dir='ltr'><em>vivis</em></span> <span class='ocrx_word' id='word_1_144' title='bbox 534 1963 583 2006; x_wconf 85' lang='lat' dir='ltr'><em>et</em></span> <span class='ocrx_word' id='word_1_145' title='bbox 618 1971 799 2020; x_wconf 86' lang='lat' dir='ltr'><em>regnas</em></span> <span class='ocrx_word' id='word_1_146' title='bbox 834 1960 987 2008; x_wconf 82' lang='lat' dir='ltr'><em>Deus.</em></span> <span class='ocrx_word' id='word_1_147' title='bbox 1020 1959 1098 2008; x_wconf 75' lang='lat' dir='ltr'><em>vel</em></span> <span class='ocrx_word' id='word_1_148' title='bbox 1127 1961 1221 2019; x_wconf 86' lang='lat' dir='ltr'><em>sic,</em></span> 
     </span>
     <span class='ocr_line' id='line_1_26' title="bbox 207 2021 1226 2083; baseline 0 -14"><span class='ocrx_word' id='word_1_149' title='bbox 207 2023 310 2083; x_wconf 87' lang='lat' dir='ltr'><em>Qui</em></span> <span class='ocrx_word' id='word_1_150' title='bbox 327 2027 510 2072; x_wconf 86' lang='lat' dir='ltr'><em>tecum</em></span> <span class='ocrx_word' id='word_1_151' title='bbox 536 2021 662 2069; x_wconf 66' lang='lat' dir='ltr'><em>vivit</em></span> <span class='ocrx_word' id='word_1_152' title='bbox 678 2028 723 2069; x_wconf 88' lang='lat' dir='ltr'><em>et</em></span> <span class='ocrx_word' id='word_1_153' title='bbox 746 2026 1144 2081; x_wconf 85' lang='lat' dir='ltr'><em>regnat.semper</em></span> <span class='ocrx_word' id='word_1_154' title='bbox 1154 2023 1226 2069; x_wconf 88' lang='lat' dir='ltr'><em>di·</em></span> 
     </span>
     <span class='ocr_line' id='line_1_27' title="bbox 206 2083 1225 2147; baseline -0.001 -16"><span class='ocrx_word' id='word_1_155' title='bbox 206 2084 344 2133; x_wconf 83' lang='lat' dir='ltr'><em>citur</em></span> <span class='ocrx_word' id='word_1_156' title='bbox 358 2084 601 2147; x_wconf 76' lang='lat' dir='ltr'><em>usquein</em></span> <span class='ocrx_word' id='word_1_157' title='bbox 619 2083 787 2142; x_wconf 83' lang='lat' dir='ltr'><em>finem.</em></span> <span class='ocrx_word' id='word_1_158' title='bbox 816 2084 1004 2131; x_wconf 80' lang='lat' dir='ltr'><em>Tamen</em></span> <span class='ocrx_word' id='word_1_159' title='bbox 1023 2085 1091 2130; x_wconf 81' lang='lat' dir='ltr'><em>ad</em></span> <span class='ocrx_word' id='word_1_160' title='bbox 1113 2096 1225 2130; x_wconf 82' lang='lat' dir='ltr'><em>ora-</em></span> 
     </span>
     <span class='ocr_line' id='line_1_28' title="bbox 206 2144 1220 2208; baseline -0.003 -13"><span class='ocrx_word' id='word_1_161' title='bbox 206 2146 372 2195; x_wconf 74' lang='lat' dir='ltr'><em>tiones</em></span> <span class='ocrx_word' id='word_1_162' title='bbox 393 2160 516 2208; x_wconf 75' lang='lat' dir='ltr'><em>quas</em></span> <span class='ocrx_word' id='word_1_163' title='bbox 547 2144 801 2206; x_wconf 79' lang='lat' dir='ltr'><em>finiuntur</em></span> <span class='ocrx_word' id='word_1_164' title='bbox 821 2146 918 2204; x_wconf 87' lang='lat' dir='ltr'><em>sic,</em></span> <span class='ocrx_word' id='word_1_165' title='bbox 942 2146 1220 2192; x_wconf 86' lang='lat' dir='ltr'><em>Dominum</em></span> 
     </span>
     <span class='ocr_line' id='line_1_29' title="bbox 210 2206 1222 2258; baseline -0.002 -2"><span class='ocrx_word' id='word_1_166' title='bbox 210 2212 454 2258; x_wconf 85' lang='lat' dir='ltr'><em>nostrum</em></span> <span class='ocrx_word' id='word_1_167' title='bbox 505 2207 684 2257; x_wconf 84' lang='lat' dir='ltr'><em>Jesum</em></span> <span class='ocrx_word' id='word_1_168' title='bbox 723 2206 984 2256; x_wconf 84' lang='lat' dir='ltr'><em>Christum</em></span> <span class='ocrx_word' id='word_1_169' title='bbox 1030 2206 1222 2255; x_wconf 83' lang='lat' dir='ltr'><em>Filium</em></span> 
     </span>
     <span class='ocr_line' id='line_1_30' title="bbox 210 2269 1225 2329; baseline -0.002 -12"><span class='ocrx_word' id='word_1_170' title='bbox 210 2275 384 2320; x_wconf 82' lang='lat' dir='ltr'><em>tuum.</em></span> <span class='ocrx_word' id='word_1_171' title='bbox 406 2284 526 2319; x_wconf 84' lang='lat' dir='ltr'><em>non</em></span> <span class='ocrx_word' id='word_1_172' title='bbox 550 2270 739 2318; x_wconf 85' lang='lat' dir='ltr'><em>dicitur</em></span> <span class='ocrx_word' id='word_1_173' title='bbox 754 2269 985 2329; x_wconf 82' lang='lat' dir='ltr'><em>ulterius,</em></span> <span class='ocrx_word' id='word_1_174' title='bbox 1003 2271 1090 2316; x_wconf 89' lang='lat' dir='ltr'><em>sed</em></span> <span class='ocrx_word' id='word_1_175' title='bbox 1109 2273 1225 2315; x_wconf 86' lang='lat' dir='ltr'><em>sta-</em></span> 
     </span>
     <span class='ocr_line' id='line_1_31' title="bbox 213 2331 1224 2392; baseline -0.002 -13"><span class='ocrx_word' id='word_1_176' title='bbox 213 2332 309 2380; x_wconf 80' lang='lat' dir='ltr'><em>tim</em></span> <span class='ocrx_word' id='word_1_177' title='bbox 334 2333 541 2382; x_wconf 84' lang='lat' dir='ltr'><em>dicitur</em></span> <span class='ocrx_word' id='word_1_178' title='bbox 556 2331 724 2380; x_wconf 82' lang='lat' dir='ltr'><em>Amen</em></span> <span class='ocrx_word' id='word_1_179' title='bbox 746 2345 780 2379; x_wconf 90' lang='lat' dir='ltr'><em>a</em></span> <span class='ocrx_word' id='word_1_180' title='bbox 797 2331 960 2388; x_wconf 79' lang='lat' dir='ltr'><em>chor0‚</em></span> <span class='ocrx_word' id='word_1_181' title='bbox 983 2336 1029 2378; x_wconf 91' lang='lat' dir='ltr'><em>et</em></span> <span class='ocrx_word' id='word_1_182' title='bbox 1047 2335 1224 2392; x_wconf 87' lang='lat' dir='ltr'><em>postea</em></span> 
     </span>
     <span class='ocr_line' id='line_1_32' title="bbox 210 2392 1223 2457; baseline -0.003 -15"><span class='ocrx_word' id='word_1_183' title='bbox 210 2392 295 2455; x_wconf 69' lang='lat' dir='ltr'><em>fiet</em></span> <span class='ocrx_word' id='word_1_184' title='bbox 308 2394 579 2457; x_wconf 77' lang='lat' dir='ltr'><em>processio</em></span> <span class='ocrx_word' id='word_1_185' title='bbox 592 2394 669 2441; x_wconf 86' lang='lat' dir='ltr'><em>vel</em></span> <span class='ocrx_word' id='word_1_186' title='bbox 684 2392 943 2441; x_wconf 81' lang='lat' dir='ltr'><em>memoria.</em></span> <span class='ocrx_word' id='word_1_187' title='bbox 965 2393 1091 2441; x_wconf 85' lang='lat' dir='ltr'><em>Cum</em></span> <span class='ocrx_word' id='word_1_188' title='bbox 1107 2405 1223 2440; x_wconf 86' lang='lat' dir='ltr'><em>vero</em></span> 
     </span>
     <span class='ocr_line' id='line_1_33' title="bbox 210 2455 1225 2519; baseline -0.004 -15"><span class='ocrx_word' id='word_1_189' title='bbox 210 2458 589 2519; x_wconf 76' lang='lat' dir='ltr'><em>postprimum</em></span> <span class='ocrx_word' id='word_1_190' title='bbox 603 2455 968 2504; x_wconf 75' lang='lat' dir='ltr'><em>Benedicamus</em></span> <span class='ocrx_word' id='word_1_191' title='bbox 984 2461 1225 2517; x_wconf 80' lang='lat' dir='ltr'><em>sequatur</em></span> 
     </span>
     <span class='ocr_line' id='line_1_34' title="bbox 213 2517 1224 2581; baseline -0.001 -16"><span class='ocrx_word' id='word_1_192' title='bbox 213 2518 393 2581; x_wconf 72' lang='lat' dir='ltr'><em>alt‘qua</em></span> <span class='ocrx_word' id='word_1_193' title='bbox 420 2529 582 2566; x_wconf 86' lang='lat' dir='ltr'><em>mem.</em></span> <span class='ocrx_word' id='word_1_194' title='bbox 614 2519 692 2566; x_wconf 86' lang='lat' dir='ltr'><em>vel</em></span> <span class='ocrx_word' id='word_1_195' title='bbox 716 2517 967 2579; x_wconf 81' lang='lat' dir='ltr'><em>processio</em></span> <span class='ocrx_word' id='word_1_196' title='bbox 993 2521 1117 2579; x_wconf 87' lang='lat' dir='ltr'><em>post</em></span> <span class='ocrx_word' id='word_1_197' title='bbox 1136 2517 1224 2565; x_wconf 88' lang='lat' dir='ltr'><em>ali-</em></span> 
     </span>
    </p>

    <p class='ocr_par' dir='ltr' id='par_1_6' title="bbox 266 2579 1219 2643">
     <span class='ocr_line' id='line_1_35' title="bbox 266 2579 1219 2643; baseline -0.003 -14"><span class='ocrx_word' id='word_1_198' title='bbox 266 2640 269 2643; x_wconf 32' lang='lat'>·</span> <span class='ocrx_word' id='word_1_199' title='bbox 391 2579 683 2630; x_wconf 83' lang='lat' dir='ltr'><em>orationem</em></span> <span class='ocrx_word' id='word_1_200' title='bbox 698 2592 805 2642; x_wconf 79' lang='lat' dir='ltr'><em>qua·</em></span> <span class='ocrx_word' id='word_1_201' title='bbox 819 2579 1114 2628; x_wconf 82' lang='lat' dir='ltr'><em>terminetur</em></span> <span class='ocrx_word' id='word_1_202' title='bbox 1130 2580 1219 2637; x_wconf 89' lang='lat' dir='ltr'><em>sic,</em></span> 
     </span>
    </p>

    <p class='ocr_par' dir='ltr' id='par_1_7' title="bbox 258 2641 1220 2699">
     <span class='ocr_line' id='line_1_36' title="bbox 258 2641 1220 2699; baseline -0.001 -8"><span class='ocrx_word' id='word_1_203' title='bbox 258 2653 314 2691; x_wconf 84' lang='lat' dir='ltr'><em>er</em></span> <span class='ocrx_word' id='word_1_204' title='bbox 341 2641 605 2691; x_wconf 60' lang='lat' dir='ltr'><em>Dummel</em></span> <span class='ocrx_word' id='word_1_205' title='bbox 619 2641 705 2699; x_wconf 88' lang='lat' dir='ltr'><em>sic,</em></span> <span class='ocrx_word' id='word_1_206' title='bbox 726 2642 822 2690; x_wconf 90' lang='lat' dir='ltr'><em>Per</em></span> <span class='ocrx_word' id='word_1_207' title='bbox 834 2642 1048 2690; x_wconf 90' lang='lat' dir='ltr'><em>eundem</em></span> <span class='ocrx_word' id='word_1_208' title='bbox 1063 2643 1220 2690; x_wconf 66' lang='lat' dir='ltr'><em>Dium.</em></span> 
     </span>
    </p>

    <p class='ocr_par' dir='ltr' id='par_1_8' title="bbox 216 2702 1223 3061">
     <span class='ocr_line' id='line_1_37' title="bbox 218 2702 1220 2761; baseline -0.001 -11"><span class='ocrx_word' id='word_1_209' title='bbox 218 2705 341 2752; x_wconf 71' lang='lat' dir='ltr'><em>tunc</em></span> <span class='ocrx_word' id='word_1_210' title='bbox 369 2702 701 2752; x_wconf 82' lang='lat' dir='ltr'><em>concluditur</em></span> <span class='ocrx_word' id='word_1_211' title='bbox 731 2704 820 2761; x_wconf 90' lang='lat' dir='ltr'><em>sic,</em></span> <span class='ocrx_word' id='word_1_212' title='bbox 840 2704 936 2752; x_wconf 89' lang='lat' dir='ltr'><em>Per</em></span> <span class='ocrx_word' id='word_1_213' title='bbox 959 2703 1220 2752; x_wconf 82' lang='lat' dir='ltr'><em>Christum</em></span> 
     </span>
     <span class='ocr_line' id='line_1_38' title="bbox 216 2762 1220 2827; baseline 0 -14"><span class='ocrx_word' id='word_1_214' title='bbox 216 2763 357 2815; x_wconf 73' lang='lat' dir='ltr'><em>Diim</em></span> <span class='ocrx_word' id='word_1_215' title='bbox 381 2762 685 2827; x_wconf 67' lang='lat' dir='ltr'><em>[nostrum]</em></span> <span class='ocrx_word' id='word_1_216' title='bbox 703 2763 782 2811; x_wconf 88' lang='lat' dir='ltr'><em>vel</em></span> <span class='ocrx_word' id='word_1_217' title='bbox 800 2765 885 2820; x_wconf 81' lang='lat' dir='ltr'><em>sic,</em></span> <span class='ocrx_word' id='word_1_218' title='bbox 896 2766 991 2812; x_wconf 88' lang='lat' dir='ltr'><em>Per</em></span> <span class='ocrx_word' id='word_1_219' title='bbox 1004 2764 1220 2814; x_wconf 89' lang='lat' dir='ltr'><em>eundem</em></span> 
     </span>
     <span class='ocr_line' id='line_1_39' title="bbox 220 2823 1220 2887; baseline -0.002 -11"><span class='ocrx_word' id='word_1_220' title='bbox 220 2824 499 2876; x_wconf 85' lang='lat' dir='ltr'><em>Christum</em></span> <span class='ocrx_word' id='word_1_221' title='bbox 520 2823 658 2871; x_wconf 80' lang='lat' dir='ltr'><em>Dfim</em></span> <span class='ocrx_word' id='word_1_222' title='bbox 684 2823 970 2887; x_wconf 70' lang='lat' dir='ltr'><em>[nostrum]</em></span> <span class='ocrx_word' id='word_1_223' title='bbox 998 2831 1058 2872; x_wconf 82' lang='lat' dir='ltr'><em>ut</em></span> <span class='ocrx_word' id='word_1_224' title='bbox 1070 2827 1220 2874; x_wconf 86' lang='lat' dir='ltr'><em>decet.</em></span> 
     </span>
     <span class='ocr_line' id='line_1_40' title="bbox 222 2884 1222 2948; baseline -0.001 -12"><span class='ocrx_word' id='word_1_225' title='bbox 222 2885 481 2937; x_wconf 81' lang='lat' dir='ltr'><em>Similiter</em></span> <span class='ocrx_word' id='word_1_226' title='bbox 507 2884 604 2947; x_wconf 79' lang='lat' dir='ltr'><em>fiat</em></span> <span class='ocrx_word' id='word_1_227' title='bbox 625 2898 721 2946; x_wconf 89' lang='lat' dir='ltr'><em>per</em></span> <span class='ocrx_word' id='word_1_228' title='bbox 750 2887 924 2934; x_wconf 86' lang='lat' dir='ltr'><em>omnia</em></span> <span class='ocrx_word' id='word_1_229' title='bbox 955 2893 1074 2948; x_wconf 89' lang='lat' dir='ltr'><em>post</em></span> <span class='ocrx_word' id='word_1_230' title='bbox 1104 2887 1222 2935; x_wconf 90' lang='lat' dir='ltr'><em>illas</em></span> 
     </span>
     <span class='ocr_line' id='line_1_41' title="bbox 223 2948 1223 3010; baseline 0 -13"><span class='ocrx_word' id='word_1_231' title='bbox 223 2950 490 2999; x_wconf 86' lang='lat' dir='ltr'><em>orationes</em></span> <span class='ocrx_word' id='word_1_232' title='bbox 526 2959 637 3010; x_wconf 80' lang='lat' dir='ltr'><em>quoe</em></span> <span class='ocrx_word' id='word_1_233' title='bbox 667 2948 910 2996; x_wconf 81' lang='lat' dir='ltr'><em>dicuntur</em></span> <span class='ocrx_word' id='word_1_234' title='bbox 943 2954 1064 3009; x_wconf 87' lang='lat' dir='ltr'><em>post</em></span> <span class='ocrx_word' id='word_1_235' title='bbox 1098 2963 1223 3010; x_wconf 89' lang='lat' dir='ltr'><em>pro-</em></span> 
     </span>
     <span class='ocr_line' id='line_1_42' title="bbox 223 3010 888 3061; baseline 0.003 -4"><span class='ocrx_word' id='word_1_236' title='bbox 223 3013 504 3061; x_wconf 80' lang='lat' dir='ltr'><em>cessionem</em></span> <span class='ocrx_word' id='word_1_237' title='bbox 523 3015 645 3059; x_wconf 86' lang='lat' dir='ltr'><em>ante</em></span> <span class='ocrx_word' id='word_1_238' title='bbox 658 3010 888 3059; x_wconf 87' lang='lat' dir='ltr'><em>missam.</em></span> 
     </span>
    </p>

    <p class='ocr_par' dir='ltr' id='par_1_9' title="bbox 228 3072 1223 3555">
     <span class='ocr_line' id='line_1_43' title="bbox 286 3072 1219 3124; baseline -0.002 0"><span class='ocrx_word' id='word_1_239' title='bbox 286 3073 550 3124; x_wconf 82' lang='lat' dir='ltr'><em>Memoria</em></span> <span class='ocrx_word' id='word_1_240' title='bbox 583 3073 644 3122; x_wconf 87' lang='lat' dir='ltr'><em>de</em></span> <span class='ocrx_word' id='word_1_241' title='bbox 683 3073 877 3121; x_wconf 88' lang='lat' dir='ltr'><em>Sancta</em></span> <span class='ocrx_word' id='word_1_242' title='bbox 917 3072 1113 3122; x_wconf 85' lang='lat' dir='ltr'><em>Maria.</em></span> <span class='ocrx_word' id='word_1_243' title='bbox 1156 3074 1219 3122; x_wconf 82' lang='lat' dir='ltr'><em>A.</em></span> 
     </span>
     <span class='ocr_line' id='line_1_44' title="bbox 228 3134 1223 3206; baseline 0.001 -23"><span class='ocrx_word' id='word_1_244' title='bbox 228 3134 340 3183; x_wconf 79' lang='lat' dir='ltr'><em>Ave</em></span> <span class='ocrx_word' id='word_1_245' title='bbox 369 3135 562 3195; x_wconf 86' lang='lat' dir='ltr'><em>Maria,</em></span> <span class='ocrx_word' id='word_1_246' title='bbox 594 3135 756 3206; x_wconf 71' lang='lat' dir='ltr'><em>gratia</em></span> <span class='ocrx_word' id='word_1_247' title='bbox 784 3134 930 3194; x_wconf 85' lang='lat' dir='ltr'><em>plena</em></span> <span class='ocrx_word' id='word_1_248' title='bbox 962 3149 976 3183; x_wconf 76' lang='lat' dir='ltr'><em>t</em></span> <span class='ocrx_word' id='word_1_249' title='bbox 1007 3135 1119 3183; x_wconf 73' lang='lat' dir='ltr'><em>Diis</em></span> <span class='ocrx_word' id='word_1_250' title='bbox 1150 3140 1223 3184; x_wconf 89' lang='lat' dir='ltr'><em>te-</em></span> 
     </span>
     <span class='ocr_line' id='line_1_45' title="bbox 228 3196 1218 3257; baseline 0.002 -13"><span class='ocrx_word' id='word_1_251' title='bbox 228 3207 347 3245; x_wconf 87' lang='lat' dir='ltr'><em>cum</em></span> <span class='ocrx_word' id='word_1_252' title='bbox 374 3213 388 3246; x_wconf 87' lang='lat'>:</span> <span class='ocrx_word' id='word_1_253' title='bbox 432 3197 694 3247; x_wconf 81' lang='lat' dir='ltr'><em>benedmta</em></span> <span class='ocrx_word' id='word_1_254' title='bbox 722 3203 780 3245; x_wconf 86' lang='lat' dir='ltr'><em>tu</em></span> <span class='ocrx_word' id='word_1_255' title='bbox 817 3197 869 3246; x_wconf 92' lang='lat' dir='ltr'><em>in</em></span> <span class='ocrx_word' id='word_1_256' title='bbox 892 3196 1218 3257; x_wconf 84' lang='lat' dir='ltr'><em>mulieribuS,</em></span> 
     </span>
     <span class='ocr_line' id='line_1_46' title="bbox 231 3257 1220 3320; baseline 0 -14"><span class='ocrx_word' id='word_1_257' title='bbox 231 3257 478 3320; x_wconf 80' lang='lat' dir='ltr'><em>Alleiuja.</em></span> <span class='ocrx_word' id='word_1_258' title='bbox 521 3258 595 3308; x_wconf 87' lang='lat' dir='ltr'><em>Et</em></span> <span class='ocrx_word' id='word_1_259' title='bbox 627 3259 815 3309; x_wconf 82' lang='lat' dir='ltr'><em>dicitur</em></span> <span class='ocrx_word' id='word_1_260' title='bbox 842 3261 942 3307; x_wconf 72' lang='lat' dir='ltr'><em>liaec</em></span> <span class='ocrx_word' id='word_1_261' title='bbox 1013 3260 1220 3307; x_wconf 75' lang='lat' dir='ltr'><em>ra’dicta</em></span> 
     </span>
     <span class='ocr_line' id='line_1_47' title="bbox 229 3321 1221 3371; baseline -0.001 -3"><span class='ocrx_word' id='word_1_262' title='bbox 229 3322 338 3371; x_wconf 66' lang='lat' dir='ltr'><em>ona</em></span> <span class='ocrx_word' id='word_1_263' title='bbox 359 3324 433 3370; x_wconf 84' lang='lat' dir='ltr'><em>ad</em></span> <span class='ocrx_word' id='word_1_264' title='bbox 452 3321 752 3370; x_wconf 82' lang='lat' dir='ltr'><em>memoriam</em></span> <span class='ocrx_word' id='word_1_265' title='bbox 773 3322 832 3369; x_wconf 93' lang='lat' dir='ltr'><em>de</em></span> <span class='ocrx_word' id='word_1_266' title='bbox 855 3321 908 3370; x_wconf 88' lang='lat' dir='ltr'><em>S.</em></span> <span class='ocrx_word' id='word_1_267' title='bbox 994 3322 1110 3369; x_wconf 88' lang='lat' dir='ltr'><em>aria</em></span> <span class='ocrx_word' id='word_1_268' title='bbox 1140 3334 1221 3367; x_wconf 86' lang='lat' dir='ltr'><em>us-</em></span> 
     </span>
     <span class='ocr_line' id='line_1_48' title="bbox 229 3383 1220 3444; baseline -0.002 -13"><span class='ocrx_word' id='word_1_269' title='bbox 229 3392 324 3442; x_wconf 73' lang='lat' dir='ltr'><em>qne</em></span> <span class='ocrx_word' id='word_1_270' title='bbox 343 3384 413 3431; x_wconf 84' lang='lat' dir='ltr'><em>ad</em></span> <span class='ocrx_word' id='word_1_271' title='bbox 432 3383 664 3444; x_wconf 72' lang='lat' dir='ltr'><em>viyiliam</em></span> <span class='ocrx_word' id='word_1_272' title='bbox 693 3383 994 3432; x_wconf 87' lang='lat' dir='ltr'><em>Nativitatis</em></span> <span class='ocrx_word' id='word_1_273' title='bbox 1023 3383 1132 3431; x_wconf 71' lang='lat' dir='ltr'><em>Dm·</em></span> <span class='ocrx_word' id='word_1_274' title='bbox 1162 3384 1220 3429; x_wconf 89' lang='lat' dir='ltr'><em>in</em></span> 
     </span>
     <span class='ocr_line' id='line_1_49' title="bbox 229 3443 1219 3506; baseline 0 -14"><span class='ocrx_word' id='word_1_275' title='bbox 229 3443 420 3503; x_wconf 79' lang='lat' dir='ltr'><em>primis</em></span> <span class='ocrx_word' id='word_1_276' title='bbox 456 3457 594 3506; x_wconf 82' lang='lat' dir='ltr'><em>vesp.</em></span> <span class='ocrx_word' id='word_1_277' title='bbox 625 3450 921 3494; x_wconf 84' lang='lat' dir='ltr'><em>sanctorum</em></span> <span class='ocrx_word' id='word_1_278' title='bbox 955 3446 1015 3492; x_wconf 75' lang='lat' dir='ltr'><em>ix</em></span> <span class='ocrx_word' id='word_1_279' title='bbox 1052 3445 1219 3494; x_wconf 86' lang='lat' dir='ltr'><em>lectio-</em></span> 
     </span>
     <span class='ocr_line' id='line_1_50' title="bbox 233 3506 749 3555; baseline 0.006 -3"><span class='ocrx_word' id='word_1_280' title='bbox 233 3516 362 3553; x_wconf 81' lang='lat' dir='ltr'><em>num</em></span> <span class='ocrx_word' id='word_1_281' title='bbox 384 3512 436 3554; x_wconf 89' lang='lat' dir='ltr'><em>et</em></span> <span class='ocrx_word' id='word_1_282' title='bbox 452 3507 512 3554; x_wconf 87' lang='lat' dir='ltr'><em>in</em></span> <span class='ocrx_word' id='word_1_283' title='bbox 528 3506 749 3555; x_wconf 83' lang='lat' dir='ltr'><em>sabbato.</em></span> 
     </span>
    </p>

    <p class='ocr_par' dir='ltr' id='par_1_10' title="bbox 278 3565 1221 3618">
     <span class='ocr_line' id='line_1_51' title="bbox 278 3565 1221 3618; baseline -0.002 -1"><span class='ocrx_word' id='word_1_284' title='bbox 278 3565 482 3618; x_wconf 63' lang='lat' dir='ltr'><em>,Finita</em></span> <span class='ocrx_word' id='word_1_285' title='bbox 520 3573 626 3618; x_wconf 67' lang='lat' dir='ltr'><em>aiva</em></span> <span class='ocrx_word' id='word_1_286' title='bbox 666 3569 805 3618; x_wconf 86' lang='lat' dir='ltr'><em>dicat</em></span> <span class='ocrx_word' id='word_1_287' title='bbox 843 3569 1072 3618; x_wconf 78' lang='lat' dir='ltr'><em>sacerdos</em></span> <span class='ocrx_word' id='word_1_288' title='bbox 1109 3579 1221 3616; x_wconf 79' lang='lat' dir='ltr'><em>ver-</em></span> 
     </span>
    </p>
   </div>
   <div class='ocr_carea' id='block_1_3' title="bbox 1318 534 2317 2886">
    <p class='ocr_par' dir='ltr' id='par_1_11' title="bbox 1326 534 2314 710">
     <span class='ocr_line' id='line_1_52' title="bbox 1326 534 2314 599; baseline 0.003 -16"><span class='ocrx_word' id='word_1_289' title='bbox 1326 548 1468 595; x_wconf 79' lang='lat' dir='ltr'><em>sum,</em></span> <span class='ocrx_word' id='word_1_290' title='bbox 1511 536 1810 599; x_wconf 77' lang='lat' dir='ltr'><em>Egredietur</em></span> <span class='ocrx_word' id='word_1_291' title='bbox 1857 534 2001 598; x_wconf 78' lang='lat' dir='ltr'><em>virga</em></span> <span class='ocrx_word' id='word_1_292' title='bbox 2042 537 2105 586; x_wconf 84' lang='lat' dir='ltr'><em>de</em></span> <span class='ocrx_word' id='word_1_293' title='bbox 2150 536 2314 586; x_wconf 80' lang='lat' dir='ltr'><em>radice</em></span> 
     </span>
     <span class='ocr_line' id='line_1_53' title="bbox 1326 598 2314 661; baseline 0.002 -15"><span class='ocrx_word' id='word_1_294' title='bbox 1326 598 1482 647; x_wconf 74' lang='lat' dir='ltr'><em>Iesse.</em></span> <span class='ocrx_word' id='word_1_295' title='bbox 1507 610 1572 661; x_wconf 74' lang='lat'><em>132.</em></span> <span class='ocrx_word' id='word_1_296' title='bbox 1603 599 1668 650; x_wconf 87' lang='lat' dir='ltr'><em>Et</em></span> <span class='ocrx_word' id='word_1_297' title='bbox 1705 599 1797 648; x_wconf 85' lang='lat' dir='ltr'><em>flos</em></span> <span class='ocrx_word' id='word_1_298' title='bbox 1819 600 1881 649; x_wconf 85' lang='lat' dir='ltr'><em>de</em></span> <span class='ocrx_word' id='word_1_299' title='bbox 1911 598 2077 648; x_wconf 80' lang='lat' dir='ltr'><em>radice</em></span> <span class='ocrx_word' id='word_1_300' title='bbox 2097 600 2208 660; x_wconf 81' lang='lat' dir='ltr'><em>eJ’us</em></span> <span class='ocrx_word' id='word_1_301' title='bbox 2234 612 2314 648; x_wconf 81' lang='lat' dir='ltr'><em>as-</em></span> 
     </span>
     <span class='ocr_line' id='line_1_54' title="bbox 1327 661 2311 710; baseline 0 -2"><span class='ocrx_word' id='word_1_302' title='bbox 1327 661 1521 709; x_wconf 84' lang='lat' dir='ltr'><em>cendet.</em></span> <span class='ocrx_word' id='word_1_303' title='bbox 2118 662 2311 710; x_wconf 81' lang='lat' dir='ltr'><em>Gratia.</em></span> 
     </span>
    </p>

    <p class='ocr_par' dir='ltr' id='par_1_12' title="bbox 1415 722 2317 785">
     <span class='ocr_line' id='line_1_55' title="bbox 1415 722 2317 785; baseline 0 -15"><span class='ocrx_word' id='word_1_304' title='bbox 1415 735 1510 771; x_wconf 73' lang='lat' dir='ltr'><em>nus</em></span> <span class='ocrx_word' id='word_1_305' title='bbox 1526 759 1539 783; x_wconf 92' lang='lat'>,</span> <span class='ocrx_word' id='word_1_306' title='bbox 1573 722 1738 782; x_wconf 81' lang='lat' dir='ltr'><em>quide</em></span> <span class='ocrx_word' id='word_1_307' title='bbox 1753 724 1916 773; x_wconf 82' lang='lat' dir='ltr'><em>Beatae</em></span> <span class='ocrx_word' id='word_1_308' title='bbox 1938 723 2114 775; x_wconf 80' lang='lat' dir='ltr'><em>Mariae</em></span> <span class='ocrx_word' id='word_1_309' title='bbox 2144 723 2317 785; x_wconf 83' lang='lat' dir='ltr'><em>Virgi-</em></span> 
     </span>
    </p>

    <p class='ocr_par' dir='ltr' id='par_1_13' title="bbox 1323 784 2315 1142">
     <span class='ocr_line' id='line_1_56' title="bbox 1417 784 2314 846; baseline 0.003 -16"><span class='ocrx_word' id='word_1_310' title='bbox 1417 784 1500 831; x_wconf 89' lang='lat' dir='ltr'><em>nis</em></span> <span class='ocrx_word' id='word_1_311' title='bbox 1536 788 1678 832; x_wconf 86' lang='lat' dir='ltr'><em>utero</em></span> <span class='ocrx_word' id='word_1_312' title='bbox 1708 785 1932 833; x_wconf 85' lang='lat' dir='ltr'><em>Verbum</em></span> <span class='ocrx_word' id='word_1_313' title='bbox 1955 791 2100 833; x_wconf 86' lang='lat' dir='ltr'><em>tuum</em></span> <span class='ocrx_word' id='word_1_314' title='bbox 2136 787 2314 846; x_wconf 83' lang='lat' dir='ltr'><em>angelo</em></span> 
     </span>
     <span class='ocr_line' id='line_1_57' title="bbox 1327 845 2315 905; baseline 0.003 -13"><span class='ocrx_word' id='word_1_315' title='bbox 1327 845 1598 894; x_wconf 83' lang='lat' dir='ltr'><em>nuntiante</em></span> <span class='ocrx_word' id='word_1_316' title='bbox 1632 859 1840 895; x_wconf 82' lang='lat' dir='ltr'><em>carnem</em></span> <span class='ocrx_word' id='word_1_317' title='bbox 1877 848 2131 905; x_wconf 82' lang='lat' dir='ltr'><em>suscipere</em></span> <span class='ocrx_word' id='word_1_318' title='bbox 2160 847 2315 895; x_wconf 84' lang='lat' dir='ltr'><em>volui-</em></span> 
     </span>
     <span class='ocr_line' id='line_1_58' title="bbox 1324 905 2314 969; baseline 0.002 -14"><span class='ocrx_word' id='word_1_319' title='bbox 1324 905 1420 967; x_wconf 88' lang='lat' dir='ltr'><em>sti;</em></span> <span class='ocrx_word' id='word_1_320' title='bbox 1446 912 1627 967; x_wconf 83' lang='lat' dir='ltr'><em>praesta</em></span> <span class='ocrx_word' id='word_1_321' title='bbox 1649 907 1962 968; x_wconf 83' lang='lat' dir='ltr'><em>supplicibus</em></span> <span class='ocrx_word' id='word_1_322' title='bbox 1986 908 2113 968; x_wconf 86' lang='lat' dir='ltr'><em>tuis,</em></span> <span class='ocrx_word' id='word_1_323' title='bbox 2139 912 2194 956; x_wconf 89' lang='lat' dir='ltr'><em>ut</em></span> <span class='ocrx_word' id='word_1_324' title='bbox 2224 910 2314 969; x_wconf 85' lang='lat' dir='ltr'><em>qui</em></span> 
     </span>
     <span class='ocr_line' id='line_1_59' title="bbox 1323 969 2311 1031; baseline 0.002 -14"><span class='ocrx_word' id='word_1_325' title='bbox 1323 980 1440 1018; x_wconf 81' lang='lat' dir='ltr'><em>vere</em></span> <span class='ocrx_word' id='word_1_326' title='bbox 1465 982 1576 1018; x_wconf 87' lang='lat' dir='ltr'><em>eam</em></span> <span class='ocrx_word' id='word_1_327' title='bbox 1600 969 1692 1017; x_wconf 86' lang='lat' dir='ltr'><em>Dei</em></span> <span class='ocrx_word' id='word_1_328' title='bbox 1724 969 2017 1030; x_wconf 81' lang='lat' dir='ltr'><em>genitricem</em></span> <span class='ocrx_word' id='word_1_329' title='bbox 2041 971 2311 1031; x_wconf 76' lang='lat' dir='ltr'><em>eredimuS,</em></span> 
     </span>
     <span class='ocr_line' id='line_1_60' title="bbox 1325 1031 2314 1093; baseline 0.002 -13"><span class='ocrx_word' id='word_1_330' title='bbox 1325 1031 1436 1091; x_wconf 76' lang='lat' dir='ltr'><em>eJus</em></span> <span class='ocrx_word' id='word_1_331' title='bbox 1457 1032 1589 1091; x_wconf 90' lang='lat' dir='ltr'><em>apud</em></span> <span class='ocrx_word' id='word_1_332' title='bbox 1618 1037 1665 1081; x_wconf 89' lang='lat' dir='ltr'><em>te</em></span> <span class='ocrx_word' id='word_1_333' title='bbox 1696 1031 2139 1080; x_wconf 88' lang='lat' dir='ltr'><em>intercessionibus</em></span> <span class='ocrx_word' id='word_1_334' title='bbox 2167 1034 2314 1093; x_wconf 68' lang='lat' dir='ltr'><em>adiu-</em></span> 
     </span>
     <span class='ocr_line' id='line_1_61' title="bbox 1325 1094 1900 1142; baseline 0.002 -1"><span class='ocrx_word' id='word_1_335' title='bbox 1325 1105 1522 1141; x_wconf 79' lang='lat' dir='ltr'><em>vemur.</em></span> <span class='ocrx_word' id='word_1_336' title='bbox 1544 1094 1641 1142; x_wconf 86' lang='lat' dir='ltr'><em>Per</em></span> <span class='ocrx_word' id='word_1_337' title='bbox 1664 1094 1900 1142; x_wconf 86' lang='lat' dir='ltr'><em>eundem.</em></span> 
     </span>
    </p>

    <p class='ocr_par' dir='ltr' id='par_1_14' title="bbox 1323 1155 2312 1341">
     <span class='ocr_line' id='line_1_62' title="bbox 1388 1155 2312 1215; baseline 0 -13"><span class='ocrx_word' id='word_1_338' title='bbox 1388 1162 1419 1209; x_wconf 64' lang='grc' dir='ltr'><strong>π</strong></span> <span class='ocrx_word' id='word_1_339' title='bbox 1453 1156 1555 1202; x_wconf 88' lang='lat' dir='ltr'><em>His</em></span> <span class='ocrx_word' id='word_1_340' title='bbox 1586 1156 1752 1215; x_wconf 85' lang='lat' dir='ltr'><em>dictis,</em></span> <span class='ocrx_word' id='word_1_341' title='bbox 1791 1157 1900 1204; x_wconf 91' lang='lat' dir='ltr'><em>sine</em></span> <span class='ocrx_word' id='word_1_342' title='bbox 1929 1155 2200 1204; x_wconf 85' lang='lat' dir='ltr'><em>intervallo</em></span> <span class='ocrx_word' id='word_1_343' title='bbox 2232 1157 2312 1203; x_wconf 83' lang='lat' dir='ltr'><em>di-</em></span> 
     </span>
     <span class='ocr_line' id='line_1_63' title="bbox 1323 1218 2311 1279; baseline 0.001 -15"><span class='ocrx_word' id='word_1_344' title='bbox 1323 1222 1513 1265; x_wconf 82' lang='lat' dir='ltr'><em>cuntur</em></span> <span class='ocrx_word' id='word_1_345' title='bbox 1542 1230 1760 1279; x_wconf 84' lang='lat' dir='ltr'><em>vesperoe</em></span> <span class='ocrx_word' id='word_1_346' title='bbox 1791 1219 1851 1267; x_wconf 91' lang='lat' dir='ltr'><em>de</em></span> <span class='ocrx_word' id='word_1_347' title='bbox 1889 1218 2084 1267; x_wconf 85' lang='lat' dir='ltr'><em>Sancta</em></span> <span class='ocrx_word' id='word_1_348' title='bbox 2131 1218 2311 1268; x_wconf 84' lang='lat' dir='ltr'><em>Maria</em></span> 
     </span>
     <span class='ocr_line' id='line_1_64' title="bbox 1326 1280 2038 1341; baseline 0.001 -14"><span class='ocrx_word' id='word_1_349' title='bbox 1326 1280 1434 1327; x_wconf 90' lang='lat' dir='ltr'><em>sine</em></span> <span class='ocrx_word' id='word_1_350' title='bbox 1455 1292 1643 1327; x_wconf 84' lang='lat' dir='ltr'><em>neuma</em></span> <span class='ocrx_word' id='word_1_351' title='bbox 1663 1281 1751 1327; x_wconf 76' lang='lat' dir='ltr'><em>hoc</em></span> <span class='ocrx_word' id='word_1_352' title='bbox 1779 1281 1945 1328; x_wconf 90' lang='lat' dir='ltr'><em>modo.</em></span> <span class='ocrx_word' id='word_1_353' title='bbox 2029 1333 2038 1341; x_wconf 54' lang='lat'><em>‚</em></span> 
     </span>
    </p>

    <p class='ocr_par' dir='ltr' id='par_1_15' title="bbox 1322 1341 2315 1638">
     <span class='ocr_line' id='line_1_65' title="bbox 1388 1341 2315 1402; baseline 0.002 -14"><span class='ocrx_word' id='word_1_354' title='bbox 1388 1341 1553 1402; x_wconf 83' lang='lat' dir='ltr'><em>Super</em></span> <span class='ocrx_word' id='word_1_355' title='bbox 1566 1342 1803 1390; x_wconf 87' lang='lat' dir='ltr'><em>Psalmos</em></span> <span class='ocrx_word' id='word_1_356' title='bbox 1824 1343 1887 1390; x_wconf 83' lang='grc' dir='ltr'><em>Α.</em></span> <span class='ocrx_word' id='word_1_357' title='bbox 1912 1341 2171 1401; x_wconf 79' lang='lat' dir='ltr'><em>Prophetae</em></span> <span class='ocrx_word' id='word_1_358' title='bbox 2188 1354 2315 1401; x_wconf 81' lang='lat' dir='ltr'><em>prae-</em></span> 
     </span>
     <span class='ocr_line' id='line_1_66' title="bbox 1322 1402 2315 1453; baseline -0.002 -2"><span class='ocrx_word' id='word_1_359' title='bbox 1322 1402 1619 1451; x_wconf 86' lang='lat' dir='ltr'><em>dicaverunt</em></span> <span class='ocrx_word' id='word_1_360' title='bbox 1642 1404 1780 1452; x_wconf 88' lang='lat' dir='ltr'><em>nasci</em></span> <span class='ocrx_word' id='word_1_361' title='bbox 1803 1404 2109 1453; x_wconf 69' lang='lat' dir='ltr'><em>Salvatorem</em></span> <span class='ocrx_word' id='word_1_362' title='bbox 2127 1403 2188 1452; x_wconf 88' lang='lat' dir='ltr'><em>de</em></span> <span class='ocrx_word' id='word_1_363' title='bbox 2205 1403 2315 1450; x_wconf 83' lang='lat' dir='ltr'><em>Vir-</em></span> 
     </span>
     <span class='ocr_line' id='line_1_67' title="bbox 1324 1464 2314 1525; baseline 0.001 -14"><span class='ocrx_word' id='word_1_364' title='bbox 1324 1464 1440 1525; x_wconf 82' lang='lat' dir='ltr'><em>gine</em></span> <span class='ocrx_word' id='word_1_365' title='bbox 1470 1465 1652 1514; x_wconf 84' lang='lat' dir='ltr'><em>Maria.</em></span> <span class='ocrx_word' id='word_1_366' title='bbox 1676 1465 1768 1513; x_wconf 89' lang='lat' dir='ltr'><em>Ps.</em></span> <span class='ocrx_word' id='word_1_367' title='bbox 1801 1467 2040 1514; x_wconf 82' lang='lat' dir='ltr'><em>LaetatuS.</em></span> <span class='ocrx_word' id='word_1_368' title='bbox 2064 1470 2113 1512; x_wconf 89' lang='lat' dir='ltr'><em>et</em></span> <span class='ocrx_word' id='word_1_369' title='bbox 2135 1470 2314 1513; x_wconf 88' lang='lat' dir='ltr'><em>coetera</em></span> 
     </span>
     <span class='ocr_line' id='line_1_68' title="bbox 1322 1526 2310 1587; baseline 0.002 -14"><span class='ocrx_word' id='word_1_370' title='bbox 1322 1527 1498 1573; x_wconf 90' lang='lat' dir='ltr'><em>omnia</em></span> <span class='ocrx_word' id='word_1_371' title='bbox 1525 1531 1682 1587; x_wconf 83' lang='lat' dir='ltr'><em>prout</em></span> <span class='ocrx_word' id='word_1_372' title='bbox 1704 1526 1920 1586; x_wconf 79' lang='lat' dir='ltr'><em>inferius</em></span> <span class='ocrx_word' id='word_1_373' title='bbox 1941 1527 1998 1573; x_wconf 88' lang='lat' dir='ltr'><em>in</em></span> <span class='ocrx_word' id='word_1_374' title='bbox 2019 1527 2221 1575; x_wconf 78' lang='lat' dir='ltr'><em>servitio</em></span> <span class='ocrx_word' id='word_1_375' title='bbox 2244 1527 2310 1575; x_wconf 88' lang='lat' dir='ltr'><em>B.</em></span> 
     </span>
     <span class='ocr_line' id='line_1_69' title="bbox 1323 1588 1873 1638; baseline -0.004 0"><span class='ocrx_word' id='word_1_376' title='bbox 1323 1588 1511 1638; x_wconf 83' lang='lat' dir='ltr'><em>Maria·</em></span> <span class='ocrx_word' id='word_1_377' title='bbox 1532 1591 1658 1634; x_wconf 83' lang='lat' dir='ltr'><em>sunt</em></span> <span class='ocrx_word' id='word_1_378' title='bbox 1677 1593 1873 1636; x_wconf 90' lang='lat' dir='ltr'><em>notata.</em></span> 
     </span>
    </p>

    <p class='ocr_par' dir='ltr' id='par_1_16' title="bbox 1321 1648 2314 1885">
     <span class='ocr_line' id='line_1_70' title="bbox 1387 1648 2311 1699; baseline 0.001 -2"><span class='ocrx_word' id='word_1_379' title='bbox 1387 1648 1473 1697; x_wconf 82' lang='lat' dir='ltr'><em>An</em></span> <span class='ocrx_word' id='word_1_380' title='bbox 1495 1650 1916 1699; x_wconf 65' lang='lat' dir='ltr'><em>Cometa-romum</em></span> <span class='ocrx_word' id='word_1_381' title='bbox 1937 1662 2006 1697; x_wconf 74' lang='lat' dir='ltr'><em>nn</em></span> <span class='ocrx_word' id='word_1_382' title='bbox 2029 1648 2311 1699; x_wconf 65' lang='lat' dir='ltr'><em>Anum-m.</em></span> 
     </span>
     <span class='ocr_line' id='line_1_71' title="bbox 1324 1710 2314 1771; baseline 0 -13"><span class='ocrx_word' id='word_1_383' title='bbox 1324 1710 1452 1759; x_wconf 89' lang='lat' dir='ltr'><em>Post</em></span> <span class='ocrx_word' id='word_1_384' title='bbox 1467 1713 1615 1761; x_wconf 83' lang='lat' dir='ltr'><em>Pater</em></span> <span class='ocrx_word' id='word_1_385' title='bbox 1633 1716 1799 1760; x_wconf 86' lang='lat' dir='ltr'><em>noster</em></span> <span class='ocrx_word' id='word_1_386' title='bbox 1815 1716 1865 1759; x_wconf 88' lang='lat' dir='ltr'><em>et</em></span> <span class='ocrx_word' id='word_1_387' title='bbox 1880 1711 1990 1760; x_wconf 79' lang='lat' dir='ltr'><em>Ave</em></span> <span class='ocrx_word' id='word_1_388' title='bbox 2002 1711 2185 1771; x_wconf 87' lang='lat' dir='ltr'><em>Maria,</em></span> <span class='ocrx_word' id='word_1_389' title='bbox 2210 1711 2314 1760; x_wconf 74' lang='lat' dir='ltr'><em>lieb-</em></span> 
     </span>
     <span class='ocr_line' id='line_1_72' title="bbox 1321 1774 2313 1835; baseline 0.001 -14"><span class='ocrx_word' id='word_1_390' title='bbox 1321 1774 1652 1822; x_wconf 82' lang='lat' dir='ltr'><em>domadarias</em></span> <span class='ocrx_word' id='word_1_391' title='bbox 1687 1774 1904 1835; x_wconf 84' lang='lat' dir='ltr'><em>incipiat</em></span> <span class='ocrx_word' id='word_1_392' title='bbox 1931 1775 2313 1835; x_wconf 83' lang='lat' dir='ltr'><em>completorium</em></span> 
     </span>
     <span class='ocr_line' id='line_1_73' title="bbox 1321 1836 1604 1885; baseline 0.011 -3"><span class='ocrx_word' id='word_1_393' title='bbox 1321 1836 1410 1883; x_wconf 79' lang='lat' dir='ltr'><em>hoc</em></span> <span class='ocrx_word' id='word_1_394' title='bbox 1438 1838 1604 1885; x_wconf 92' lang='lat' dir='ltr'><em>modo.</em></span> 
     </span>
    </p>

    <p class='ocr_par' dir='ltr' id='par_1_17' title="bbox 1318 1896 2313 2886">
     <span class='ocr_line' id='line_1_74' title="bbox 1385 1896 2313 1957; baseline -0.002 -9"><span class='ocrx_word' id='word_1_395' title='bbox 1385 1899 1629 1948; x_wconf 78' lang='lat' dir='ltr'><em>Converte</em></span> <span class='ocrx_word' id='word_1_396' title='bbox 1653 1911 1770 1957; x_wconf 80' lang='lat' dir='ltr'><em>neS‚</em></span> <span class='ocrx_word' id='word_1_397' title='bbox 1795 1898 1930 1946; x_wconf 88' lang='lat' dir='ltr'><em>Deus</em></span> <span class='ocrx_word' id='word_1_398' title='bbox 1951 1896 2191 1946; x_wconf 88' lang='lat' dir='ltr'><em>salutaris</em></span> <span class='ocrx_word' id='word_1_399' title='bbox 2214 1910 2313 1946; x_wconf 90' lang='lat' dir='ltr'><em>no-</em></span> 
     </span>
     <span class='ocr_line' id='line_1_75' title="bbox 1320 1960 2312 2017; baseline 0.001 -10"><span class='ocrx_word' id='word_1_400' title='bbox 1320 1964 1442 2008; x_wconf 90' lang='lat' dir='ltr'><em>ster.</em></span> <span class='ocrx_word' id='word_1_401' title='bbox 1471 1961 1662 2009; x_wconf 78' lang='lat' dir='ltr'><em>Chorus</em></span> <span class='ocrx_word' id='word_1_402' title='bbox 1696 1972 1775 2008; x_wconf 86' lang='lat' dir='ltr'><em>res</em></span> <span class='ocrx_word' id='word_1_403' title='bbox 1814 1961 2020 2017; x_wconf 88' lang='lat' dir='ltr'><em>ondeat,</em></span> <span class='ocrx_word' id='word_1_404' title='bbox 2051 1960 2115 2008; x_wconf 84' lang='lat' dir='ltr'><em>Et</em></span> <span class='ocrx_word' id='word_1_405' title='bbox 2145 1964 2312 2008; x_wconf 77' lang='lat' dir='ltr'><em>averte</em></span> 
     </span>
     <span class='ocr_line' id='line_1_76' title="bbox 1322 2019 2313 2079; baseline 0.001 -11"><span class='ocrx_word' id='word_1_406' title='bbox 1322 2021 1453 2070; x_wconf 85' lang='lat' dir='ltr'><em>iram</em></span> <span class='ocrx_word' id='word_1_407' title='bbox 1480 2027 1621 2069; x_wconf 87' lang='lat' dir='ltr'><em>tuam</em></span> <span class='ocrx_word' id='word_1_408' title='bbox 1652 2034 1682 2069; x_wconf 88' lang='lat' dir='ltr'><em>a</em></span> <span class='ocrx_word' id='word_1_409' title='bbox 1714 2033 1778 2067; x_wconf 90' lang='lat' dir='ltr'><em>no</em></span> <span class='ocrx_word' id='word_1_410' title='bbox 1815 2019 1877 2068; x_wconf 87' lang='lat' dir='ltr'><em>is.</em></span> <span class='ocrx_word' id='word_1_411' title='bbox 1896 2021 2156 2079; x_wconf 86' lang='lat' dir='ltr'><em>Sacerdos,</em></span> <span class='ocrx_word' id='word_1_412' title='bbox 2177 2022 2313 2069; x_wconf 88' lang='lat' dir='ltr'><em>Deus</em></span> 
     </span>
     <span class='ocr_line' id='line_1_77' title="bbox 1321 2081 2307 2144; baseline -0.001 -14"><span class='ocrx_word' id='word_1_413' title='bbox 1321 2082 1376 2131; x_wconf 89' lang='lat' dir='ltr'><em>in</em></span> <span class='ocrx_word' id='word_1_414' title='bbox 1399 2083 1712 2142; x_wconf 86' lang='lat' dir='ltr'><em>adjutorium</em></span> <span class='ocrx_word' id='word_1_415' title='bbox 1738 2081 1846 2143; x_wconf 89' lang='lat' dir='ltr'><em>[etc.</em></span> <span class='ocrx_word' id='word_1_416' title='bbox 1869 2081 2004 2128; x_wconf 81' lang='lat' dir='ltr'><em>utin</em></span> <span class='ocrx_word' id='word_1_417' title='bbox 2020 2081 2307 2144; x_wconf 85' lang='lat' dir='ltr'><em>Psalterio:]</em></span> 
     </span>
     <span class='ocr_line' id='line_1_78' title="bbox 1321 2142 2311 2203; baseline -0.003 -11"><span class='ocrx_word' id='word_1_418' title='bbox 1321 2149 1384 2192; x_wconf 82' lang='lat' dir='ltr'><em>ut</em></span> <span class='ocrx_word' id='word_1_419' title='bbox 1424 2157 1484 2191; x_wconf 80' lang='lat' dir='ltr'><em>su</em></span> <span class='ocrx_word' id='word_1_420' title='bbox 1523 2158 1586 2192; x_wconf 85' lang='lat' dir='ltr'><em>ra</em></span> <span class='ocrx_word' id='word_1_421' title='bbox 1625 2144 1695 2191; x_wconf 87' lang='lat' dir='ltr'><em>ad</em></span> <span class='ocrx_word' id='word_1_422' title='bbox 1729 2154 1867 2203; x_wconf 86' lang='lat' dir='ltr'><em>vesp.</em></span> <span class='ocrx_word' id='word_1_423' title='bbox 1920 2142 2062 2189; x_wconf 82' lang='lat' dir='ltr'><em>Unus</em></span> <span class='ocrx_word' id='word_1_424' title='bbox 2102 2143 2311 2190; x_wconf 78' lang='lat' dir='ltr'><em>clericus</em></span> 
     </span>
     <span class='ocr_line' id='line_1_79' title="bbox 1322 2203 2312 2266; baseline -0.001 -12"><span class='ocrx_word' id='word_1_425' title='bbox 1322 2206 1382 2254; x_wconf 91' lang='lat' dir='ltr'><em>de</em></span> <span class='ocrx_word' id='word_1_426' title='bbox 1396 2205 1440 2266; x_wconf 75' lang='lat' dir='ltr'><em>ij</em></span> <span class='ocrx_word' id='word_1_427' title='bbox 1486 2218 1632 2254; x_wconf 88' lang='lat' dir='ltr'><em>orma</em></span> <span class='ocrx_word' id='word_1_428' title='bbox 1645 2205 1864 2264; x_wconf 85' lang='lat' dir='ltr'><em>incipiat</em></span> <span class='ocrx_word' id='word_1_429' title='bbox 1877 2204 1941 2253; x_wconf 80' lang='lat' dir='ltr'><em>A.</em></span> <span class='ocrx_word' id='word_1_430' title='bbox 1963 2203 2205 2256; x_wconf 85' lang='lat' dir='ltr'><em>Miserere</em></span> <span class='ocrx_word' id='word_1_431' title='bbox 2221 2204 2312 2253; x_wconf 87' lang='lat' dir='ltr'><em>mi-</em></span> 
     </span>
     <span class='ocr_line' id='line_1_80' title="bbox 1322 2266 2308 2327; baseline 0.001 -12"><span class='ocrx_word' id='word_1_432' title='bbox 1322 2267 1376 2315; x_wconf 88' lang='lat' dir='ltr'><em>hi</em></span> <span class='ocrx_word' id='word_1_433' title='bbox 1393 2268 1521 2327; x_wconf 75' lang='lat' dir='ltr'><em>Dfie,</em></span> <span class='ocrx_word' id='word_1_434' title='bbox 1545 2273 1593 2317; x_wconf 89' lang='lat' dir='ltr'><em>et</em></span> <span class='ocrx_word' id='word_1_435' title='bbox 1612 2267 1791 2316; x_wconf 82' lang='lat' dir='ltr'><em>exaudi</em></span> <span class='ocrx_word' id='word_1_436' title='bbox 1812 2266 2090 2315; x_wconf 86' lang='lat' dir='ltr'><em>orationem</em></span> <span class='ocrx_word' id='word_1_437' title='bbox 2122 2279 2308 2316; x_wconf 84' lang='lat' dir='ltr'><em>meam.</em></span> 
     </span>
     <span class='ocr_line' id='line_1_81' title="bbox 1323 2329 2311 2379; baseline -0.001 -2"><span class='ocrx_word' id='word_1_438' title='bbox 1323 2329 1416 2377; x_wconf 88' lang='lat' dir='ltr'><em>Ps.</em></span> <span class='ocrx_word' id='word_1_439' title='bbox 1452 2330 1581 2379; x_wconf 91' lang='lat' dir='ltr'><em>Cum</em></span> <span class='ocrx_word' id='word_1_440' title='bbox 1623 2329 1927 2378; x_wconf 82' lang='lat' dir='ltr'><em>invocarem.</em></span> <span class='ocrx_word' id='word_1_441' title='bbox 1965 2334 2016 2377; x_wconf 86' lang='lat' dir='ltr'><em>et</em></span> <span class='ocrx_word' id='word_1_442' title='bbox 2048 2329 2311 2377; x_wconf 80' lang='lat' dir='ltr'><em>intonetur</em></span> 
     </span>
     <span class='ocr_line' id='line_1_82' title="bbox 1321 2390 2308 2453; baseline 0 -14"><span class='ocrx_word' id='word_1_443' title='bbox 1321 2392 1415 2440; x_wconf 89' lang='lat' dir='ltr'><em>Ps.</em></span> <span class='ocrx_word' id='word_1_444' title='bbox 1448 2390 1512 2440; x_wconf 90' lang='lat' dir='ltr'><em>ab</em></span> <span class='ocrx_word' id='word_1_445' title='bbox 1546 2391 1715 2453; x_wconf 83' lang='lat' dir='ltr'><em>aliquo</em></span> <span class='ocrx_word' id='word_1_446' title='bbox 1750 2392 1809 2440; x_wconf 91' lang='lat' dir='ltr'><em>de</em></span> <span class='ocrx_word' id='word_1_447' title='bbox 1843 2404 1902 2439; x_wconf 83' lang='lat' dir='ltr'><em>su</em></span> <span class='ocrx_word' id='word_1_448' title='bbox 1942 2391 2095 2440; x_wconf 86' lang='lat' dir='ltr'><em>eriori</em></span> <span class='ocrx_word' id='word_1_449' title='bbox 2121 2393 2308 2452; x_wconf 74' lang='lat' dir='ltr'><em>yrada.</em></span> 
     </span>
     <span class='ocr_line' id='line_1_83' title="bbox 1322 2453 2311 2514; baseline -0.001 -13"><span class='ocrx_word' id='word_1_450' title='bbox 1322 2453 1414 2502; x_wconf 88' lang='lat' dir='ltr'><em>Ps.</em></span> <span class='ocrx_word' id='word_1_451' title='bbox 1439 2455 1500 2502; x_wconf 92' lang='lat' dir='ltr'><em>In</em></span> <span class='ocrx_word' id='word_1_452' title='bbox 1525 2458 1572 2503; x_wconf 89' lang='lat' dir='ltr'><em>te</em></span> <span class='ocrx_word' id='word_1_453' title='bbox 1594 2454 1703 2503; x_wconf 67' lang='lat' dir='ltr'><em>Diae</em></span> <span class='ocrx_word' id='word_1_454' title='bbox 1723 2466 1899 2513; x_wconf 83' lang='lat' dir='ltr'><em>sperav</em></span> <span class='ocrx_word' id='word_1_455' title='bbox 1927 2489 1939 2502; x_wconf 92' lang='lat'><em>.</em></span> <span class='ocrx_word' id='word_1_456' title='bbox 1953 2453 1986 2514; x_wconf 81' lang='lat' dir='ltr'><em>j</em></span> <span class='ocrx_word' id='word_1_457' title='bbox 2000 2473 2018 2511; x_wconf 85' lang='lat'><em>,·</em></span> <span class='ocrx_word' id='word_1_458' title='bbox 2040 2458 2090 2502; x_wconf 89' lang='lat' dir='ltr'><em>et</em></span> <span class='ocrx_word' id='word_1_459' title='bbox 2108 2453 2311 2501; x_wconf 84' lang='lat' dir='ltr'><em>dicatur</em></span> 
     </span>
     <span class='ocr_line' id='line_1_84' title="bbox 1320 2515 2307 2578; baseline 0.001 -16"><span class='ocrx_word' id='word_1_460' title='bbox 1320 2528 1476 2578; x_wconf 81' lang='lat' dir='ltr'><em>usque</em></span> <span class='ocrx_word' id='word_1_461' title='bbox 1511 2517 1581 2564; x_wconf 88' lang='lat' dir='ltr'><em>ad</em></span> <span class='ocrx_word' id='word_1_462' title='bbox 1624 2526 1675 2564; x_wconf 85' lang='lat' dir='ltr'><em>v.</em></span> <span class='ocrx_word' id='word_1_463' title='bbox 1720 2515 1887 2565; x_wconf 87' lang='lat' dir='ltr'><em>Odisti</em></span> <span class='ocrx_word' id='word_1_464' title='bbox 1938 2517 2262 2565; x_wconf 76' lang='lat' dir='ltr'><em>observantes</em></span> <span class='ocrx_word' id='word_1_465' title='bbox 2295 2531 2307 2563; x_wconf 76' lang='lat' dir='ltr'><strong><em>z</em></strong></span> 
     </span>
     <span class='ocr_line' id='line_1_85' title="bbox 1321 2577 2304 2640; baseline 0.001 -15"><span class='ocrx_word' id='word_1_466' title='bbox 1321 2582 1431 2625; x_wconf 81' lang='lat' dir='ltr'><em>tum</em></span> <span class='ocrx_word' id='word_1_467' title='bbox 1444 2578 1538 2626; x_wconf 89' lang='lat' dir='ltr'><em>Ps.</em></span> <span class='ocrx_word' id='word_1_468' title='bbox 1553 2578 1881 2640; x_wconf 83' lang='lat' dir='ltr'><em>Quihabitat.</em></span> <span class='ocrx_word' id='word_1_469' title='bbox 1899 2577 1991 2626; x_wconf 89' lang='lat' dir='ltr'><em>Ps.</em></span> <span class='ocrx_word' id='word_1_470' title='bbox 2008 2578 2134 2627; x_wconf 84' lang='lat' dir='ltr'><em>Ecce</em></span> <span class='ocrx_word' id='word_1_471' title='bbox 2151 2590 2304 2626; x_wconf 89' lang='lat' dir='ltr'><em>nunc.</em></span> 
     </span>
     <span class='ocr_line' id='line_1_86' title="bbox 1320 2639 2312 2701; baseline -0.001 -14"><span class='ocrx_word' id='word_1_472' title='bbox 1320 2639 1397 2687; x_wconf 87' lang='lat' dir='ltr'><em>Hi</em></span> <span class='ocrx_word' id='word_1_473' title='bbox 1411 2641 1648 2700; x_wconf 70' lang='lat' dir='ltr'><em>praedicti</em></span> <span class='ocrx_word' id='word_1_474' title='bbox 1663 2640 1856 2701; x_wconf 85' lang='lat' dir='ltr'><em>psalmi</em></span> <span class='ocrx_word' id='word_1_475' title='bbox 1875 2640 2026 2687; x_wconf 86' lang='lat' dir='ltr'><em>dican</em></span> <span class='ocrx_word' id='word_1_476' title='bbox 2034 2646 2119 2687; x_wconf 88' lang='lat' dir='ltr'><em>tur</em></span> <span class='ocrx_word' id='word_1_477' title='bbox 2145 2642 2312 2700; x_wconf 80' lang='lat' dir='ltr'><em>quoti-</em></span> 
     </span>
     <span class='ocr_line' id='line_1_87' title="bbox 1319 2701 2308 2762; baseline -0.003 -13"><span class='ocrx_word' id='word_1_478' title='bbox 1319 2701 1399 2750; x_wconf 87' lang='lat' dir='ltr'><em>die</em></span> <span class='ocrx_word' id='word_1_479' title='bbox 1433 2702 1503 2749; x_wconf 87' lang='lat' dir='ltr'><em>ad</em></span> <span class='ocrx_word' id='word_1_480' title='bbox 1537 2702 1722 2762; x_wconf 87' lang='lat' dir='ltr'><em>compl.</em></span> <span class='ocrx_word' id='word_1_481' title='bbox 1753 2713 1850 2762; x_wconf 87' lang='lat' dir='ltr'><em>per</em></span> <span class='ocrx_word' id='word_1_482' title='bbox 1887 2705 2046 2748; x_wconf 81' lang='lat' dir='ltr'><em>totum</em></span> <span class='ocrx_word' id='word_1_483' title='bbox 2082 2713 2308 2760; x_wconf 85' lang='lat' dir='ltr'><em>annum,</em></span> 
     </span>
     <span class='ocr_line' id='line_1_88' title="bbox 1319 2761 2308 2825; baseline -0.003 -14"><span class='ocrx_word' id='word_1_484' title='bbox 1319 2763 1379 2811; x_wconf 87' lang='lat' dir='ltr'><em>de</em></span> <span class='ocrx_word' id='word_1_485' title='bbox 1393 2775 1684 2825; x_wconf 78' lang='lat' dir='ltr'><em>quocunque</em></span> <span class='ocrx_word' id='word_1_486' title='bbox 1694 2761 1790 2825; x_wconf 78' lang='lat' dir='ltr'><em>fiat</em></span> <span class='ocrx_word' id='word_1_487' title='bbox 1803 2761 2081 2818; x_wconf 84' lang='lat' dir='ltr'><em>servitium,</em></span> <span class='ocrx_word' id='word_1_488' title='bbox 2094 2768 2308 2822; x_wconf 63' lang='lat' dir='ltr'><em>praeter-</em></span> 
     </span>
     <span class='ocr_line' id='line_1_89' title="bbox 1318 2823 2307 2886; baseline 0 -14"><span class='ocrx_word' id='word_1_489' title='bbox 1318 2837 1472 2886; x_wconf 79' lang='lat' dir='ltr'><em>quam</em></span> <span class='ocrx_word' id='word_1_490' title='bbox 1488 2823 1523 2873; x_wconf 82' lang='lat' dir='ltr'><em>d</em></span> <span class='ocrx_word' id='word_1_491' title='bbox 1537 2824 1692 2874; x_wconf 83' lang='lat' dir='ltr'><em>Goena</em></span> <span class='ocrx_word' id='word_1_492' title='bbox 1704 2823 1815 2872; x_wconf 68' lang='lat' dir='ltr'><em>Dru·</em></span> <span class='ocrx_word' id='word_1_493' title='bbox 1827 2836 1982 2886; x_wconf 77' lang='lat' dir='ltr'><em>usque</em></span> <span class='ocrx_word' id='word_1_494' title='bbox 1993 2825 2063 2872; x_wconf 90' lang='lat' dir='ltr'><em>ad</em></span> <span class='ocrx_word' id='word_1_495' title='bbox 2075 2830 2307 2873; x_wconf 84' lang='lat' dir='ltr'><em>octavam</em></span> 
     </span>
    </p>
   </div>
   <div class='ocr_carea' id='block_1_4' title="bbox 1312 2887 1534 2947">
    <p class='ocr_par' dir='ltr' id='par_1_18' title="bbox 1312 2887 1534 2947">
     <span class='ocr_line' id='line_1_90' title="bbox 1312 2887 1534 2947; baseline 0.005 -13"><span class='ocrx_word' id='word_1_496' title='bbox 1312 2887 1534 2947; x_wconf 80' lang='lat' dir='ltr'><em>paschoe.</em></span> 
     </span>
    </p>
   </div>
   <div class='ocr_carea' id='block_1_5' title="bbox 1315 2946 2358 3629">
    <p class='ocr_par' dir='ltr' id='par_1_19' title="bbox 1323 2946 2300 3073">
     <span class='ocr_line' id='line_1_91' title="bbox 1384 2946 2300 3010; baseline 0 -12"><span class='ocrx_word' id='word_1_497' title='bbox 1384 2948 1509 3009; x_wconf 84' lang='lat' dir='ltr'><em>Cap.</em></span> <span class='ocrx_word' id='word_1_498' title='bbox 1541 2948 1620 2997; x_wconf 91' lang='lat' dir='ltr'><em>Tu</em></span> <span class='ocrx_word' id='word_1_499' title='bbox 1649 2948 1702 2997; x_wconf 91' lang='lat' dir='ltr'><em>in</em></span> <span class='ocrx_word' id='word_1_500' title='bbox 1737 2947 1883 2998; x_wconf 87' lang='lat' dir='ltr'><em>nobis</em></span> <span class='ocrx_word' id='word_1_501' title='bbox 1916 2958 1986 3007; x_wconf 81' lang='lat' dir='ltr'><em>eS‚</em></span> <span class='ocrx_word' id='word_1_502' title='bbox 2012 2947 2141 3007; x_wconf 69' lang='lat' dir='ltr'><em>Dine,</em></span> <span class='ocrx_word' id='word_1_503' title='bbox 2172 2946 2300 3010; x_wconf 64' lang='lat' dir='ltr'><em>[eta]</em></span> 
     </span>
     <span class='ocr_line' id='line_1_92' title="bbox 1323 3010 2218 3073; baseline 0.002 -14"><span class='ocrx_word' id='word_1_504' title='bbox 1323 3011 1517 3059; x_wconf 77' lang='lat' dir='ltr'><em>Chorus</em></span> <span class='ocrx_word' id='word_1_505' title='bbox 1538 3012 1863 3073; x_wconf 80' lang='lat' dir='ltr'><em>respondeat,</em></span> <span class='ocrx_word' id='word_1_506' title='bbox 1884 3010 1986 3060; x_wconf 87' lang='lat' dir='ltr'><em>Deo</em></span> <span class='ocrx_word' id='word_1_507' title='bbox 2014 3012 2218 3071; x_wconf 75' lang='lat' dir='ltr'><em>gratias·</em></span> 
     </span>
    </p>

    <p class='ocr_par' dir='ltr' id='par_1_20' title="bbox 1316 3072 2307 3381">
     <span class='ocr_line' id='line_1_93' title="bbox 1381 3072 2304 3134; baseline -0.002 -14"><span class='ocrx_word' id='word_1_508' title='bbox 1381 3072 1544 3134; x_wconf 84' lang='lat' dir='ltr'><em>Hym.</em></span> <span class='ocrx_word' id='word_1_509' title='bbox 1567 3074 1637 3123; x_wconf 88' lang='lat' dir='ltr'><em>Te</em></span> <span class='ocrx_word' id='word_1_510' title='bbox 1655 3074 1783 3123; x_wconf 86' lang='lat' dir='ltr'><em>lucis</em></span> <span class='ocrx_word' id='word_1_511' title='bbox 1803 3077 1937 3122; x_wconf 84' lang='lat' dir='ltr'><em>ante.</em></span> <span class='ocrx_word' id='word_1_512' title='bbox 1961 3073 2064 3120; x_wconf 88' lang='lat' dir='ltr'><em>Hic</em></span> <span class='ocrx_word' id='word_1_513' title='bbox 2084 3074 2304 3134; x_wconf 80' lang='lat' dir='ltr'><em>hymnus</em></span> 
     </span>
     <span class='ocr_line' id='line_1_94' title="bbox 1317 3134 2307 3197; baseline -0.004 -14"><span class='ocrx_word' id='word_1_514' title='bbox 1317 3134 1521 3183; x_wconf 86' lang='lat' dir='ltr'><em>dicatur</em></span> <span class='ocrx_word' id='word_1_515' title='bbox 1556 3138 1625 3185; x_wconf 89' lang='lat' dir='ltr'><em>ad</em></span> <span class='ocrx_word' id='word_1_516' title='bbox 1658 3137 1841 3197; x_wconf 87' lang='lat' dir='ltr'><em>compl.</em></span> <span class='ocrx_word' id='word_1_517' title='bbox 1912 3149 1967 3183; x_wconf 87' lang='lat' dir='ltr'><em>er</em></span> <span class='ocrx_word' id='word_1_518' title='bbox 2012 3140 2173 3182; x_wconf 85' lang='lat' dir='ltr'><em>totum</em></span> <span class='ocrx_word' id='word_1_519' title='bbox 2209 3146 2307 3180; x_wconf 85' lang='lat' dir='ltr'><em>an-</em></span> 
     </span>
     <span class='ocr_line' id='line_1_95' title="bbox 1318 3194 2304 3259; baseline -0.003 -16"><span class='ocrx_word' id='word_1_520' title='bbox 1318 3208 1461 3254; x_wconf 81' lang='lat' dir='ltr'><em>num,</em></span> <span class='ocrx_word' id='word_1_521' title='bbox 1483 3198 1588 3246; x_wconf 84' lang='lat' dir='ltr'><em>nisi</em></span> <span class='ocrx_word' id='word_1_522' title='bbox 1606 3200 1665 3246; x_wconf 86' lang='lat' dir='ltr'><em>in</em></span> <span class='ocrx_word' id='word_1_523' title='bbox 1686 3198 1877 3259; x_wconf 81' lang='lat' dir='ltr'><em>duplici</em></span> <span class='ocrx_word' id='word_1_524' title='bbox 1907 3209 1967 3243; x_wconf 80' lang='lat' dir='ltr'><em>us</em></span> <span class='ocrx_word' id='word_1_525' title='bbox 1992 3194 2155 3256; x_wconf 77' lang='lat' dir='ltr'><em>festis,</em></span> <span class='ocrx_word' id='word_1_526' title='bbox 2177 3199 2222 3242; x_wconf 88' lang='lat' dir='ltr'><em>et</em></span> <span class='ocrx_word' id='word_1_527' title='bbox 2246 3194 2304 3240; x_wconf 89' lang='lat' dir='ltr'><em>in</em></span> 
     </span>
     <span class='ocr_line' id='line_1_96' title="bbox 1316 3257 2304 3321; baseline -0.001 -16"><span class='ocrx_word' id='word_1_528' title='bbox 1316 3259 1507 3306; x_wconf 85' lang='lat' dir='ltr'><em>octavis</em></span> <span class='ocrx_word' id='word_1_529' title='bbox 1532 3272 1648 3308; x_wconf 80' lang='lat' dir='ltr'><em>cum</em></span> <span class='ocrx_word' id='word_1_530' title='bbox 1674 3259 1918 3321; x_wconf 73' lang='lat' dir='ltr'><em>reqimine</em></span> <span class='ocrx_word' id='word_1_531' title='bbox 1938 3257 2091 3315; x_wconf 80' lang='lat' dir='ltr'><em>chori,</em></span> <span class='ocrx_word' id='word_1_532' title='bbox 2112 3262 2161 3305; x_wconf 86' lang='lat' dir='ltr'><em>et</em></span> <span class='ocrx_word' id='word_1_533' title='bbox 2179 3269 2213 3303; x_wconf 89' lang='lat' dir='ltr'><em>a</em></span> <span class='ocrx_word' id='word_1_534' title='bbox 2236 3269 2304 3304; x_wconf 78' lang='lat' dir='ltr'><em>xi.</em></span> 
     </span>
     <span class='ocr_line' id='line_1_97' title="bbox 1316 3318 2267 3381; baseline -0.002 -15"><span class='ocrx_word' id='word_1_535' title='bbox 1316 3320 1547 3381; x_wconf 81' lang='lat' dir='ltr'><em>usquein</em></span> <span class='ocrx_word' id='word_1_536' title='bbox 1568 3326 1724 3370; x_wconf 85' lang='lat' dir='ltr'><em>crast.</em></span> <span class='ocrx_word' id='word_1_537' title='bbox 1749 3321 1950 3369; x_wconf 84' lang='lat' dir='ltr'><em>Sanctae</em></span> <span class='ocrx_word' id='word_1_538' title='bbox 1977 3318 2267 3367; x_wconf 86' lang='lat' dir='ltr'><em>Trinitatis.</em></span> 
     </span>
    </p>

    <p class='ocr_par' dir='ltr' id='par_1_21' title="bbox 1315 3378 2358 3568">
     <span class='ocr_line' id='line_1_98' title="bbox 1378 3378 2305 3443; baseline -0.002 -15"><span class='ocrx_word' id='word_1_539' title='bbox 1378 3378 1440 3443; x_wconf 58' lang='grc' dir='ltr'><em>ψ.</em></span> <span class='ocrx_word' id='word_1_540' title='bbox 1462 3382 1668 3431; x_wconf 84' lang='lat' dir='ltr'><em>Custodi</em></span> <span class='ocrx_word' id='word_1_541' title='bbox 1686 3395 1795 3441; x_wconf 91' lang='lat' dir='ltr'><em>nos‚</em></span> <span class='ocrx_word' id='word_1_542' title='bbox 1820 3382 1945 3430; x_wconf 77' lang='lat' dir='ltr'><em>Dfie.</em></span> <span class='ocrx_word' id='word_1_543' title='bbox 1969 3392 2033 3442; x_wconf 77' lang='lat'><em>132.</em></span> <span class='ocrx_word' id='word_1_544' title='bbox 2054 3382 2123 3429; x_wconf 86' lang='lat' dir='ltr'><em>Ut</em></span> <span class='ocrx_word' id='word_1_545' title='bbox 2140 3379 2305 3439; x_wconf 82' lang='lat' dir='ltr'><em>pupii-</em></span> 
     </span>
     <span class='ocr_line' id='line_1_99' title="bbox 1317 3443 2358 3503; baseline 0 -12"><span class='ocrx_word' id='word_1_546' title='bbox 1317 3443 1418 3491; x_wconf 86' lang='lat' dir='ltr'><em>lam</em></span> <span class='ocrx_word' id='word_1_547' title='bbox 1439 3444 1601 3503; x_wconf 85' lang='lat' dir='ltr'><em>oculi,</em></span> <span class='ocrx_word' id='word_1_548' title='bbox 1629 3446 1725 3494; x_wconf 91' lang='lat' dir='ltr'><em>sub</em></span> <span class='ocrx_word' id='word_1_549' title='bbox 1759 3444 1940 3492; x_wconf 85' lang='lat' dir='ltr'><em>umbra</em></span> <span class='ocrx_word' id='word_1_550' title='bbox 1971 3444 2169 3491; x_wconf 87' lang='lat' dir='ltr'><em>alarum</em></span> <span class='ocrx_word' id='word_1_551' title='bbox 2192 3446 2305 3491; x_wconf 82' lang='lat' dir='ltr'><em>tua-</em></span> <span class='ocrx_word' id='word_1_552' title='bbox 2355 3472 2358 3475; x_wconf 97' lang='lat'>-</span> 
     </span>
     <span class='ocr_line' id='line_1_100' title="bbox 1315 3511 2204 3568; baseline 0.006 -16"><span class='ocrx_word' id='word_1_553' title='bbox 1315 3517 1432 3553; x_wconf 91' lang='lat' dir='ltr'><em>rum</em></span> <span class='ocrx_word' id='word_1_554' title='bbox 1480 3511 1683 3568; x_wconf 83' lang='lat' dir='ltr'><em>protege</em></span> <span class='ocrx_word' id='word_1_555' title='bbox 1728 3517 1838 3554; x_wconf 81' lang='lat' dir='ltr'><em>nOS.</em></span> <span class='ocrx_word' id='word_1_556' title='bbox 2201 3554 2204 3557; x_wconf 88' lang='lat'><em>.</em></span> 
     </span>
    </p>

    <p class='ocr_par' dir='ltr' id='par_1_22' title="bbox 1377 3563 2306 3629">
     <span class='ocr_line' id='line_1_101' title="bbox 1377 3563 2306 3629; baseline -0.002 -13"><span class='ocrx_word' id='word_1_557' title='bbox 1377 3568 1441 3617; x_wconf 81' lang='grc' dir='ltr'><em>Δ.</em></span> <span class='ocrx_word' id='word_1_558' title='bbox 1460 3567 1608 3629; x_wconf 84' lang='lat' dir='ltr'><em>Veni,</em></span> <span class='ocrx_word' id='word_1_559' title='bbox 1627 3569 1754 3628; x_wconf 76' lang='lat' dir='ltr'><em>Bne,</em></span> <span class='ocrx_word' id='word_1_560' title='bbox 1772 3565 1977 3616; x_wconf 78' lang='lat' dir='ltr'><em>visitare</em></span> <span class='ocrx_word' id='word_1_561' title='bbox 1986 3563 2143 3615; x_wconf 90' lang='lat' dir='ltr'><em>nosin</em></span> <span class='ocrx_word' id='word_1_562' title='bbox 2157 3575 2306 3625; x_wconf 66' lang='lat' dir='ltr'><em>pacet</em></span> 
     </span>
    </p>
   </div>
  </div>
 </body>
</html>
