2910 4457
180 429 263 481 An
280 432 310 493 5
327 428 548 499 29-32)
982 445 1144 485 13er
1169 445 1354 487 murus
1380 445 1644 486 mserum.
2257 429 2327 496 ix

182 594 279 644 que
298 580 491 630 nostris
515 578 782 645 longiores
807 582 946 643 sunt,
970 605 1036 616 —-
1064 578 1147 629 die
1170 579 1392 645 septima
1415 580 1554 631 infra
1580 578 1824 631 Omnium
1843 576 2152 631 Sanctorum
2173 579 2332 631 Octa·

178 678 284 726 vas,
314 677 433 713 cum
463 660 619 712 titulo
648 661 857 713 “Sermo
894 661 945 712 S.
974 660 1199 713 Joannis
1229 661 1654 729 Chrysostomi.”,
1679 662 1736 712 in
1761 662 1913 714 Noct.
1944 667 1972 712 2
2005 663 2081 713 ita
2107 662 2334 714 divisum

179 745 393 812 leg-itur:
424 742 575 795 “Lec.
602 744 669 796 iv.
699 743 804 807 Qui
823 746 1135 801 Sanctorum
1149 747 1335 814 -ipsi
1359 747 1501 812 quod
1525 746 1738 798 faciunt.
1767 743 1888 798 Leo.
1917 762 1964 796 v.
1991 746 2173 811 Neque
2197 748 2335 796 enim

179 827 414 878 “difficile
441 827 595 879 nobis
615 832 696 878 est
712 853 773 863 —
792 830 1021 881 victores
1038 829 1338 882 redduntur.
1360 828 1481 883 Leo.
1499 828 1566 881 vi.
1583 828 1842 897 Apostoli,
1863 829 2108 897 discipuli
2125 829 2337 895 Christi,

181 912 206 939 “
222 938 292 951 —
312 914 398 964 cui
414 927 605 963 nomen
625 910 858 963 dedisti.”

272 997 355 1047 De
381 995 465 1045 his
494 1000 669 1048 autem
698 1011 814 1062 quae
840 996 897 1046 in
914 999 1092 1048 vetere
1110 995 1261 1047 Msto
1280 995 1341 1060 L,
1368 995 1527 1048 velin
1542 996 1696 1047 Brev.
1711 996 1878 1063 Rom„
1906 995 1994 1049 vel
2009 997 2066 1047 in
2082 996 2213 1064 ipsis
2240 996 2338 1048 Pa-

175 1085 309 1130 trum
326 1079 644 1133 editionibus
664 1080 826 1145 aliter,
842 1081 899 1130 in
916 1085 1098 1132 nostra
1108 1076 1249 1147 (quae
1259 1079 1519 1147 vulgatas,
1539 1085 1788 1145 quantum
1797 1078 1909 1129 fieri
1920 1085 2106 1146 potest,
2124 1081 2339 1131 Brevia-

174 1164 238 1213 rii
276 1162 474 1215 Sarisb.
520 1163 774 1215 editiones
809 1162 1064 1229 sequitur)
1092 1162 1255 1227 aliter,
1292 1162 1349 1212 in
1374 1163 1760 1214 Nocturnorum
1784 1162 2125 1214 Lectionibus
2152 1161 2338 1231 legun-

175 1251 272 1311 tur,
302 1263 464 1313 quum
479 1246 642 1299 multo
666 1248 821 1298 nimis
845 1245 1128 1311 abundent,
1152 1261 1262 1297 non
1288 1246 1392 1297 nisi
1418 1234 1871 1314 per'exc'eptionis
1892 1245 2105 1298 modum
2136 1246 2339 1297 moneri

175 1328 427 1381 lectorem
451 1345 629 1396 operae
661 1330 883 1396 pretium
905 1330 1017 1380 erit.

271 1414 429 1465 Pro‘
431 1415 546 1465 ‘nos
582 1411 822 1481 quoque”
859 1415 965 1463 et‘
970 1412 1110 1465 ‘dum
1141 1412 1292 1478 nos”,
1326 1427 1443 1480 quae
1478 1427 1596 1464 cum
1627 1412 1783 1464 BreV.
1800 1412 1947 1464 Rom.
1979 1412 2026 1463 L
2079 1411 2254 1477 habet,
2288 1412 2337 1463 A

179 1497 417 1564 “quoque
435 1496 548 1549 nos'
553 1496 635 1548 ’et
653 1498 785 1548 “nos
802 1495 972 1548 dum”.

274 1579 558 1631 Christus
541 1598 599 1631 111
629 1581 738 1631 suis
761 1595 965 1647 semper
988 1580 1045 1630 in
1067 1578 1308 1631 Ecclesia
1332 1576 1591 1646 laudetur]
1625 1579 1690 1629 In
1712 1578 1868 1630 Brcv.
1890 1523 2038 1631 Rom.
2071 1578 2338 1631 “Christus

179 1663 262 1713 “in
284 1665 395 1714 suis
421 1679 626 1729 semper
648 1664 815 1715 servis
836 1664 893 1714 in
914 1662 1155 1714 Ecclesia
1177 1665 1361 1713 sancta
1381 1660 1656 1714 laudetur!
1660 1660 1752 1712 ’In
1767 1662 1839 1713 L.
1866 1662 2171 1715 “Christus
2154 1678 2211 1713 111
2229 1663 2338 1715 suis

180 1744 413 1811 “semper
429 1746 809 1813 magnificetur,
829 1751 882 1797 et
899 1744 1140 1797 Ecclesia
1156 1760 1251 1795 sua
1266 1733 1554 1796 laudetur-2⁹

272 1825 312 1893 5
335 1824 496 1897 80.)
523 1828 807 1880 Communis
823 1827 1088 1894 H'wtorioe]
1114 1826 1399 1880 Communis
1415 1827 1655 1880 Historia
1672 1833 1752 1879 est
1769 1828 1910 1896 quod
1927 1845 2070 1882 nunc
2087 1830 2336 1898 simplici-

174 1916 252 1961 ter
275 1909 550 1963 Commune
565 1917 808 1963 vocatur:
830 1912 895 1963 cf.
915 1912 981 1962 ad
1002 1912 1065 1974 55
1085 1915 1113 1961 7
1134 1916 1186 1962 et
1204 1916 1283 1962 27.

269 2002 392 2047 ante
411 1992 669 2061 lectiones]
692 1994 779 2045 Sic
793 2000 934 2045 recte
949 1994 1010 2044 L:
1028 1994 1085 2044 in
1102 1993 1151 2043 A
1166 2009 1437 2061 perperam
1457 1995 1610 2047 “oente
1626 1994 1781 2060 lau.'’,
1798 1997 1833 2047 i.
1850 2012 1895 2048 e.
1914 1998 2066 2048 “ante
2079 1996 2336 2063 Laudes’ss

176 2074 253 2126 Cf.
288 2082 463 2129 autem
498 2075 760 2128 rubricam
791 2076 855 2127 de
888 2077 1161 2129 Versiculo
1198 2083 1320 2128 ante
1350 2078 1560 2130 Laudes
1590 2079 1728 2130 infra
1758 2079 1810 2145 (5
1840 2079 1923 2145 37)
1950 2081 2193 2146 positam,
2223 2097 2340 2134 cum

174 2165 375 2211 annott.
404 2160 476 2212 ad
505 2159 723 2211 eandem
752 2166 804 2211 et
826 2160 896 2212 ad
918 2159 1110 2213 lemma
1134 2173 1276 2228 “quae
1303 2169 1375 2214 est
1398 2160 1618 2213 ultimff-
1640 2161 1707 2212 ad
1723 2162 1882 2213 finem
1896 2162 2117 2215 rubricae
2147 2165 2211 2217 de
2236 2181 2342 2233 qua

174 2261 317 2296 nunc
345 2245 542 2312 agitur.

267 2328 413 2380 Inter
434 2327 651 2379 “Gloria
668 2334 720 2379 et
734 2326 964 2380 honore''
982 2333 1034 2379 et
1050 2328 1336 2380 semicolon
1356 2344 1581 2394 sequens
1597 2329 1769 2381 insere
1786 2326 1882 2397 “(5
1901 2329 2034 2396 28)'’.

271 2429 386 2478 quae
410 2419 487 2462 est
511 2410 712 2479 ultima]
741 2412 812 2462 Et
833 2411 955 2462 ideo
981 2411 1310 2462 Vei-siculum
1329 2416 1448 2462 ante
1469 2412 1748 2464 Lectiones
1765 2413 2341 2481 immediatepraecedit.

272 2502 404 2553 “AB
431 2504 638 2571 origine
659 2530 726 2540 —
748 2502 1038 2554 dinoscitur
1064 2502 1221 2571 [εἰσ].”
1245 2503 1386 2570 apud
1406 2503 1451 2553 L
1478 2508 1558 2554 cst
1582 2503 1764 2555 Lectio
1790 2507 1847 2557 6:
1872 2506 1937 2557 cf.
1961 2504 2029 2557 ad
2051 2507 2081 2568 5
2107 2508 2185 2559 29.

273 2592 313 2663 β
339 2592 504 2663 81.)
529 2597 621 2644 m:
646 2593 853 2662 quibus]
877 2597 960 2646 Ex
984 2596 1173 2661 quibus
1198 2595 1553 2647 credentibus:
1576 2614 1628 2647 v.
1647 2597 1771 2648 Lec.
1796 2599 1844 2646 4.

270 2680 389 2729 Deo
414 2675 624 2744 armati]
650 2675 823 2728 Deum
843 2694 940 2745 pro
964 2685 1226 2730 armatura
1241 2678 1510 2732 habentes.

270 2761 447 2829 pares]
472 2761 517 2814 1.
545 2777 591 2812 e.
615 2760 828 2812 similes.

272 2848 318 2897 si
332 2843 511 2912 putas]
538 2845 597 2896 Si
618 2852 867 2911 expectas,
891 2844 1006 2910 Vel,
1031 2845 1078 2897 si
1100 2845 1265 2898 credie
1286 2851 1341 2898 te
1362 2845 1590 2911 vincere,
1616 2861 1777 2912 quum
1791 2862 1975 2899 revera
1990 2847 2174 2900 vincas
2196 2849 2346 2902 nihil.

170 2929 269 2982 Vel
287 2927 576 2982 “vincere'’
592 2945 685 2995 per
701 2928 1042 2993 “victurum'',
1063 2929 1441 2995 “triumphare''
1459 2945 1554 2996 per
1571 2930 2084 2997 “triumphaturum’',
2098 2932 2349 2998 explicari

172 3019 373 3078 potest:
399 3015 478 3065 cf.¹
494 3013 566 3064 ad
590 3014 620 3075 5
645 3015 724 3064 34.
766 3014 831 3064 In
854 3013 1007 3064 Brev.
1032 3021 1205 3064 autem
1226 3013 1462 3066 Romano
1482 3011 1554 3080 (v,
1573 3012 1640 3063 ad
1657 3013 1688 3076 5
1709 3014 1791 3080 29)
1814 3013 2002 3066 melius
2025 3014 2244 3083 legitur:
2269 3017 2350 3068 “si

176 3097 360 3163 “putas
383 3103 438 3148 te
459 3112 625 3164 posse
649 3098 764 3148 sine
786 3110 964 3163 pugna
989 3095 1248 3147 vincere''.

271 3181 335 3230 In
359 3181 406 3245 B
431 3182 480 3244 5,
504 3196 605 3247 pro
630 3179 846 3247 “petiit”
868 3179 913 3229 L
938 3178 1191 3245 “peciit’':
1213 3194 1266 3230 V.
1292 3177 1359 3229 ad
1383 3180 1413 3241 5
1433 3181 1480 3230 3.

271 3261 311 3332 β
338 3261 467 3322 82.
470 3263 504 3332 )
530 3264 637 3314 Pro
664 3262 884 3329 “''caput
903 3258 982 3329 (in
1000 3267 1221 3329 utroque
1243 3261 1389 3331 loco)
1408 3267 1462 3312 et
1484 3261 1719 3330 “inquit'’
1739 3259 1818 3330 (in
1835 3264 1958 3315 Lec.
1978 3262 2031 3330 7)
2053 3264 2098 3316 L
2122 3261 2187 3314 de
2203 3278 2348 3315 more

177 3348 412 3458 “capud''
439 3354 492 3400 et
515 3345 794 3412 “inquid''=
818 3347 884 3398 cf.
910 3346 978 3398 ad
1001 3348 1031 3409 5
1056 3349 1137 3399 33.

273 3427 715 3499 “Euoenqelium”
740 3445 841 3480 om.
859 3429 920 3479 L.
938 3429 1069 3480 Haec
1086 3433 1260 3482 autem
1278 3428 1441 3482 verba
1465 3428 1858 3497 “Euanyeliwm.
1881 3428 2176 3483 Secundum
2191 3426 2351 3480 Joan·

176 3514 339 3566 nem.”
344 3553 358 3579 ,
393 3515 561 3566 minio
596 3513 654 3562 in
676 3511 824 3563 libris
848 3514 1056 3580 scripta,
1090 3512 1312 3565 rubrieae
1342 3518 1465 3565 sunt
1487 3513 1557 3563 ad
1577 3513 1854 3575 lectorem3
1888 3528 1922 3563 a
1943 3528 2046 3577 quo
2072 3511 2355 3579 legendum

177 3603 314 3648 erat:
349 3588 573 3649 “Lectio
601 3596 771 3646 sancti
793 3594 1074 3663 Euangelii
1095 3596 1384 3647 secundum
1406 3595 1445 3646 J
1448 3594 1748 3647 oannem.'':
1786 3612 1838 3646 v.
1861 3594 1946 3645 Pr.
1971 3595 2268 3663 (Proprium
2290 3593 2356 3646 de

174 3680 437 3748 Tempore
461 3679 606 3730 Adv.
630 3677 708 3746 p.)
726 3682 772 3728 7.

277 3763 405 3830 Cap.
435 3768 516 3815 12.
540 3759 635 3827 D.]
659 3763 740 3813 De
763 3761 949 3813 notitia
969 3760 1207 3814 locorum
1231 3762 1284 3813 S.
1311 3763 1594 3831 Scripturae
1620 3781 1674 3816 V.
1699 3761 1767 3813 ad
1790 3762 1821 3826 5
1849 3762 1925 3813 15.

272 3847 381 3900 Pro
408 3848 506 3900 “in
533 3844 725 3910 terra’',
747 3845 979 3914 Vulgata
1002 3848 1090 3898 “in
1110 3845 1347 3900 terram'‘.

1861 3946 1891 3984 c
