2910 4457
183 466 223 528 ς
250 466 338 527 75,
373 463 457 528 76)

177 611 345 665 Dno.
378 613 450 661 Et
469 611 766 677 gloriamini
789 626 972 662 omnes
989 613 1117 662 recti
1130 626 1242 661 eor·

181 680 279 730 de.
322 677 388 731 V.
420 680 639 729 Cantate
672 679 719 726 ei
737 678 999 728 canticum
1018 694 1239 728 novum:

179 747 343 798 bene
370 743 580 810 psallite
610 744 659 792 ei
675 744 733 792 in
750 744 1139 862 vociferatioffi.
1174 745 1243 793 Et

205 812 311 863 ‹fic-
1132 827 1172 860 ο.
1195 826 1242 859 υ.

182 812 202 880 f
272 808 360 925 ni)
394 874 522 938 quid
556 875 601 925 si
632 876 771 925 servi
793 876 848 924 in
872 877 1039 940 prima
1060 875 1244 941 vigilia

298 941 637 1007 negligentes
663 942 932 991 existunt?
960 942 1140 990 *Pn'ma
1161 942 1242 990 vi·

227 1011 239 1023 ·
270 1010 332 1057 ia
369 1008 631 1072 primaevae
665 1009 833 1057 aetatis
869 1006 1109 1058 custodia
1144 1013 1239 1057 est.

227 1074 301 1125 ed
328 1089 505 1137 neque
529 1075 607 1123 sic
630 1073 1009 1138 desperandum
1029 1080 1080 1123 et
1097 1088 1129 1123 a
1144 1073 1239 1123 bo·

177 1158 261 1192 no
274 1155 443 1205 opere
456 1138 766 1188 cessandum
779 1146 873 1189 est.
903 1140 1035 1190 Nam
1054 1139 1238 1205 longa-

176 1207 453 1258 nimitatis
494 1220 601 1255 suae
632 1206 936 1270 patientiam
961 1207 1239 1255 insinuans

176 1272 310 1324 D‘fis
338 1271 536 1332 subdit,
561 1272 630 1323 Et
654 1273 700 1320 si
716 1273 917 1321 venerit
931 1272 987 1319 in
1006 1271 1241 1321 secunda

176 1338 401 1406 vigilia,
428 1342 480 1386 et
502 1337 547 1386 si
569 1338 623 1385 in
646 1338 800 1386 tertia
822 1337 1003 1402 vigilia
1020 1338 1237 1400 venerit,

181 1412 237 1456 et
261 1408 343 1454 ita
368 1403 649 1465 invenerit,
672 1403 812 1453 beati
835 1409 958 1454 sunt
981 1404 1119 1453 servi
1139 1403 1237 1452 illi.

250 1488 302 1551 R
322 1487 375 1536 5.
399 1485 582 1534 Sancti
599 1486 691 1547 tui,
709 1484 843 1547 Di‘ie,
862 1485 1097 1536 mirabile
1111 1500 1235 1534 con-

181 1552 364 1606 secuti
384 1556 511 1601 sunt
526 1553 640 1614 iter,
659 1552 946 1600 servientes
964 1552 1235 1617 praeceptis

179 1620 293 1668 tuis
311 1636 323 1679 ;
350 1623 415 1667 ut
436 1618 795 1667 invenirentur
811 1617 978 1667 illaesi.
1003 1617 1067 1667 In
1084 1617 1235 1682 aquis

182 1684 389 1734 validis
423 1689 563 1731 terra
596 1684 837 1748 apparuit
878 1683 1038 1745 arida,
1086 1690 1137 1732 et
1177 1684 1236 1733 in

181 1750 328 1800 Mari
373 1748 552 1798 Rubro
586 1750 673 1796 via
706 1749 819 1798 sine
846 1749 1234 1813 impedimento.

184 1816 255 1869 V.
280 1815 572 1865 Victricem
594 1830 804 1863 manum
828 1821 969 1864 tuam
985 1814 1232 1866 laudave-

180 1887 313 1931 runt
329 1881 556 1946 pariter3
584 1889 634 1929 et
652 1880 1077 1942 decantaverunt,
1096 1879 1232 1944 mie,

183 1964 388 1998 nomen
415 1952 657 2061 sanct-u}
679 1952 841 2024 tuum.
866 1946 927 1996 In
954 1945 1081 2014 [afim]

659 2029 726 2062 ec.
750 2029 815 2077 vy.

272 2093 427 2128 nnuA
473 2078 665 2142 quippe
709 2078 893 2143 vigilia
930 2080 1233 2143 primaevum

177 2089 488 2210 Ptempus
524 2153 632 2206 est3
672 2143 726 2192 id
759 2150 837 2194 est
866 2146 1102 2209 pueritia.
1142 2145 1232 2193 Se-

182 2211 381 2275 cunda,
439 2209 798 2260 adolescentia
841 2211 927 2260 vel
960 2212 1229 2275 juventus.

179 2278 368 2327 Tertia
378 2283 558 2326 autem
576 2284 821 2326 senectus
837 2279 1104 2343 accipitur.
1129 2278 1232 2338 Qui

183 2359 314 2410 ergo
340 2342 570 2409 vigilare
591 2343 815 2393 noluerit
837 2344 892 2392 in
914 2345 1080 2408 prima
1099 2344 1231 2409 vigi-

180 2409 273 2473 lia,
299 2408 573 2460 custodiat
594 2409 679 2458 vel
712 2408 1013 2460 secundam.
1049 2410 1119 2459 Ut
1142 2411 1233 2476 qui

183 2477 430 2526 converti
469 2490 501 2523 a
522 2474 868 2540 pravitatibus
893 2476 1003 2526 suis
1027 2476 1082 2524 in
1106 2491 1230 2539 pue-

181 2542 309 2591 ritia
332 2541 647 2607 neglexerit,
673 2540 739 2590 ad
761 2542 877 2591 vias
901 2543 1023 2591 vitae
1046 2542 1232 2591 saltem

179 2609 240 2657 in
278 2615 521 2673 tempore
554 2608 847 2671 juventutis
890 2608 1117 2673 evigilet.
1162 2609 1233 2657 Et

184 2676 276 2737 qui
310 2674 539 2740 vigilare
573 2673 628 2722 in
663 2672 895 2723 secunda
924 2673 1107 2738 vigilia
1135 2689 1230 2724 no-

182 2739 357 2802 luerit,
407 2739 574 2791 tertiae
618 2739 813 2806 vigssiae
849 2739 1079 2789 remedia
1121 2755 1230 2789 non

183 2806 412 2854 amittat.

253 2887 303 2948 Bc
327 2889 375 2935 6.
411 2886 476 2934 In
502 2886 723 2935 circuitu
744 2893 853 2949 tuo,
885 2885 1021 2949 D‘fie,
1052 2887 1231 2937 lumen

186 2956 270 3001 est
289 2951 437 3015 quod
458 2966 727 3014 nunquam
745 2952 963 3002 deficiet.
987 2954 1092 3003 Ubi
1104 2969 1229 3003 con-

186 3018 412 3069 stituisti
429 3017 782 3068 lucidissimas
800 3019 1100 3069 mansiones
1113 3056 1126 3081 ,
1149 3020 1231 3070 Ibi

185 3085 531 3147 requiescunt
570 3084 879 3134 Sanctorum
918 3085 1117 3134 animae.
1163 3084 1230 3137 V.

185 3149 305 3200 Lux
338 3157 598 3215 perpetua
634 3148 830 3200 lucebit
866 3150 1072 3200 Sanctis
1110 3152 1229 3213 tuis,

185 3213 333 3277 Dfie;
378 3222 432 3265 et
471 3216 735 3266 aeternitas
775 3222 1081 3281 temporum.
1126 3216 1232 3267 Ubi

189 3282 515 3332 constituisti
581 3310 648 3319 —-
670 3280 893 3347 animae].
929 3282 1110 3334 Gloria
1130 3283 1229 3331 Pa-

140 3363 145 3366 ·
187 3347 271 3408 tri,
293 3345 469 3414 [—Sp.
492 3350 543 3398 S.
596 3348 679 3399 Ibi
693 3350 1032 3414 requiescunt
1049 3346 1229 3418 [Sanc-

188 3415 360 3463 torum
382 3413 605 3481 animas]-

260 3505 301 3574 9
332 3507 489 3580 78.)
532 3515 598 3566 ΙΝ
631 3516 709 3566 ΙΠ
740 3516 906 3566 Νοοτ.
947 3515 1013 3566 A.
1050 3515 1231 3565 Sancti

194 3576 521 3652 qui-sperant
552 3584 607 3631 in
630 3581 757 3632 D‘r‘io
788 3582 1059 3633 habebunt
1084 3582 1230 3632 forti-

193 3638 455 3693 tudinem:
488 3653 755 3698 assument
776 3664 979 3715 pennas
1001 3654 1061 3697 ut
1084 3647 1228 3712 aqui·

197 3703 289 3753 lae:
313 3707 582 3776 volabunt,
617 3720 670 3763 et
700 3730 810 3764 non
845 3714 1101 3764 deficient.
1137 3711 1227 3766 Pe.

195 3768 306 3819 Dfli
329 3779 410 3822 est
430 3781 566 3827 terra
588 3777 659 3844 (p.
686 3781 785 3845 17).

262 3835 329 3887 A.
360 3839 396 3889 J
399 3843 505 3892 usti
535 3851 705 3896 autem
737 3847 794 3897 in
823 3851 1130 3913 perpetuum
1150 3846 1230 3899 vi-

970 479 1130 518 nrm
1156 480 1342 519 ⁶11:an
1369 479 1633 518 pascuam.

2254 461 2392 541 153·

1340 617 1494 672 vent3
1531 616 1584 661 et
1605 610 1744 676 apud
1766 610 2050 661 Dominum
2074 616 2155 660 est
2174 626 2374 661 merces

1340 693 1536 727 eorum.
1560 674 1648 727 Ps.
1672 677 1915 726 Exultate
1931 677 2063 740 justi
2088 676 2158 743 (p.
2184 676 2287 741 34).

1404 743 1472 793 A.
1498 743 1542 793 Ο
1569 759 1723 807 quam
1744 743 2032 809 gloriosum
2056 749 2136 792 est
2150 758 2374 809 regnum

1336 809 1395 859 in
1420 825 1524 873 quo
1550 824 1668 859 cum
1690 809 1898 860 Christo
1920 809 2154 875 gaudent
2187 824 2368 858 omnes

1340 875 1545 925 Sancti:
1569 875 1745 924 amicti
1763 874 1912 924 stolis
1930 874 2064 924 albis
2084 880 2374 939 sequuntur

1335 942 1549 1056 ffinum
1585 956 1897 1006 quocunque
1917 942 2051 990 ierit.
2088 939 2176 991 Pe.
2202 940 2371 1003 Quam

1376 1007 1388 1019 ⁶
1414 1013 1530 1057 ecta
1553 1008 1625 1072 (p.
1651 1007 1754 1071 68).

1403 1071 1492 1126 Vs.
1515 1073 1790 1123 «Iustorum
1810 1072 2061 1122 animaein
2073 1087 2231 1120 manu
2251 1070 2373 1137 [Dei

1337 1144 1475 1189 sunt.
1492 1140 1584 1202 Bo.
1604 1140 1671 1187 Et
1687 1155 1795 1189 non
1810 1144 1992 1205 tanget
2010 1137 2132 1188 illos
2145 1145 2369 1187 tormen·

1335 1211 1447 1256 tum
1469 1203 1718 1270 malitiae]

1391 1268 1689 1321 Secundum
1710 1268 1920 1320 Lucam.
1945 1270 2094 1334 (Cap.
2123 1273 2199 1318 12.
2222 1268 2309 1333 E.)

1391 1350 1429 1384 N
1451 1335 1545 1385 illo
1569 1344 1826 1400 tempore:
1859 1337 2005 1385 Dixit
2024 1337 2062 1385 J
2067 1351 2189 1385 esus
2213 1334 2369 1383 disci-

1405 1402 1544 1467 pulis
1569 1403 1704 1451 suis:
1738 1403 1854 1452 Sint
1884 1401 2049 1452 lumbi
2063 1401 2225 1451 vestri
2242 1415 2373 1465 prae-

1336 1469 1511 1531 cincti,
1536 1475 1589 1517 et
1610 1468 1836 1519 lucernae
1860 1468 2101 1517 ardentes
2126 1469 2185 1517 in
2206 1466 2370 1516 mani·

1334 1533 1431 1584 bus
1455 1535 1658 1583 vestris.
1693 1536 1761 1583 Et
1782 1533 1996 1598 reliqua.

1398 1600 1643 1650 Homelia
1665 1600 1815 1650 Beati
1839 1599 2085 1666 Gregorii
2108 1600 2186 1648 Pa
2268 1634 2281 1649 .

1398 1666 1574 1717 Lectio
1587 1666 1670 1732 vij.
1686 1666 1865 1715 Sancti
1876 1664 2170 1731 Euangelii‚
2232 1670 2372 1719 atres

1334 1732 1639 1795 charissimi,
1657 1739 1837 1796 aperta
1854 1739 1932 1782 est
1948 1732 2107 1782 lectio
2126 1731 2370 1791 recitata;

1332 1797 1427 1848 sed
1448 1814 1518 1847 ne
1541 1797 1803 1861 aliquibus
1829 1799 1947 1862 ipsa
1973 1798 2087 1860 ejus
2111 1797 2370 1863 planicies

1332 1864 1438 1913 alta
1446 1866 1668 1914 fortasse
1686 1864 1938 1925 videatur,
1959 1880 2073 1913 eam
2085 1863 2183 1913 sub
2196 1862 2367 1912 brevi-

1329 1935 1435 1980 tate
1442 1931 1841 1980 transcurrimus
1856 1947 1868 1991 ;
1890 1935 2145 1994 quatenus
2158 1928 2268 1992 ejus
2281 1943 2368 1977 ex-

1330 1997 1524 2061 positio
1546 1998 1620 2045 ita
1650 1996 2003 2046 nescientibus
2032 1997 2123 2045 fiat
2140 1994 2368 2059 cognita,

1329 2068 1387 2111 ut
1407 2069 1581 2112 tamen
1605 2062 1890 2111 scientibus
1914 2077 2022 2110 non
2043 2064 2110 2110 sit
2126 2075 2365 2110 onerosa.

1332 2128 1469 2189 Quia
1489 2129 1614 2177 viris
1638 2128 1846 2176 luxuria
1873 2129 1930 2177 in
1952 2127 2142 2177 lumbis
2177 2127 2259 2188 sit,
2293 2127 2368 2175 fe·

1330 2195 1485 2244 minis
1507 2195 1563 2244 in
1586 2193 1851 2257 umbilicO,
1875 2199 2095 2244 testatur
2113 2190 2257 2254 Diis3
2278 2191 2370 2256 qui

1332 2260 1398 2310 de
1431 2260 1644 2311 diabolo
1670 2261 1734 2309 ad
1768 2260 1980 2311 beatum
1998 2259 2107 2309 Job
2138 2259 2369 2322 loquitur

1333 2326 1540 2388 dicens,
1583 2327 1761 2375 Virtus
1797 2327 1909 2389 ejus
1941 2328 1997 2374 in
2022 2324 2212 2375 lumbis
2237 2325 2366 2388 ejus,

1333 2399 1384 2443 et
1405 2392 1655 2443 fortitudo
1681 2393 1792 2455 ejus
1817 2394 1872 2441 in
1896 2390 2142 2442 umbilico
2166 2390 2365 2440 ventris

1331 2460 1461 2523 eJ‘us.
1496 2460 1543 2508 A
1575 2458 1851 2525 principali
1881 2459 2042 2524 igitur
2074 2472 2202 2506 sexu
2231 2455 2365 2505 lum·

1329 2524 1516 2576 borum
1548 2526 1759 2574 nomine
1797 2523 2003 2574 luxuria
2044 2523 2365 2589 designatur,

1331 2607 1451 2641 cum
1495 2590 1611 2640 Dfis
1652 2591 1794 2653 dicit,
1841 2591 1960 2640 Sint
1996 2590 2162 2640 lumbi
2203 2591 2366 2637 vestri

1328 2665 1847 2788 Prssossjsslalcerdotes
1873 2721 1984 2785 ejus
2013 2719 2235 2771 induant
2250 2719 2365 2783 jus-

1328 2789 1513 2839 titiam.
1557 2791 1625 2839 Et
1660 2788 1840 2838 Sancti
1887 2787 1998 2851 ejus
2045 2787 2365 2836 exultatione

1331 2855 1653 2905 exultabunt.
1681 2852 1744 2906 V.
1761 2853 1896 2902 Illuc
1906 2852 2190 2918 producam
2201 2866 2364 2902 cornu

1328 2921 1518 2970 David:
1538 2921 1719 2985 paravi
1728 2921 1997 2970 lucernam
2013 2918 2217 2968 Christo
2229 2933 2363 2967 meo.

1329 2989 1398 3037 Et
1421 2987 1599 3036 Sancti
1623 2986 1734 3050 ejus
1761 2985 1861 3051 [ex.
1879 2983 1996 3050 ex}
2113 2982 2234 3034 Leo.
2257 2983 2364 3049 viij.

1413 3065 1601 3101 UMBOS
1641 3053 1779 3101 enim
1822 3051 2204 3117 praecingimus,
2245 3065 2365 3098 cum

1328 3067 1414 3179 HA
1430 3116 1600 3169 cai-nis
1610 3117 1869 3168 luxuriam
1883 3132 1977 3183 per
1989 3115 2365 3167 continentiam

1330 3190 1641 3235 coartamus.
1699 3184 1835 3245 Quia
1888 3198 2013 3233 vero
2063 3183 2236 3233 minus
2284 3185 2365 3229 est

1328 3251 1469 3300 mala
1503 3267 1610 3300 non
1645 3265 1814 3314 agere,
1838 3249 1943 3299 nisi
1965 3250 2118 3298 etiam
2144 3249 2364 3312 quisque

1330 3317 1538 3366 studeat
1571 3323 1622 3367 et
1643 3316 1799 3366 bonis
1828 3331 1858 3365 o
1898 3314 2072 3365 eribus
2097 3312 2361 3374 insudare,

1328 3384 1568 3448 protinus
1593 3381 1815 3444 additur,
1880 3387 1901 3430 t
1923 3381 2150 3431 lucernae
2177 3377 2362 3427 arden·

1327 3455 1408 3498 tes
1450 3449 1509 3499 in
1552 3448 1795 3499 manibus
1838 3449 2044 3497 vestris.
2093 3446 2366 3496 Lucet-nas

1329 3516 1524 3582 quippe
1563 3514 1804 3566 ardentes
1842 3514 1900 3562 in
1937 3511 2179 3562 manibus
2218 3515 2362 3558 tene·

1328 3597 1462 3644 mus,
1495 3597 1612 3631 eum
1635 3596 1727 3646 per
1747 3580 1890 3631 bona
1924 3593 2081 3644 opera
2113 3573 2362 3642 proximis

1327 3647 1526 3697 nostris
1556 3646 1691 3697 lucis
1727 3644 1963 3709 exempla
1995 3655 2362 3693 monstramus.

1327 3715 1411 3763 De
1453 3713 1646 3778 quibus
1686 3713 1922 3777 profecto
1964 3708 2205 3774 operibus
2243 3705 2362 3756 D‘fls

1329 3779 1471 3830 elicit:
1489 3779 1688 3829 Luceat
1702 3778 1796 3827 lux
1813 3781 1989 3826 vestra
2006 3789 2181 3825 coram
2196 3773 2362 3823 homi·

1327 3845 1504 3908 nibus,
1527 3851 1586 3895 ut
1601 3843 1818 3894 videant
1835 3857 1995 3910 opera
2009 3846 2186 3893 vestra
2200 3840 2362 3902 bona,
