2910 4457
783 375 857 412 DE
882 375 1159 413 romanus
1184 374 1559 411 comnmus.
2092 359 2168 410 xli

159 537 221 549 —
242 510 526 578 posterior,
552 523 661 559 non
689 506 880 558 horum
905 503 1129 568 tantum,
1152 503 1243 557 sed
1284 511 1339 556 et
1372 505 1540 572 ipsius
1574 502 1832 555 Breviarii
1858 503 2173 555 Communis

157 599 308 650 nostri
344 595 670 648 testimonio
703 594 907 656 nititur,
928 593 1072 643 —in
1098 609 1202 660 quo
1236 599 1348 643 tam
1381 592 1439 643 in
1467 590 1647 642 Prima
1681 589 1752 659 (p.
1791 594 1861 642 22
1895 591 1969 658 b.)
2008 590 2171 659 quiuu

155 682 203 734 in
227 682 606 750 completorio
633 679 706 748 (p.
738 683 838 731 107
861 681 914 748 a)
941 678 1176 747 Symboli
1200 678 1465 731 conclusio
1488 677 1779 729 exhibetur.
1826 676 2169 730 Enchiridion

151 778 331 821 autem
376 767 579 819 Sarisb.
606 784 654 816 v.
692 764 762 817 ad
794 781 844 833 p.
875 766 995 833 121)
1029 765 1242 818 etiamsi
1274 765 1329 815 in
1361 763 1529 831 priore
1563 763 1679 815 loco
1712 762 2168 825 Sarisburiensem,

149 857 199 906 in
245 855 548 924 posteriore
596 861 781 905 tamen
828 853 1112 905 lectionem
1154 852 1455 903 Romanam
1489 850 1751 918 ‚exhibetz
1800 849 1866 902 cf.
1914 851 2053 919 quod
2103 851 2169 903 de

150 941 355 993 ‘Horis
384 941 490 1008 ὅςσῖ
517 939 589 991 ad
615 956 667 1008 p.
702 943 801 992 117
825 940 907 990 tit.
934 938 1139 991 dictum
1162 946 1254 990 est.

218 1026 358 1080 Post
389 1024 730 1095 Cmnpletorii
754 1033 933 1078 autem
970 1022 1492 1091 Ordinem,'Vi9ilias
1515 1024 1677 1075 etiam
1699 1022 2034 1075 Mor-tuorum
2059 1023 2170 1076 unii

149 1130 269 1166 cum
296 1114 458 1166 hisce
480 1110 763 1174 Formam,
787 1112 1022 1163 versione
1053 1110 1284 1179 Anglicfi
1315 1111 1526 1179 paginis
1557 1109 1819 1179 parallelis
1852 1108 2093 1161 ordinatii
2117 1121 2172 1163 et

149 1199 602 1268 explicationibus
625 1199 928 1250 necessariis
951 1197 1137 1250 eadem
1162 1197 1350 1268 linguei
1373 1197 1680 1266 conscriptis
1708 1198 2005 1259 insatietas,
2038 1198 2169 1265 pub-

150 1285 240 1338 lici
256 1287 406 1356 juris
428 1285 601 1337 facere
624 1286 947 1353 propositum
971 1293 1050 1338 est
1071 1286 1237 1338 nobis.

490 1709 577 1754 DE
628 1708 920 1759 PROPRIO
968 1711 1053 1752 DE
1102 1710 1415 1753 TEMPORE
1466 1712 1843 1756 ADVENTUS.

403 1846 500 1906 De
538 1845 737 1906 Titulo
769 1850 829 1906 et
857 1844 1193 1905 Dominicce
1220 1845 1267 1904 Ι
1285 1845 1469 1922 Pica,
1502 1851 1562 1907 et
1576 1848 1928 1926 praesertim

751 1963 827 2024 de
861 1963 1562 2027 Commemorationibus.

229 2143 347 2179 mni
396 2141 512 2179 ctm
561 2125 842 2179 Ominum
889 2124 1014 2191 suo]
1073 2125 1346 2190 ordinale,
1396 2125 1558 2192 vulgo
1601 2125 1739 2176 Pica
1782 2127 1890 2177 sive
1931 2124 2172 2178 Diu-ecto·

154 2218 300 2270 rium
348 2214 705 2278 Sacerdotum,
754 2244 822 2252 —
864 2212 1008 2283 quod
1050 2214 1115 2265 ab
1155 2213 1268 2280 ipso
1318 2210 1656 2262 celeberrimo
1710 2209 1963 2263 Ecclesiae
2008 2210 2174 2265 Sarisu

153 2304 427 2355 buriensis
501 2300 714 2364 sanctu,
785 2308 840 2353 et
923 2293 1154 2352 secundo
1236 2295 1471 2365 ejusdem
1545 2296 1827 2366 Episcopo,
1900 2298 2172 2352 Osmundo

157 2395 353 2465 (cujus
414 2401 597 2463 postea
650 2407 842 2446 nomen
904 2394 959 2444 in
1011 2391 1264 2445 Ordinale
1330 2390 1496 2457 ipsius
1542 2391 1785 2454 relatum,
1852 2409 2019 2460 quum
2082 2393 2169 2446 de·

152 2483 352 2550 positio
398 2481 516 2548 ejus
564 2480 619 2531 in
669 2479 813 2545 Prid.
863 2479 1004 2531 Non.
1057 2478 1225 2531 Dec-⁸
1271 2483 1535 2547 ceciderit,
1583 2495 1729 2531 nunc
1777 2482 2015 2532 omnium
2062 2484 2167 2550 pri—

153 2584 310 2619 mum
359 2568 418 2618 in
469 2581 531 2616 eo
577 2566 814 2633 apparet)
861 2564 1054 2618 saeculo
1112 2566 1392 2622 undecimo
1450 2568 1832 2620 concinnatum
1881 2583 1989 2619 esse
2039 2567 2167 2618 dici—

153 2663 262 2717 tur,
288 2681 363 2690 —
385 2667 726 2720 nequaquam
773 2651 941 2719 ipsius
983 2651 1246 2705 Breviarii
1289 2671 1412 2722 pars
1461 2661 1573 2705 erat
1618 2650 1929 2714 necessaria,
1977 2668 2074 2702 nec
2124 2654 2168 2702 si

151 2739 373 2810 (saltem
397 2736 545 2805 apud
562 2734 902 2806 recentiores)
924 2739 979 2789 in
1000 2737 1271 2791 Breviario
1296 2740 1361 2789 ob
1382 2738 1709 2790 clericorum
1733 2734 2161 2788 commoditatem

152 2825 503 2885 inserebatur,
529 2822 661 2875 adeo
697 2823 753 2873 in
783 2838 955 2875 unum
986 2840 1109 2877 cum
1145 2842 1206 2877 eo
1238 2825 1436 2877 librum
1473 2824 1753 2886 concrevit,
1788 2829 1853 2876 ut
1887 2839 1994 2875 non
2029 2839 2164 2875 seor-

152 2914 249 2965 sim
290 2925 509 2979 quoque
543 2907 822 2972 ederetur3
856 2909 1157 2978 cujusmodi
1189 2910 1367 2965 adhuc
1399 2913 1457 2964 in
1492 2909 1826 2963 Bibliotheca
1849 2905 2157 2974 Bodleianfi,

213 3066 233 3088 ⁸
270 3058 386 3108 Quo
418 3057 590 3105 eodem
623 3056 714 3113 die,
748 3056 1043 3119 interpositis
1068 3057 1160 3110 357
1184 3059 1341 3117 annis,
1364 3056 1744 3107 canonizationis
1775 3059 1880 3120 ejus
1911 3059 2157 3108 decretum

153 3140 336 3187 factum
359 3144 447 3196 est,
475 3137 642 3185 divina
665 3136 766 3184 scil.
790 3138 1093 3200 providenti&
1124 3140 1192 3187 ita
1222 3140 1384 3187 omnia
1414 3140 1712 3203 disponente,
1737 3142 1768 3166 “
1787 3146 1842 3187 ut
1871 3140 1913 3187 is
1946 3140 2047 3187 dies
2071 3143 2155 3203 qui

155 3222 467 3269 osmundum
500 3219 718 3281 deposito
753 3219 911 3267 carnis
941 3233 1082 3268 onere
1111 3221 1323 3269 incolam
1344 3221 1460 3269 fecit
1489 3221 1540 3268 in
1573 3220 1726 3277 coelia,
1759 3221 1906 3277 idern,
1939 3220 2150 3268 intervo-

153 3303 265 3350 lutis
303 3301 638 3366 plurimorum
675 3315 911 3347 annorum
950 3302 1216 3358 curriculis,
1250 3302 1438 3364 primus
1472 3316 1598 3370 eum,
1628 3299 1879 3362 judicante
1911 3299 2152 3359 Ecclesia,

148 3385 382 3444 ,iudicaret
402 3397 495 3446 pro
522 3381 699 3427 Sancto
718 3382 1046 3429 venerandum
1067 3382 1120 3429 in
1141 3381 1327 3429 terris.''
1399 3381 1561 3443 (Lect.
1580 3382 1608 3430 6
1631 3380 1683 3428 in
1705 3380 1922 3442 ejusdem
1943 3381 2148 3427 transla-

154 3465 288 3514 tionis
308 3466 454 3520 festo,
483 3460 545 3513 17
572 3460 677 3509 Cal.
700 3460 857 3523 Aug.)

154 3574 163 3584 ·
1106 3558 1142 3593 Β
1167 3546 1201 3593 3
