<?xml version="1.0" encoding="UTF-8"?>
<!DOCTYPE html PUBLIC "-//W3C//DTD XHTML 1.0 Transitional//EN"
    "http://www.w3.org/TR/xhtml1/DTD/xhtml1-transitional.dtd">
<html xmlns="http://www.w3.org/1999/xhtml" xml:lang="en" lang="en">
 <head>
  <title>
</title>
<meta http-equiv="Content-Type" content="text/html;charset=utf-8" />
  <meta name='ocr-system' content='tesseract 3.04.00' />
  <meta name='ocr-capabilities' content='ocr_page ocr_carea ocr_par ocr_line ocrx_word'/>
</head>
<body>
  <div class='ocr_page' id='page_1' title='image "./portiforiiseubr00cathgoog_0272.png"; bbox 0 0 2910 4457; ppageno 0'>
   <div class='ocr_carea' id='block_1_1' title="bbox 587 351 2149 414">
    <p class='ocr_par' dir='ltr' id='par_1_1' title="bbox 587 351 2149 414">
     <span class='ocr_line' id='line_1_1' title="bbox 587 351 2149 414; baseline -0.001 -1"><span class='ocrx_word' id='word_1_1' title='bbox 587 351 669 413; x_wconf 74' lang='lat'><strong>32</strong></span> <span class='ocrx_word' id='word_1_2' title='bbox 1107 373 1234 414; x_wconf 70' lang='lat' dir='ltr'><strong>ran.</strong></span> <span class='ocrx_word' id='word_1_3' title='bbox 1281 374 1339 414; x_wconf 76' lang='lat' dir='ltr'><strong>vi</strong></span> <span class='ocrx_word' id='word_1_4' title='bbox 1386 374 1455 413; x_wconf 74' lang='lat' dir='ltr'><strong>ar</strong></span> <span class='ocrx_word' id='word_1_5' title='bbox 1498 372 1649 414; x_wconf 70' lang='lat' dir='ltr'><strong>sna.</strong></span> <span class='ocrx_word' id='word_1_6' title='bbox 1693 372 1860 413; x_wconf 75' lang='lat' dir='ltr'><strong>nnn.</strong></span> <span class='ocrx_word' id='word_1_7' title='bbox 1906 372 1977 412; x_wconf 79' lang='lat' dir='ltr'><strong>iu</strong></span> <span class='ocrx_word' id='word_1_8' title='bbox 2019 371 2149 412; x_wconf 71' lang='lat' dir='ltr'><strong>Anv.</strong></span> 
     </span>
    </p>
   </div>
   <div class='ocr_carea' id='block_1_2' title="bbox 553 486 1571 3582">
    <p class='ocr_par' dir='ltr' id='par_1_2' title="bbox 650 486 1302 550">
     <span class='ocr_line' id='line_1_2' title="bbox 650 486 1302 550; baseline 0.005 -15"><span class='ocrx_word' id='word_1_9' title='bbox 650 486 819 549; x_wconf 72' lang='lat' dir='ltr'><strong>Hym.</strong></span> <span class='ocrx_word' id='word_1_10' title='bbox 844 488 950 537; x_wconf 81' lang='lat' dir='ltr'><strong>Vox</strong></span> <span class='ocrx_word' id='word_1_11' title='bbox 975 489 1109 538; x_wconf 85' lang='lat' dir='ltr'><strong>clara</strong></span> <span class='ocrx_word' id='word_1_12' title='bbox 1135 487 1206 550; x_wconf 90' lang='lat' dir='ltr'><strong>(p.</strong></span> <span class='ocrx_word' id='word_1_13' title='bbox 1227 487 1302 549; x_wconf 83' lang='lat'><strong>9).</strong></span> 
     </span>
    </p>

    <p class='ocr_par' dir='ltr' id='par_1_3' title="bbox 649 547 1333 610">
     <span class='ocr_line' id='line_1_3' title="bbox 649 547 1333 610; baseline 0.003 -12"><span class='ocrx_word' id='word_1_14' title='bbox 649 547 711 610; x_wconf 63' lang='grc' dir='ltr'><strong>Ῠ.</strong></span> <span class='ocrx_word' id='word_1_15' title='bbox 735 550 843 598; x_wconf 87' lang='lat' dir='ltr'><strong>Vox</strong></span> <span class='ocrx_word' id='word_1_16' title='bbox 862 550 1129 598; x_wconf 85' lang='lat' dir='ltr'><strong>clamantis</strong></span> <span class='ocrx_word' id='word_1_17' title='bbox 1153 550 1333 609; x_wconf 53' lang='lat' dir='ltr'><strong>libido)-</strong></span> 
     </span>
    </p>

    <p class='ocr_par' dir='ltr' id='par_1_4' title="bbox 588 611 1571 969">
     <span class='ocr_line' id='line_1_4' title="bbox 648 611 1570 673; baseline -0.002 -12"><span class='ocrx_word' id='word_1_18' title='bbox 648 612 714 661; x_wconf 85' lang='grc' dir='ltr'><strong>Δ.</strong></span> <span class='ocrx_word' id='word_1_19' title='bbox 731 612 804 660; x_wconf 83' lang='lat' dir='ltr'><strong>Ex</strong></span> <span class='ocrx_word' id='word_1_20' title='bbox 819 624 921 673; x_wconf 85' lang='lat' dir='ltr'><strong>quo</strong></span> <span class='ocrx_word' id='word_1_21' title='bbox 943 612 1072 660; x_wconf 75' lang='lat' dir='ltr'><strong>facta</strong></span> <span class='ocrx_word' id='word_1_22' title='bbox 1090 617 1166 660; x_wconf 70' lang='lat' dir='ltr'><strong>aet</strong></span> <span class='ocrx_word' id='word_1_23' title='bbox 1192 624 1284 660; x_wconf 82' lang='lat' dir='ltr'><strong>vox</strong></span> <span class='ocrx_word' id='word_1_24' title='bbox 1306 611 1570 660; x_wconf 88' lang='lat' dir='ltr'><strong>salutatio-</strong></span> 
     </span>
     <span class='ocr_line' id='line_1_5' title="bbox 588 673 1570 732; baseline -0.001 -10"><span class='ocrx_word' id='word_1_25' title='bbox 588 673 674 722; x_wconf 85' lang='lat' dir='ltr'><strong>nis</strong></span> <span class='ocrx_word' id='word_1_26' title='bbox 693 679 792 722; x_wconf 75' lang='lat' dir='ltr'><strong>tuae</strong></span> <span class='ocrx_word' id='word_1_27' title='bbox 825 674 877 721; x_wconf 92' lang='lat' dir='ltr'><strong>in</strong></span> <span class='ocrx_word' id='word_1_28' title='bbox 911 674 1124 722; x_wconf 90' lang='lat' dir='ltr'><strong>auribus</strong></span> <span class='ocrx_word' id='word_1_29' title='bbox 1144 674 1274 722; x_wconf 90' lang='lat' dir='ltr'><strong>meis</strong></span> <span class='ocrx_word' id='word_1_30' title='bbox 1290 709 1304 732; x_wconf 95' lang='lat'><strong>,</strong></span> <span class='ocrx_word' id='word_1_31' title='bbox 1326 674 1570 722; x_wconf 72' lang='lat' dir='ltr'><strong>exultavit</strong></span> 
     </span>
     <span class='ocr_line' id='line_1_6' title="bbox 589 733 1571 796; baseline 0.001 -13"><span class='ocrx_word' id='word_1_32' title='bbox 589 735 641 783; x_wconf 91' lang='lat' dir='ltr'><strong>in</strong></span> <span class='ocrx_word' id='word_1_33' title='bbox 661 735 845 796; x_wconf 92' lang='lat' dir='ltr'><strong>gaudio</strong></span> <span class='ocrx_word' id='word_1_34' title='bbox 866 733 1036 783; x_wconf 77' lang='lat' dir='ltr'><strong>infans</strong></span> <span class='ocrx_word' id='word_1_35' title='bbox 1052 736 1105 782; x_wconf 93' lang='lat' dir='ltr'><strong>in</strong></span> <span class='ocrx_word' id='word_1_36' title='bbox 1122 740 1265 783; x_wconf 88' lang='lat' dir='ltr'><strong>utero</strong></span> <span class='ocrx_word' id='word_1_37' title='bbox 1283 748 1410 793; x_wconf 91' lang='lat' dir='ltr'><strong>meo,</strong></span> <span class='ocrx_word' id='word_1_38' title='bbox 1436 735 1571 784; x_wconf 83' lang='lat' dir='ltr'><strong>Alle-</strong></span> 
     </span>
     <span class='ocr_line' id='line_1_7' title="bbox 590 796 1567 855; baseline -0.001 -10"><span class='ocrx_word' id='word_1_39' title='bbox 590 798 712 855; x_wconf 82' lang='lat' dir='ltr'><strong>luja.</strong></span> <span class='ocrx_word' id='word_1_40' title='bbox 735 796 827 845; x_wconf 76' lang='lat' dir='ltr'><strong>Ps.</strong></span> <span class='ocrx_word' id='word_1_41' title='bbox 849 797 1152 846; x_wconf 79' lang='lat' dir='ltr'><strong>Benedictus</strong></span> <span class='ocrx_word' id='word_1_42' title='bbox 1171 798 1300 846; x_wconf 77' lang='lat' dir='ltr'><strong>DnS.</strong></span> <span class='ocrx_word' id='word_1_43' title='bbox 1369 798 1567 845; x_wconf 81' lang='lat' dir='ltr'><strong>Oratio.</strong></span> 
     </span>
     <span class='ocr_line' id='line_1_8' title="bbox 591 860 1567 969; baseline 0 -62"><span class='ocrx_word' id='word_1_44' title='bbox 591 870 830 969; x_wconf 69' lang='lat' dir='ltr'><strong>Exclu</strong></span> <span class='ocrx_word' id='word_1_45' title='bbox 848 871 1146 919; x_wconf 72' lang='lat' dir='ltr'><strong>qua-sumus</strong></span> <span class='ocrx_word' id='word_1_46' title='bbox 1159 860 1269 908; x_wconf 77' lang='lat' dir='ltr'><strong>Dfie</strong></span> <span class='ocrx_word' id='word_1_47' title='bbox 1292 860 1567 918; x_wconf 90' lang='lat' dir='ltr'><strong>potentiam</strong></span> 
     </span>
    </p>

    <p class='ocr_par' dir='ltr' id='par_1_5' title="bbox 587 921 1569 1104">
     <span class='ocr_line' id='line_1_9' title="bbox 679 921 1568 981; baseline 0.001 -14"><span class='ocrx_word' id='word_1_48' title='bbox 679 926 824 968; x_wconf 90' lang='lat' dir='ltr'><strong>tuam</strong></span> <span class='ocrx_word' id='word_1_49' title='bbox 846 925 894 969; x_wconf 92' lang='lat' dir='ltr'><strong>et</strong></span> <span class='ocrx_word' id='word_1_50' title='bbox 925 921 1067 981; x_wconf 80' lang='lat' dir='ltr'><strong>veni3</strong></span> <span class='ocrx_word' id='word_1_51' title='bbox 1099 926 1156 969; x_wconf 92' lang='lat' dir='ltr'><strong>ut</strong></span> <span class='ocrx_word' id='word_1_52' title='bbox 1190 921 1243 969; x_wconf 90' lang='lat' dir='ltr'><strong>hi</strong></span> <span class='ocrx_word' id='word_1_53' title='bbox 1268 922 1355 980; x_wconf 89' lang='lat' dir='ltr'><strong>qui</strong></span> <span class='ocrx_word' id='word_1_54' title='bbox 1389 922 1440 969; x_wconf 91' lang='lat' dir='ltr'><strong>in</strong></span> <span class='ocrx_word' id='word_1_55' title='bbox 1481 926 1568 969; x_wconf 89' lang='lat' dir='ltr'><strong>tua</strong></span> 
     </span>
     <span class='ocr_line' id='line_1_10' title="bbox 587 982 1569 1042; baseline 0.002 -12"><span class='ocrx_word' id='word_1_56' title='bbox 587 982 769 1042; x_wconf 88' lang='lat' dir='ltr'><strong>pietate</strong></span> <span class='ocrx_word' id='word_1_57' title='bbox 789 982 1068 1040; x_wconf 84' lang='lat' dir='ltr'><strong>confidunt,</strong></span> <span class='ocrx_word' id='word_1_58' title='bbox 1086 983 1150 1032; x_wconf 92' lang='lat' dir='ltr'><strong>ab</strong></span> <span class='ocrx_word' id='word_1_59' title='bbox 1164 983 1307 1031; x_wconf 90' lang='lat' dir='ltr'><strong>omni</strong></span> <span class='ocrx_word' id='word_1_60' title='bbox 1322 984 1473 1031; x_wconf 89' lang='lat' dir='ltr'><strong>citius</strong></span> <span class='ocrx_word' id='word_1_61' title='bbox 1485 984 1569 1032; x_wconf 91' lang='lat' dir='ltr'><strong>ad-</strong></span> 
     </span>
     <span class='ocr_line' id='line_1_11' title="bbox 589 1044 1439 1104; baseline 0.001 -12"><span class='ocrx_word' id='word_1_62' title='bbox 589 1045 825 1093; x_wconf 84' lang='lat' dir='ltr'><strong>versitate</strong></span> <span class='ocrx_word' id='word_1_63' title='bbox 845 1044 1139 1093; x_wconf 82' lang='lat' dir='ltr'><strong>liberentur.</strong></span> <span class='ocrx_word' id='word_1_64' title='bbox 1164 1045 1267 1104; x_wconf 87' lang='lat' dir='ltr'><strong>Qui</strong></span> <span class='ocrx_word' id='word_1_65' title='bbox 1291 1045 1439 1093; x_wconf 76' lang='lat' dir='ltr'><strong>viviS.</strong></span> 
     </span>
    </p>

    <p class='ocr_par' dir='ltr' id='par_1_6' title="bbox 589 1106 1567 1279">
     <span class='ocr_line' id='line_1_12' title="bbox 647 1106 1566 1154; baseline -0.001 0"><span class='ocrx_word' id='word_1_66' title='bbox 647 1106 774 1154; x_wconf 86' lang='lat' dir='ltr'><strong>Hoee</strong></span> <span class='ocrx_word' id='word_1_67' title='bbox 806 1106 971 1153; x_wconf 80' lang='lat' dir='ltr'><strong>oratio</strong></span> <span class='ocrx_word' id='word_1_68' title='bbox 996 1107 1199 1153; x_wconf 78' lang='lat' dir='ltr'><strong>dicutur</strong></span> <span class='ocrx_word' id='word_1_69' title='bbox 1227 1108 1297 1154; x_wconf 86' lang='lat' dir='ltr'><strong>ad</strong></span> <span class='ocrx_word' id='word_1_70' title='bbox 1318 1107 1410 1153; x_wconf 76' lang='lat' dir='ltr'><strong>has</strong></span> <span class='ocrx_word' id='word_1_71' title='bbox 1436 1111 1566 1153; x_wconf 83' lang='lat' dir='ltr'><strong>mat.</strong></span> 
     </span>
     <span class='ocr_line' id='line_1_13' title="bbox 589 1168 1567 1217; baseline -0.002 -1"><span class='ocrx_word' id='word_1_72' title='bbox 589 1174 811 1217; x_wconf 78' lang='lat' dir='ltr'><strong>tantum.</strong></span> <span class='ocrx_word' id='word_1_73' title='bbox 859 1169 941 1215; x_wconf 76' lang='lat' dir='ltr'><strong>Ad</strong></span> <span class='ocrx_word' id='word_1_74' title='bbox 990 1168 1123 1215; x_wconf 74' lang='lat' dir='ltr'><strong>alias</strong></span> <span class='ocrx_word' id='word_1_75' title='bbox 1174 1169 1327 1215; x_wconf 75' lang='lat' dir='ltr'><strong>horas</strong></span> <span class='ocrx_word' id='word_1_76' title='bbox 1379 1168 1567 1215; x_wconf 80' lang='lat' dir='ltr'><strong>dicitur</strong></span> 
     </span>
     <span class='ocr_line' id='line_1_14' title="bbox 590 1229 1128 1279; baseline -0.002 0"><span class='ocrx_word' id='word_1_77' title='bbox 590 1230 758 1279; x_wconf 80' lang='lat' dir='ltr'><strong>oratio</strong></span> <span class='ocrx_word' id='word_1_78' title='bbox 777 1229 1128 1279; x_wconf 77' lang='lat' dir='ltr'><strong>Dominicalis.</strong></span> 
     </span>
    </p>

    <p class='ocr_par' dir='ltr' id='par_1_7' title="bbox 587 1291 1567 1403">
     <span class='ocr_line' id='line_1_15' title="bbox 652 1291 1567 1363; baseline 0.002 -25"><span class='ocrx_word' id='word_1_79' title='bbox 652 1298 683 1345; x_wconf 70' lang='grc'><strong>11</strong></span> <span class='ocrx_word' id='word_1_80' title='bbox 708 1292 788 1338; x_wconf 75' lang='lat' dir='ltr'><strong>Ad</strong></span> <span class='ocrx_word' id='word_1_81' title='bbox 802 1291 946 1363; x_wconf 75' lang='lat' dir='ltr'><strong>Vesp.</strong></span> <span class='ocrx_word' id='word_1_82' title='bbox 962 1293 1025 1340; x_wconf 81' lang='lat' dir='ltr'><strong>A.</strong></span> <span class='ocrx_word' id='word_1_83' title='bbox 1044 1291 1107 1341; x_wconf 90' lang='grc' dir='ltr'><strong>Ο.</strong></span> <span class='ocrx_word' id='word_1_84' title='bbox 1123 1291 1215 1342; x_wconf 75' lang='lat' dir='ltr'><strong>Ps.</strong></span> <span class='ocrx_word' id='word_1_85' title='bbox 1231 1294 1411 1354; x_wconf 85' lang='lat' dir='ltr'><strong>Magn.</strong></span> <span class='ocrx_word' id='word_1_86' title='bbox 1435 1294 1567 1341; x_wconf 84' lang='lat' dir='ltr'><strong>Ora-</strong></span> 
     </span>
     <span class='ocr_line' id='line_1_16' title="bbox 587 1352 1051 1403; baseline 0.004 -2"><span class='ocrx_word' id='word_1_87' title='bbox 587 1352 658 1401; x_wconf 77' lang='lat' dir='ltr'><strong>tio</strong></span> <span class='ocrx_word' id='word_1_88' title='bbox 674 1352 824 1400; x_wconf 88' lang='lat' dir='ltr'><strong>Dom.</strong></span> <span class='ocrx_word' id='word_1_89' title='bbox 845 1353 1051 1403; x_wconf 77' lang='lat' dir='ltr'><strong>dwitur.</strong></span> 
     </span>
    </p>

    <p class='ocr_par' dir='ltr' id='par_1_8' title="bbox 582 1414 1566 1537">
     <span class='ocr_line' id='line_1_17' title="bbox 650 1414 1566 1477; baseline 0.001 -16"><span class='ocrx_word' id='word_1_90' title='bbox 650 1421 681 1468; x_wconf 70' lang='grc'><strong>11</strong></span> <span class='ocrx_word' id='word_1_91' title='bbox 708 1414 837 1462; x_wconf 74' lang='lat' dir='ltr'><strong>Post</strong></span> <span class='ocrx_word' id='word_1_92' title='bbox 855 1415 946 1462; x_wconf 79' lang='lat' dir='ltr'><strong>has</strong></span> <span class='ocrx_word' id='word_1_93' title='bbox 966 1426 1050 1462; x_wconf 78' lang='lat' dir='ltr'><strong>ves</strong></span> <span class='ocrx_word' id='word_1_94' title='bbox 1092 1447 1106 1461; x_wconf 88' lang='lat'><strong>.</strong></span> <span class='ocrx_word' id='word_1_95' title='bbox 1126 1415 1278 1477; x_wconf 80' lang='lat' dir='ltr'><strong>hujus</strong></span> <span class='ocrx_word' id='word_1_96' title='bbox 1296 1414 1438 1475; x_wconf 77' lang='lat' dir='ltr'><strong>ferioe</strong></span> <span class='ocrx_word' id='word_1_97' title='bbox 1460 1429 1566 1465; x_wconf 79' lang='lat' dir='ltr'><strong>non</strong></span> 
     </span>
     <span class='ocr_line' id='line_1_18' title="bbox 582 1429 1359 1537; baseline 0.004 -13"><span class='ocrx_word' id='word_1_98' title='bbox 582 1480 749 1537; x_wconf 73' lang='lat' dir='ltr'><strong>potest</strong></span> <span class='ocrx_word' id='word_1_99' title='bbox 763 1476 922 1537; x_wconf 75' lang='lat' dir='ltr'><strong>incipi</strong></span> <span class='ocrx_word' id='word_1_100' title='bbox 943 1479 1007 1525; x_wconf 75' lang='lat' dir='ltr'><strong>A.</strong></span> <span class='ocrx_word' id='word_1_101' title='bbox 1025 1429 1359 1537; x_wconf 50' lang='lat' dir='ltr'><strong>(fsapientia.</strong></span> 
     </span>
    </p>

    <p class='ocr_par' dir='ltr' id='par_1_9' title="bbox 586 1538 1566 1786">
     <span class='ocr_line' id='line_1_19' title="bbox 651 1538 1560 1600; baseline 0.001 -13"><span class='ocrx_word' id='word_1_102' title='bbox 651 1539 895 1587; x_wconf 62' lang='lat' dir='ltr'><strong>Sanno</strong></span> <span class='ocrx_word' id='word_1_103' title='bbox 921 1538 1036 1587; x_wconf 79' lang='lat' dir='ltr'><strong>Inv.</strong></span> <span class='ocrx_word' id='word_1_104' title='bbox 1066 1539 1228 1599; x_wconf 85' lang='lat' dir='ltr'><strong>Prope</strong></span> <span class='ocrx_word' id='word_1_105' title='bbox 1258 1543 1324 1600; x_wconf 84' lang='lat' dir='ltr'><strong>(p.</strong></span> <span class='ocrx_word' id='word_1_106' title='bbox 1346 1538 1444 1599; x_wconf 82' lang='lat'><strong>29).</strong></span> <span class='ocrx_word' id='word_1_107' title='bbox 1469 1539 1560 1588; x_wconf 72' lang='lat' dir='ltr'><strong>Pa.</strong></span> 
     </span>
     <span class='ocr_line' id='line_1_20' title="bbox 588 1600 1564 1662; baseline 0 -13"><span class='ocrx_word' id='word_1_108' title='bbox 588 1600 788 1649; x_wconf 81' lang='lat' dir='ltr'><strong>Venite.</strong></span> <span class='ocrx_word' id='word_1_109' title='bbox 823 1600 984 1661; x_wconf 76' lang='lat' dir='ltr'><strong>Hym.</strong></span> <span class='ocrx_word' id='word_1_110' title='bbox 1011 1601 1237 1649; x_wconf 85' lang='lat' dir='ltr'><strong>Verbum</strong></span> <span class='ocrx_word' id='word_1_111' title='bbox 1285 1614 1564 1662; x_wconf 85' lang='lat' dir='ltr'><strong>supernum</strong></span> 
     </span>
     <span class='ocr_line' id='line_1_21' title="bbox 587 1661 1566 1723; baseline 0.002 -14"><span class='ocrx_word' id='word_1_112' title='bbox 587 1663 656 1722; x_wconf 87' lang='lat' dir='ltr'><strong>(p.</strong></span> <span class='ocrx_word' id='word_1_113' title='bbox 681 1661 755 1719; x_wconf 74' lang='lat'><strong>4).</strong></span> <span class='ocrx_word' id='word_1_114' title='bbox 797 1664 923 1709; x_wconf 73' lang='lat' dir='ltr'><strong>Ar‘toe</strong></span> <span class='ocrx_word' id='word_1_115' title='bbox 948 1668 997 1710; x_wconf 82' lang='lat' dir='ltr'><strong>et</strong></span> <span class='ocrx_word' id='word_1_116' title='bbox 1012 1676 1124 1723; x_wconf 66' lang='lat' dir='ltr'><strong>psa.</strong></span> <span class='ocrx_word' id='word_1_117' title='bbox 1148 1661 1353 1722; x_wconf 55' lang='lat' dir='ltr'><strong>fetiales</strong></span> <span class='ocrx_word' id='word_1_118' title='bbox 1375 1669 1424 1711; x_wconf 81' lang='lat' dir='ltr'><strong>et</strong></span> <span class='ocrx_word' id='word_1_119' title='bbox 1453 1675 1566 1711; x_wconf 80' lang='lat' dir='ltr'><strong>ver-</strong></span> 
     </span>
     <span class='ocr_line' id='line_1_22' title="bbox 586 1724 1549 1786; baseline 0.003 -16"><span class='ocrx_word' id='word_1_120' title='bbox 586 1737 675 1771; x_wconf 75' lang='lat' dir='ltr'><strong>sus</strong></span> <span class='ocrx_word' id='word_1_121' title='bbox 691 1736 786 1783; x_wconf 82' lang='lat' dir='ltr'><strong>per</strong></span> <span class='ocrx_word' id='word_1_122' title='bbox 803 1724 1035 1771; x_wconf 80' lang='lat' dir='ltr'><strong><em>ordinem</em></strong></span> <span class='ocrx_word' id='word_1_123' title='bbox 1055 1726 1314 1773; x_wconf 79' lang='lat' dir='ltr'><strong>dicantur.</strong></span> <span class='ocrx_word' id='word_1_124' title='bbox 1540 1781 1549 1786; x_wconf 48' lang='lat'><strong>,</strong></span> 
     </span>
    </p>

    <p class='ocr_par' dir='ltr' id='par_1_10' title="bbox 589 1782 1559 1906">
     <span class='ocr_line' id='line_1_23' title="bbox 650 1782 1559 1853; baseline 0.001 -20"><span class='ocrx_word' id='word_1_125' title='bbox 650 1784 940 1833; x_wconf 90' lang='lat' dir='ltr'><strong>Secundum</strong></span> <span class='ocrx_word' id='word_1_126' title='bbox 984 1786 1193 1834; x_wconf 88' lang='lat' dir='ltr'><strong>Lucam.</strong></span> <span class='ocrx_word' id='word_1_127' title='bbox 1254 1786 1336 1848; x_wconf 85' lang='lat' dir='ltr'><strong>[V.</strong></span> <span class='ocrx_word' id='word_1_128' title='bbox 1385 1799 1434 1845; x_wconf 89' lang='lat' dir='ltr'><strong>p.</strong></span> <span class='ocrx_word' id='word_1_129' title='bbox 1487 1782 1559 1853; x_wconf 81' lang='lat'><strong>7.]</strong></span> 
     </span>
     <span class='ocr_line' id='line_1_24' title="bbox 589 1845 896 1906; baseline -0.007 -11"><span class='ocrx_word' id='word_1_130' title='bbox 589 1845 714 1906; x_wconf 84' lang='lat' dir='ltr'><strong>Cap.</strong></span> <span class='ocrx_word' id='word_1_131' title='bbox 733 1845 811 1905; x_wconf 78' lang='lat' dir='ltr'><strong>iij.</strong></span> <span class='ocrx_word' id='word_1_132' title='bbox 831 1847 896 1893; x_wconf 79' lang='lat' dir='ltr'><strong>A.</strong></span> 
     </span>
    </p>

    <p class='ocr_par' dir='ltr' id='par_1_11' title="bbox 553 1906 1569 2585">
     <span class='ocr_line' id='line_1_25' title="bbox 586 1906 1566 2019; baseline 0.002 -65"><span class='ocrx_word' id='word_1_133' title='bbox 586 1918 781 2019; x_wconf 66' lang='lat' dir='ltr'><strong>Anno</strong></span> <span class='ocrx_word' id='word_1_134' title='bbox 833 1906 1211 1966; x_wconf 84' lang='lat' dir='ltr'><strong>quintodecimo</strong></span> <span class='ocrx_word' id='word_1_135' title='bbox 1243 1908 1444 1968; x_wconf 90' lang='lat' dir='ltr'><strong>imperii</strong></span> <span class='ocrx_word' id='word_1_136' title='bbox 1478 1909 1566 1957; x_wconf 89' lang='lat' dir='ltr'><strong>Ti·-</strong></span> 
     </span>
     <span class='ocr_line' id='line_1_26' title="bbox 553 1968 1566 2030; baseline 0.001 -12"><span class='ocrx_word' id='word_1_137' title='bbox 553 1970 567 1981; x_wconf 83' lang='grc'><em>·</em></span> <span class='ocrx_word' id='word_1_138' title='bbox 675 1968 801 2018; x_wconf 86' lang='lat' dir='ltr'><strong>berii</strong></span> <span class='ocrx_word' id='word_1_139' title='bbox 817 1968 1051 2030; x_wconf 77' lang='lat' dir='ltr'><strong>CaesariS,</strong></span> <span class='ocrx_word' id='word_1_140' title='bbox 1069 1976 1368 2030; x_wconf 81' lang='lat' dir='ltr'><strong>procurante</strong></span> <span class='ocrx_word' id='word_1_141' title='bbox 1386 1972 1566 2019; x_wconf 85' lang='lat' dir='ltr'><strong>Pontio</strong></span> 
     </span>
     <span class='ocr_line' id='line_1_27' title="bbox 586 2030 1562 2091; baseline 0 -11"><span class='ocrx_word' id='word_1_142' title='bbox 586 2031 751 2080; x_wconf 80' lang='lat' dir='ltr'><strong>Pilato</strong></span> <span class='ocrx_word' id='word_1_143' title='bbox 801 2030 1061 2091; x_wconf 84' lang='lat' dir='ltr'><strong>Judaeam,</strong></span> <span class='ocrx_word' id='word_1_144' title='bbox 1088 2033 1347 2082; x_wconf 62' lang='lat' dir='ltr'><strong>tetrarcha</strong></span> <span class='ocrx_word' id='word_1_145' title='bbox 1392 2038 1562 2081; x_wconf 88' lang='lat' dir='ltr'><strong>autem</strong></span> 
     </span>
     <span class='ocr_line' id='line_1_28' title="bbox 585 2093 1561 2155; baseline -0.001 -12"><span class='ocrx_word' id='word_1_146' title='bbox 585 2093 805 2143; x_wconf 77' lang='lat' dir='ltr'><strong>Galilaeae</strong></span> <span class='ocrx_word' id='word_1_147' title='bbox 850 2093 1076 2153; x_wconf 83' lang='lat' dir='ltr'><strong>Herode,</strong></span> <span class='ocrx_word' id='word_1_148' title='bbox 1123 2095 1354 2155; x_wconf 88' lang='lat' dir='ltr'><strong>Philippo</strong></span> <span class='ocrx_word' id='word_1_149' title='bbox 1392 2101 1561 2144; x_wconf 88' lang='lat' dir='ltr'><strong>autem</strong></span> 
     </span>
     <span class='ocr_line' id='line_1_29' title="bbox 585 2154 1567 2213; baseline 0.002 -10"><span class='ocrx_word' id='word_1_150' title='bbox 585 2154 740 2204; x_wconf 76' lang='lat' dir='ltr'><strong>fratre</strong></span> <span class='ocrx_word' id='word_1_151' title='bbox 755 2154 865 2213; x_wconf 87' lang='lat' dir='ltr'><strong>ejus</strong></span> <span class='ocrx_word' id='word_1_152' title='bbox 885 2157 1133 2204; x_wconf 78' lang='lat' dir='ltr'><strong>tetrarcha</strong></span> <span class='ocrx_word' id='word_1_153' title='bbox 1155 2158 1348 2205; x_wconf 77' lang='lat' dir='ltr'><strong>lturaeae</strong></span> <span class='ocrx_word' id='word_1_154' title='bbox 1370 2163 1417 2206; x_wconf 88' lang='lat' dir='ltr'><strong>et</strong></span> <span class='ocrx_word' id='word_1_155' title='bbox 1440 2159 1567 2205; x_wconf 88' lang='lat' dir='ltr'><strong>Tra-</strong></span> 
     </span>
     <span class='ocr_line' id='line_1_30' title="bbox 585 2217 1566 2280; baseline 0 -12"><span class='ocrx_word' id='word_1_156' title='bbox 585 2217 860 2268; x_wconf 88' lang='lat' dir='ltr'><strong>chonitidis</strong></span> <span class='ocrx_word' id='word_1_157' title='bbox 874 2218 1113 2279; x_wconf 80' lang='lat' dir='ltr'><strong>regionis,</strong></span> <span class='ocrx_word' id='word_1_158' title='bbox 1135 2224 1183 2268; x_wconf 91' lang='lat' dir='ltr'><strong>et</strong></span> <span class='ocrx_word' id='word_1_159' title='bbox 1202 2220 1417 2280; x_wconf 75' lang='lat' dir='ltr'><strong>Lysania</strong></span> <span class='ocrx_word' id='word_1_160' title='bbox 1438 2218 1566 2268; x_wconf 83' lang='lat' dir='ltr'><strong>Abi-</strong></span> 
     </span>
     <span class='ocr_line' id='line_1_31' title="bbox 586 2281 1566 2342; baseline 0.002 -14"><span class='ocrx_word' id='word_1_161' title='bbox 586 2281 703 2329; x_wconf 86' lang='lat' dir='ltr'><strong>linae</strong></span> <span class='ocrx_word' id='word_1_162' title='bbox 758 2281 1023 2341; x_wconf 81' lang='lat' dir='ltr'><strong>tetrarcha,</strong></span> <span class='ocrx_word' id='word_1_163' title='bbox 1091 2283 1187 2330; x_wconf 91' lang='lat' dir='ltr'><strong>sub</strong></span> <span class='ocrx_word' id='word_1_164' title='bbox 1250 2283 1566 2342; x_wconf 87' lang='lat' dir='ltr'><strong>principibus</strong></span> 
     </span>
     <span class='ocr_line' id='line_1_32' title="bbox 584 2342 1566 2405; baseline 0.003 -16"><span class='ocrx_word' id='word_1_165' title='bbox 584 2342 903 2390; x_wconf 89' lang='lat' dir='ltr'><strong>sacerdotum</strong></span> <span class='ocrx_word' id='word_1_166' title='bbox 944 2344 1097 2391; x_wconf 79' lang='lat' dir='ltr'><strong>Anna</strong></span> <span class='ocrx_word' id='word_1_167' title='bbox 1130 2350 1178 2392; x_wconf 93' lang='lat' dir='ltr'><strong>et</strong></span> <span class='ocrx_word' id='word_1_168' title='bbox 1212 2343 1430 2405; x_wconf 86' lang='lat' dir='ltr'><strong>Caipha;</strong></span> <span class='ocrx_word' id='word_1_169' title='bbox 1466 2345 1566 2392; x_wconf 89' lang='lat' dir='ltr'><strong>l&#39;ac-</strong></span> 
     </span>
     <span class='ocr_line' id='line_1_33' title="bbox 586 2404 1569 2466; baseline 0.004 -16"><span class='ocrx_word' id='word_1_170' title='bbox 586 2409 698 2452; x_wconf 91' lang='lat' dir='ltr'><strong>tum</strong></span> <span class='ocrx_word' id='word_1_171' title='bbox 729 2408 803 2451; x_wconf 87' lang='lat' dir='ltr'><strong>est</strong></span> <span class='ocrx_word' id='word_1_172' title='bbox 835 2404 1045 2452; x_wconf 84' lang='lat' dir='ltr'><strong>verbum</strong></span> <span class='ocrx_word' id='word_1_173' title='bbox 1071 2405 1172 2453; x_wconf 83' lang='grc' dir='ltr'><strong>1)ῆί</strong></span> <span class='ocrx_word' id='word_1_174' title='bbox 1200 2418 1350 2466; x_wconf 88' lang='lat' dir='ltr'><strong>super</strong></span> <span class='ocrx_word' id='word_1_175' title='bbox 1380 2406 1569 2454; x_wconf 85' lang='lat' dir='ltr'><strong>Johan-</strong></span> 
     </span>
     <span class='ocr_line' id='line_1_34' title="bbox 586 2465 1563 2516; baseline 0.004 -4"><span class='ocrx_word' id='word_1_176' title='bbox 586 2478 704 2512; x_wconf 90' lang='lat' dir='ltr'><strong>nem</strong></span> <span class='ocrx_word' id='word_1_177' title='bbox 757 2465 1008 2513; x_wconf 66' lang='lat' dir='ltr'><strong>Zachariae</strong></span> <span class='ocrx_word' id='word_1_178' title='bbox 1046 2467 1210 2515; x_wconf 82' lang='lat' dir='ltr'><strong>filium</strong></span> <span class='ocrx_word' id='word_1_179' title='bbox 1256 2468 1309 2516; x_wconf 89' lang='lat' dir='ltr'><strong>in</strong></span> <span class='ocrx_word' id='word_1_180' title='bbox 1351 2469 1563 2516; x_wconf 84' lang='lat' dir='ltr'><strong>deserte.</strong></span> 
     </span>
     <span class='ocr_line' id='line_1_35' title="bbox 586 2525 1200 2585; baseline 0 -10"><span class='ocrx_word' id='word_1_181' title='bbox 586 2527 652 2575; x_wconf 91' lang='lat' dir='ltr'><strong>Et</strong></span> <span class='ocrx_word' id='word_1_182' title='bbox 676 2525 889 2585; x_wconf 88' lang='lat' dir='ltr'><strong>reliqua.</strong></span> <span class='ocrx_word' id='word_1_183' title='bbox 1195 2572 1200 2584; x_wconf 90' lang='grc'><em>,</em></span> 
     </span>
    </p>

    <p class='ocr_par' dir='ltr' id='par_1_12' title="bbox 635 2587 1571 2652">
     <span class='ocr_line' id='line_1_36' title="bbox 635 2587 1571 2652; baseline 0.003 -15"><span class='ocrx_word' id='word_1_184' title='bbox 635 2588 868 2637; x_wconf 88' lang='lat' dir='ltr'><strong>Homelia</strong></span> <span class='ocrx_word' id='word_1_185' title='bbox 879 2589 939 2637; x_wconf 89' lang='lat' dir='ltr'><strong>B.</strong></span> <span class='ocrx_word' id='word_1_186' title='bbox 958 2587 1191 2649; x_wconf 86' lang='lat' dir='ltr'><strong>Gregorii</strong></span> <span class='ocrx_word' id='word_1_187' title='bbox 1209 2590 1374 2650; x_wconf 80' lang='lat' dir='ltr'><strong>Papae.</strong></span> <span class='ocrx_word' id='word_1_188' title='bbox 1397 2590 1571 2652; x_wconf 54' lang='grc' dir='ltr'><strong>Μαί.</strong></span> 
     </span>
    </p>

    <p class='ocr_par' dir='ltr' id='par_1_13' title="bbox 585 2650 1569 3582">
     <span class='ocr_line' id='line_1_37' title="bbox 646 2650 1567 2713; baseline 0.002 -13"><span class='ocrx_word' id='word_1_189' title='bbox 646 2650 1000 2711; x_wconf 83' lang='lat' dir='ltr'><strong>Redemptoris</strong></span> <span class='ocrx_word' id='word_1_190' title='bbox 1016 2664 1293 2712; x_wconf 86' lang='lat' dir='ltr'><strong>praecursor</strong></span> <span class='ocrx_word' id='word_1_191' title='bbox 1315 2665 1416 2713; x_wconf 85' lang='lat' dir='ltr'><strong>quo</strong></span> <span class='ocrx_word' id='word_1_192' title='bbox 1437 2659 1567 2702; x_wconf 86' lang='lat' dir='ltr'><strong>tem-</strong></span> 
     </span>
     <span class='ocr_line' id='line_1_38' title="bbox 587 2713 1565 2775; baseline 0.005 -15"><span class='ocrx_word' id='word_1_193' title='bbox 587 2725 706 2774; x_wconf 84' lang='lat' dir='ltr'><strong>pore</strong></span> <span class='ocrx_word' id='word_1_194' title='bbox 734 2713 944 2762; x_wconf 88' lang='lat' dir='ltr'><strong>verbum</strong></span> <span class='ocrx_word' id='word_1_195' title='bbox 971 2715 1344 2774; x_wconf 83' lang='lat' dir='ltr'><strong>praedicationis</strong></span> <span class='ocrx_word' id='word_1_196' title='bbox 1364 2728 1565 2775; x_wconf 87' lang='lat' dir='ltr'><strong>accepe-</strong></span> 
     </span>
     <span class='ocr_line' id='line_1_39' title="bbox 586 2776 1565 2838; baseline 0.004 -15"><span class='ocrx_word' id='word_1_197' title='bbox 586 2776 672 2835; x_wconf 86' lang='lat' dir='ltr'><strong>rit,</strong></span> <span class='ocrx_word' id='word_1_198' title='bbox 701 2781 978 2824; x_wconf 88' lang='lat' dir='ltr'><strong>memorato</strong></span> <span class='ocrx_word' id='word_1_199' title='bbox 1008 2778 1252 2826; x_wconf 83' lang='lat' dir='ltr'><strong>Romanae</strong></span> <span class='ocrx_word' id='word_1_200' title='bbox 1279 2778 1565 2838; x_wconf 87' lang='lat' dir='ltr'><strong>reipublicae</strong></span> 
     </span>
     <span class='ocr_line' id='line_1_40' title="bbox 587 2837 1567 2901; baseline 0.005 -17"><span class='ocrx_word' id='word_1_201' title='bbox 587 2837 812 2897; x_wconf 87' lang='lat' dir='ltr'><strong>principe</strong></span> <span class='ocrx_word' id='word_1_202' title='bbox 834 2843 883 2886; x_wconf 90' lang='lat' dir='ltr'><strong>et</strong></span> <span class='ocrx_word' id='word_1_203' title='bbox 902 2838 1088 2887; x_wconf 79' lang='lat' dir='ltr'><strong>Judaeae</strong></span> <span class='ocrx_word' id='word_1_204' title='bbox 1112 2840 1317 2901; x_wconf 84' lang='lat' dir='ltr'><strong>regibus</strong></span> <span class='ocrx_word' id='word_1_205' title='bbox 1336 2841 1567 2901; x_wconf 88' lang='lat' dir='ltr'><strong>designa-</strong></span> 
     </span>
     <span class='ocr_line' id='line_1_41' title="bbox 590 2900 1568 2962; baseline 0.005 -16"><span class='ocrx_word' id='word_1_206' title='bbox 590 2905 691 2958; x_wconf 92' lang='lat' dir='ltr'><strong>tur,</strong></span> <span class='ocrx_word' id='word_1_207' title='bbox 714 2912 831 2947; x_wconf 90' lang='lat' dir='ltr'><strong>cum</strong></span> <span class='ocrx_word' id='word_1_208' title='bbox 853 2901 1058 2961; x_wconf 90' lang='lat' dir='ltr'><strong>dicitur,</strong></span> <span class='ocrx_word' id='word_1_209' title='bbox 1079 2900 1234 2951; x_wconf 83' lang='lat' dir='ltr'><strong>Anno</strong></span> <span class='ocrx_word' id='word_1_210' title='bbox 1255 2903 1568 2962; x_wconf 85' lang='lat' dir='ltr'><strong>quintodeci-</strong></span> 
     </span>
     <span class='ocr_line' id='line_1_42' title="bbox 589 2961 1569 3024; baseline 0.003 -15"><span class='ocrx_word' id='word_1_211' title='bbox 589 2973 674 3009; x_wconf 90' lang='lat' dir='ltr'><strong>mo</strong></span> <span class='ocrx_word' id='word_1_212' title='bbox 695 2961 898 3019; x_wconf 88' lang='lat' dir='ltr'><strong>imperii</strong></span> <span class='ocrx_word' id='word_1_213' title='bbox 923 2963 1112 3013; x_wconf 88' lang='lat' dir='ltr'><strong>Tiberii</strong></span> <span class='ocrx_word' id='word_1_214' title='bbox 1133 2964 1362 3024; x_wconf 82' lang='lat' dir='ltr'><strong>CaesariS,</strong></span> <span class='ocrx_word' id='word_1_215' title='bbox 1388 2977 1569 3024; x_wconf 89' lang='lat' dir='ltr'><strong>procu-</strong></span> 
     </span>
     <span class='ocr_line' id='line_1_43' title="bbox 590 3023 1567 3083; baseline 0.004 -13"><span class='ocrx_word' id='word_1_216' title='bbox 590 3026 733 3070; x_wconf 85' lang='lat' dir='ltr'><strong>rante</strong></span> <span class='ocrx_word' id='word_1_217' title='bbox 749 3023 927 3071; x_wconf 88' lang='lat' dir='ltr'><strong>Pontio</strong></span> <span class='ocrx_word' id='word_1_218' title='bbox 947 3024 1108 3074; x_wconf 83' lang='lat' dir='ltr'><strong>Pilato</strong></span> <span class='ocrx_word' id='word_1_219' title='bbox 1119 3026 1149 3074; x_wconf 85' lang='lat' dir='ltr'><strong>J</strong></span> <span class='ocrx_word' id='word_1_220' title='bbox 1155 3027 1367 3083; x_wconf 83' lang='lat' dir='ltr'><strong>udoeam,</strong></span> <span class='ocrx_word' id='word_1_221' title='bbox 1392 3032 1567 3074; x_wconf 87' lang='lat' dir='ltr'><strong>tetrar-</strong></span> 
     </span>
     <span class='ocr_line' id='line_1_44' title="bbox 588 3085 1563 3146; baseline 0.003 -15"><span class='ocrx_word' id='word_1_222' title='bbox 588 3085 678 3132; x_wconf 85' lang='lat' dir='ltr'><strong>cha</strong></span> <span class='ocrx_word' id='word_1_223' title='bbox 692 3089 862 3132; x_wconf 89' lang='lat' dir='ltr'><strong>autem</strong></span> <span class='ocrx_word' id='word_1_224' title='bbox 872 3085 1088 3136; x_wconf 81' lang='lat' dir='ltr'><strong>Galilaeae</strong></span> <span class='ocrx_word' id='word_1_225' title='bbox 1100 3089 1316 3146; x_wconf 86' lang='lat' dir='ltr'><strong>Herode,</strong></span> <span class='ocrx_word' id='word_1_226' title='bbox 1329 3088 1563 3146; x_wconf 87' lang='lat' dir='ltr'><strong>Philippo</strong></span> 
     </span>
     <span class='ocr_line' id='line_1_45' title="bbox 585 3145 1564 3210; baseline 0.002 -15"><span class='ocrx_word' id='word_1_227' title='bbox 585 3151 756 3195; x_wconf 87' lang='lat' dir='ltr'><strong>autem</strong></span> <span class='ocrx_word' id='word_1_228' title='bbox 788 3145 941 3196; x_wconf 77' lang='lat' dir='ltr'><strong>fratrc</strong></span> <span class='ocrx_word' id='word_1_229' title='bbox 972 3150 1085 3210; x_wconf 90' lang='lat' dir='ltr'><strong>ejus</strong></span> <span class='ocrx_word' id='word_1_230' title='bbox 1101 3150 1345 3198; x_wconf 89' lang='lat' dir='ltr'><strong>tetrarcha</strong></span> <span class='ocrx_word' id='word_1_231' title='bbox 1369 3150 1564 3197; x_wconf 80' lang='lat' dir='ltr'><strong>Ituraeae</strong></span> 
     </span>
     <span class='ocr_line' id='line_1_46' title="bbox 585 3209 1564 3272; baseline 0.002 -16"><span class='ocrx_word' id='word_1_232' title='bbox 585 3214 635 3256; x_wconf 90' lang='lat' dir='ltr'><strong>et</strong></span> <span class='ocrx_word' id='word_1_233' title='bbox 648 3209 1022 3259; x_wconf 89' lang='lat' dir='ltr'><strong>Trachonitidis</strong></span> <span class='ocrx_word' id='word_1_234' title='bbox 1034 3212 1330 3272; x_wconf 82' lang='lat' dir='ltr'><strong>regioniS‚et</strong></span> <span class='ocrx_word' id='word_1_235' title='bbox 1346 3211 1564 3269; x_wconf 81' lang='lat' dir='ltr'><strong>Lysania</strong></span> 
     </span>
     <span class='ocr_line' id='line_1_47' title="bbox 586 3269 1565 3332; baseline -0.001 -12"><span class='ocrx_word' id='word_1_236' title='bbox 586 3269 809 3320; x_wconf 74' lang='lat' dir='ltr'><strong>Abitinae</strong></span> <span class='ocrx_word' id='word_1_237' title='bbox 829 3273 1095 3332; x_wconf 85' lang='lat' dir='ltr'><strong>tetrarcha,</strong></span> <span class='ocrx_word' id='word_1_238' title='bbox 1131 3274 1226 3321; x_wconf 92' lang='lat' dir='ltr'><strong>sub</strong></span> <span class='ocrx_word' id='word_1_239' title='bbox 1248 3273 1565 3332; x_wconf 89' lang='lat' dir='ltr'><strong>principibus</strong></span> 
     </span>
     <span class='ocr_line' id='line_1_48' title="bbox 585 3334 1567 3395; baseline 0.001 -14"><span class='ocrx_word' id='word_1_240' title='bbox 585 3334 899 3381; x_wconf 87' lang='lat' dir='ltr'><strong>sacerdotum</strong></span> <span class='ocrx_word' id='word_1_241' title='bbox 937 3334 1091 3383; x_wconf 82' lang='lat' dir='ltr'><strong>Anna</strong></span> <span class='ocrx_word' id='word_1_242' title='bbox 1126 3341 1174 3384; x_wconf 90' lang='lat' dir='ltr'><strong>et</strong></span> <span class='ocrx_word' id='word_1_243' title='bbox 1217 3335 1430 3395; x_wconf 86' lang='lat' dir='ltr'><strong>Caipba3</strong></span> <span class='ocrx_word' id='word_1_244' title='bbox 1471 3334 1567 3382; x_wconf 75' lang='lat' dir='ltr'><strong>l&#39;ac·</strong></span> 
     </span>
     <span class='ocr_line' id='line_1_49' title="bbox 585 3396 1564 3456; baseline 0.002 -14"><span class='ocrx_word' id='word_1_245' title='bbox 585 3400 698 3442; x_wconf 91' lang='lat' dir='ltr'><strong>tum</strong></span> <span class='ocrx_word' id='word_1_246' title='bbox 734 3400 815 3443; x_wconf 89' lang='lat' dir='ltr'><strong>est</strong></span> <span class='ocrx_word' id='word_1_247' title='bbox 837 3396 1046 3445; x_wconf 78' lang='lat' dir='ltr'><strong>verbum</strong></span> <span class='ocrx_word' id='word_1_248' title='bbox 1073 3397 1175 3444; x_wconf 75' lang='lat' dir='ltr'><strong>Dni</strong></span> <span class='ocrx_word' id='word_1_249' title='bbox 1195 3410 1344 3456; x_wconf 88' lang='lat' dir='ltr'><strong>super</strong></span> <span class='ocrx_word' id='word_1_250' title='bbox 1369 3396 1564 3444; x_wconf 85' lang='lat' dir='ltr'><strong>Johan-</strong></span> 
     </span>
     <span class='ocr_line' id='line_1_50' title="bbox 586 3457 1560 3519; baseline 0.003 -16"><span class='ocrx_word' id='word_1_251' title='bbox 586 3469 701 3504; x_wconf 89' lang='lat' dir='ltr'><strong>nem</strong></span> <span class='ocrx_word' id='word_1_252' title='bbox 719 3457 970 3506; x_wconf 67' lang='lat' dir='ltr'><strong>Zacharia}</strong></span> <span class='ocrx_word' id='word_1_253' title='bbox 982 3459 1145 3507; x_wconf 83' lang='lat' dir='ltr'><strong>filium</strong></span> <span class='ocrx_word' id='word_1_254' title='bbox 1161 3459 1212 3506; x_wconf 92' lang='lat' dir='ltr'><strong>in</strong></span> <span class='ocrx_word' id='word_1_255' title='bbox 1228 3460 1440 3507; x_wconf 90' lang='lat' dir='ltr'><strong>deserto.</strong></span> <span class='ocrx_word' id='word_1_256' title='bbox 1455 3470 1502 3519; x_wconf 71' lang='lat'><strong>132</strong></span> <span class='ocrx_word' id='word_1_257' title='bbox 1514 3459 1560 3507; x_wconf 92' lang='lat'><strong>1.</strong></span> 
     </span>
     <span class='ocr_line' id='line_1_51' title="bbox 586 3515 1564 3582; baseline 0.002 -16"><span class='ocrx_word' id='word_1_258' title='bbox 586 3515 773 3567; x_wconf 83' lang='lat' dir='ltr'><strong>Emitte</strong></span> <span class='ocrx_word' id='word_1_259' title='bbox 804 3519 1016 3582; x_wconf 85' lang='lat' dir='ltr'><strong>Agnum</strong></span> <span class='ocrx_word' id='word_1_260' title='bbox 1048 3521 1159 3570; x_wconf 63' lang='lat' dir='ltr'><strong>Dine</strong></span> <span class='ocrx_word' id='word_1_261' title='bbox 1195 3521 1564 3570; x_wconf 83' lang='lat' dir='ltr'><strong>dominatorem</strong></span> 
     </span>
    </p>
   </div>
   <div class='ocr_carea' id='block_1_3' title="bbox 1658 486 2652 3580">
    <p class='ocr_par' dir='ltr' id='par_1_14' title="bbox 1666 486 2649 794">
     <span class='ocr_line' id='line_1_52' title="bbox 1669 486 2647 547; baseline 0.007 -14"><span class='ocrx_word' id='word_1_262' title='bbox 1669 491 1831 535; x_wconf 58' lang='lat' dir='ltr'><strong>terrai.</strong></span> <span class='ocrx_word' id='word_1_263' title='bbox 1865 486 1938 535; x_wconf 86' lang='lat' dir='ltr'><strong>De</strong></span> <span class='ocrx_word' id='word_1_264' title='bbox 1962 492 2101 547; x_wconf 88' lang='lat' dir='ltr'><strong>petra</strong></span> <span class='ocrx_word' id='word_1_265' title='bbox 2120 486 2305 536; x_wconf 71' lang='lat' dir='ltr'><strong>doeerti</strong></span> <span class='ocrx_word' id='word_1_266' title='bbox 2331 488 2396 537; x_wconf 91' lang='lat' dir='ltr'><strong>ad</strong></span> <span class='ocrx_word' id='word_1_267' title='bbox 2420 495 2647 540; x_wconf 79' lang='lat' dir='ltr'><strong>montem</strong></span> 
     </span>
     <span class='ocr_line' id='line_1_53' title="bbox 1667 546 2647 611; baseline 0.003 -14"><span class='ocrx_word' id='word_1_268' title='bbox 1667 548 1785 597; x_wconf 80' lang='lat' dir='ltr'><strong>filiae</strong></span> <span class='ocrx_word' id='word_1_269' title='bbox 1820 548 1957 597; x_wconf 89' lang='lat' dir='ltr'><strong>Sion.</strong></span> <span class='ocrx_word' id='word_1_270' title='bbox 1988 546 2049 609; x_wconf 58' lang='grc' dir='ltr'><strong>ψ.</strong></span> <span class='ocrx_word' id='word_1_271' title='bbox 2077 549 2262 598; x_wconf 84' lang='lat' dir='ltr'><strong>Rorate</strong></span> <span class='ocrx_word' id='word_1_272' title='bbox 2282 550 2647 611; x_wconf 86' lang='lat' dir='ltr'><strong>coelidesuper,</strong></span> 
     </span>
     <span class='ocr_line' id='line_1_54' title="bbox 1666 610 2649 671; baseline 0.003 -13"><span class='ocrx_word' id='word_1_273' title='bbox 1666 615 1715 659; x_wconf 91' lang='lat' dir='ltr'><strong>et</strong></span> <span class='ocrx_word' id='word_1_274' title='bbox 1741 610 1902 658; x_wconf 83' lang='lat' dir='ltr'><strong>nubes</strong></span> <span class='ocrx_word' id='word_1_275' title='bbox 1927 610 2105 670; x_wconf 87' lang='lat' dir='ltr'><strong>pluant</strong></span> <span class='ocrx_word' id='word_1_276' title='bbox 2126 611 2328 670; x_wconf 87' lang='lat' dir='ltr'><strong>justum</strong></span> <span class='ocrx_word' id='word_1_277' title='bbox 2351 627 2366 661; x_wconf 72' lang='grc' dir='ltr'><strong>ε</strong></span> <span class='ocrx_word' id='word_1_278' title='bbox 2389 614 2649 671; x_wconf 86' lang='lat' dir='ltr'><strong>aperiatur</strong></span> 
     </span>
     <span class='ocr_line' id='line_1_55' title="bbox 1667 672 2649 732; baseline 0.007 -13"><span class='ocrx_word' id='word_1_279' title='bbox 1667 677 1800 720; x_wconf 87' lang='lat' dir='ltr'><strong>terra</strong></span> <span class='ocrx_word' id='word_1_280' title='bbox 1816 707 1831 729; x_wconf 90' lang='lat'><strong>,</strong></span> <span class='ocrx_word' id='word_1_281' title='bbox 1853 677 1901 720; x_wconf 87' lang='lat' dir='ltr'><strong>et</strong></span> <span class='ocrx_word' id='word_1_282' title='bbox 1931 672 2183 732; x_wconf 80' lang='lat' dir='ltr'><strong>germinet</strong></span> <span class='ocrx_word' id='word_1_283' title='bbox 2210 672 2541 724; x_wconf 86' lang='lat' dir='ltr'><strong>Salvatorem.</strong></span> <span class='ocrx_word' id='word_1_284' title='bbox 2572 677 2649 726; x_wconf 83' lang='lat' dir='ltr'><strong>De</strong></span> 
     </span>
     <span class='ocr_line' id='line_1_56' title="bbox 1669 738 1827 794; baseline 0.006 -14"><span class='ocrx_word' id='word_1_285' title='bbox 1669 738 1827 794; x_wconf 88' lang='lat' dir='ltr'><strong>petra.</strong></span> 
     </span>
    </p>

    <p class='ocr_par' dir='ltr' id='par_1_15' title="bbox 1658 795 2652 2152">
     <span class='ocr_line' id='line_1_57' title="bbox 1730 795 2652 857; baseline 0.007 -15"><span class='ocrx_word' id='word_1_286' title='bbox 1730 795 1865 843; x_wconf 79' lang='lat' dir='ltr'><strong>Lect.</strong></span> <span class='ocrx_word' id='word_1_287' title='bbox 1885 795 1947 855; x_wconf 78' lang='lat' dir='ltr'><strong>ij.</strong></span> <span class='ocrx_word' id='word_1_288' title='bbox 1981 795 2113 855; x_wconf 88' lang='lat' dir='ltr'><strong>Quia</strong></span> <span class='ocrx_word' id='word_1_289' title='bbox 2131 796 2271 844; x_wconf 90' lang='lat' dir='ltr'><strong>enim</strong></span> <span class='ocrx_word' id='word_1_290' title='bbox 2295 797 2443 845; x_wconf 90' lang='lat' dir='ltr'><strong>illum</strong></span> <span class='ocrx_word' id='word_1_291' title='bbox 2469 799 2652 857; x_wconf 81' lang='lat' dir='ltr'><strong>praedi-</strong></span> 
     </span>
     <span class='ocr_line' id='line_1_58' title="bbox 1668 857 2651 920; baseline 0.004 -15"><span class='ocrx_word' id='word_1_292' title='bbox 1668 869 1783 906; x_wconf 88' lang='lat' dir='ltr'><strong>care</strong></span> <span class='ocrx_word' id='word_1_293' title='bbox 1805 857 2035 905; x_wconf 85' lang='lat' dir='ltr'><strong>veniebat</strong></span> <span class='ocrx_word' id='word_1_294' title='bbox 2051 858 2142 917; x_wconf 87' lang='lat' dir='ltr'><strong>qui</strong></span> <span class='ocrx_word' id='word_1_295' title='bbox 2157 863 2207 906; x_wconf 89' lang='lat' dir='ltr'><strong>et</strong></span> <span class='ocrx_word' id='word_1_296' title='bbox 2228 871 2286 906; x_wconf 83' lang='lat' dir='ltr'><strong>ex</strong></span> <span class='ocrx_word' id='word_1_297' title='bbox 2302 859 2332 906; x_wconf 86' lang='lat' dir='ltr'><strong>J</strong></span> <span class='ocrx_word' id='word_1_298' title='bbox 2336 860 2478 909; x_wconf 80' lang='lat' dir='ltr'><strong>udaea</strong></span> <span class='ocrx_word' id='word_1_299' title='bbox 2497 873 2651 920; x_wconf 82' lang='lat' dir='ltr'><strong>quos-</strong></span> 
     </span>
     <span class='ocr_line' id='line_1_59' title="bbox 1663 918 2650 980; baseline 0.005 -14"><span class='ocrx_word' id='word_1_300' title='bbox 1663 918 1783 967; x_wconf 90' lang='lat' dir='ltr'><strong>dam</strong></span> <span class='ocrx_word' id='word_1_301' title='bbox 1814 924 1863 966; x_wconf 90' lang='lat' dir='ltr'><strong>et</strong></span> <span class='ocrx_word' id='word_1_302' title='bbox 1886 919 2075 967; x_wconf 90' lang='lat' dir='ltr'><strong>multos</strong></span> <span class='ocrx_word' id='word_1_303' title='bbox 2097 932 2156 967; x_wconf 83' lang='lat' dir='ltr'><strong>ex</strong></span> <span class='ocrx_word' id='word_1_304' title='bbox 2184 920 2423 980; x_wconf 91' lang='lat' dir='ltr'><strong>gentibus</strong></span> <span class='ocrx_word' id='word_1_305' title='bbox 2454 924 2650 971; x_wconf 88' lang='lat' dir='ltr'><strong>redem-</strong></span> 
     </span>
     <span class='ocr_line' id='line_1_60' title="bbox 1664 984 2649 1043; baseline 0.006 -16"><span class='ocrx_word' id='word_1_306' title='bbox 1664 985 1847 1040; x_wconf 89' lang='lat' dir='ltr'><strong>pturus</strong></span> <span class='ocrx_word' id='word_1_307' title='bbox 1865 986 1990 1039; x_wconf 89' lang='lat' dir='ltr'><strong>erat,</strong></span> <span class='ocrx_word' id='word_1_308' title='bbox 2018 994 2105 1041; x_wconf 90' lang='lat' dir='ltr'><strong>per</strong></span> <span class='ocrx_word' id='word_1_309' title='bbox 2138 994 2309 1042; x_wconf 90' lang='lat' dir='ltr'><strong>regem</strong></span> <span class='ocrx_word' id='word_1_310' title='bbox 2338 984 2568 1043; x_wconf 89' lang='lat' dir='ltr'><strong>gentium</strong></span> <span class='ocrx_word' id='word_1_311' title='bbox 2595 990 2649 1033; x_wconf 84' lang='lat' dir='ltr'><strong>et</strong></span> 
     </span>
     <span class='ocr_line' id='line_1_61' title="bbox 1665 1042 2648 1103; baseline 0.005 -14"><span class='ocrx_word' id='word_1_312' title='bbox 1665 1043 1917 1101; x_wconf 86' lang='lat' dir='ltr'><strong>principes</strong></span> <span class='ocrx_word' id='word_1_313' title='bbox 1945 1042 2241 1096; x_wconf 84' lang='lat' dir='ltr'><strong>Judaeorum</strong></span> <span class='ocrx_word' id='word_1_314' title='bbox 2272 1044 2383 1096; x_wconf 87' lang='lat' dir='ltr'><strong>ejus</strong></span> <span class='ocrx_word' id='word_1_315' title='bbox 2409 1046 2648 1103; x_wconf 84' lang='lat' dir='ltr'><strong>praedica-</strong></span> 
     </span>
     <span class='ocr_line' id='line_1_62' title="bbox 1665 1104 1817 1152; baseline 0.013 -2"><span class='ocrx_word' id='word_1_316' title='bbox 1665 1104 1817 1152; x_wconf 86' lang='lat' dir='ltr'><strong>tionis</strong></span> 
     </span>
     <span class='ocr_line' id='line_1_63' title="bbox 1663 1170 2647 1228; baseline 0.005 -15"><span class='ocrx_word' id='word_1_317' title='bbox 1663 1170 1817 1214; x_wconf 82' lang='lat' dir='ltr'><strong>auten</strong></span> <span class='ocrx_word' id='word_1_318' title='bbox 2387 1180 2410 1215; x_wconf 89' lang='lat' dir='ltr'><strong>a</strong></span> <span class='ocrx_word' id='word_1_319' title='bbox 2431 1175 2563 1228; x_wconf 89' lang='lat' dir='ltr'><strong>erat,</strong></span> <span class='ocrx_word' id='word_1_320' title='bbox 2593 1176 2647 1219; x_wconf 85' lang='lat' dir='ltr'><strong>et</strong></span> 
     </span>
     <span class='ocr_line' id='line_1_64' title="bbox 1663 1227 2645 1290; baseline 0.006 -16"><span class='ocrx_word' id='word_1_321' title='bbox 1663 1227 1837 1276; x_wconf 80' lang='lat' dir='ltr'><strong>Judaea</strong></span> <span class='ocrx_word' id='word_1_322' title='bbox 1881 1242 1969 1287; x_wconf 90' lang='lat' dir='ltr'><strong>pro</strong></span> <span class='ocrx_word' id='word_1_323' title='bbox 2008 1242 2155 1288; x_wconf 83' lang='lat' dir='ltr'><strong>culpa</strong></span> <span class='ocrx_word' id='word_1_324' title='bbox 2192 1242 2411 1287; x_wconf 84' lang='lat' dir='ltr'><strong>perumae</strong></span> <span class='ocrx_word' id='word_1_325' title='bbox 2450 1231 2645 1290; x_wconf 72' lang='lat' dir='ltr'><strong>disper-</strong></span> 
     </span>
     <span class='ocr_line' id='line_1_65' title="bbox 1663 1290 2645 1351; baseline 0.004 -14"><span class='ocrx_word' id='word_1_326' title='bbox 1663 1291 1842 1349; x_wconf 87' lang='lat' dir='ltr'><strong>genda,</strong></span> <span class='ocrx_word' id='word_1_327' title='bbox 1882 1290 1991 1348; x_wconf 91' lang='lat' dir='ltr'><strong>ipsa</strong></span> <span class='ocrx_word' id='word_1_328' title='bbox 2022 1302 2223 1350; x_wconf 87' lang='lat' dir='ltr'><strong>quoquc</strong></span> <span class='ocrx_word' id='word_1_329' title='bbox 2251 1292 2517 1351; x_wconf 57' lang='lat' dir='ltr'><strong>descriptio</strong></span> <span class='ocrx_word' id='word_1_330' title='bbox 2548 1298 2645 1341; x_wconf 88' lang='lat' dir='ltr'><strong>ter-</strong></span> 
     </span>
     <span class='ocr_line' id='line_1_66' title="bbox 1663 1351 2642 1414; baseline 0.007 -16"><span class='ocrx_word' id='word_1_331' title='bbox 1663 1352 1774 1398; x_wconf 92' lang='lat' dir='ltr'><strong>reni</strong></span> <span class='ocrx_word' id='word_1_332' title='bbox 1795 1351 2111 1410; x_wconf 87' lang='lat' dir='ltr'><strong>principatus</strong></span> <span class='ocrx_word' id='word_1_333' title='bbox 2130 1354 2373 1414; x_wconf 83' lang='lat' dir='ltr'><strong>ostendit3</strong></span> <span class='ocrx_word' id='word_1_334' title='bbox 2395 1355 2642 1413; x_wconf 83' lang='lat' dir='ltr'><strong>quoniam</strong></span> 
     </span>
     <span class='ocr_line' id='line_1_67' title="bbox 1662 1413 2643 1475; baseline 0.005 -15"><span class='ocrx_word' id='word_1_335' title='bbox 1662 1418 1710 1461; x_wconf 89' lang='lat' dir='ltr'><strong>et</strong></span> <span class='ocrx_word' id='word_1_336' title='bbox 1732 1413 1785 1460; x_wconf 91' lang='lat' dir='ltr'><strong>in</strong></span> <span class='ocrx_word' id='word_1_337' title='bbox 1808 1413 2038 1460; x_wconf 84' lang='lat' dir='ltr'><strong>Romana</strong></span> <span class='ocrx_word' id='word_1_338' title='bbox 2065 1414 2322 1473; x_wconf 86' lang='lat' dir='ltr'><strong>republica</strong></span> <span class='ocrx_word' id='word_1_339' title='bbox 2343 1427 2477 1463; x_wconf 88' lang='lat' dir='ltr'><strong>unus</strong></span> <span class='ocrx_word' id='word_1_340' title='bbox 2504 1418 2643 1475; x_wconf 90' lang='lat' dir='ltr'><strong>prin-</strong></span> 
     </span>
     <span class='ocr_line' id='line_1_68' title="bbox 1662 1474 2643 1535; baseline 0.008 -14"><span class='ocrx_word' id='word_1_341' title='bbox 1662 1486 1777 1533; x_wconf 89' lang='lat' dir='ltr'><strong>ceps</strong></span> <span class='ocrx_word' id='word_1_342' title='bbox 1786 1474 1911 1533; x_wconf 82' lang='lat' dir='ltr'><strong>praes</strong></span> <span class='ocrx_word' id='word_1_343' title='bbox 1910 1476 2043 1523; x_wconf 92' lang='lat' dir='ltr'><strong>uisse</strong></span> <span class='ocrx_word' id='word_1_344' title='bbox 2055 1476 2375 1535; x_wconf 87' lang='lat' dir='ltr'><strong>describitur,</strong></span> <span class='ocrx_word' id='word_1_345' title='bbox 2393 1483 2439 1525; x_wconf 89' lang='lat' dir='ltr'><strong>et</strong></span> <span class='ocrx_word' id='word_1_346' title='bbox 2452 1478 2482 1525; x_wconf 85' lang='lat' dir='ltr'><strong>J</strong></span> <span class='ocrx_word' id='word_1_347' title='bbox 2486 1479 2643 1529; x_wconf 81' lang='lat' dir='ltr'><strong>udaeae</strong></span> 
     </span>
     <span class='ocr_line' id='line_1_69' title="bbox 1663 1541 2641 1599; baseline 0.006 -15"><span class='ocrx_word' id='word_1_348' title='bbox 1663 1549 1818 1596; x_wconf 86' lang='lat' dir='ltr'><strong>regno</strong></span> <span class='ocrx_word' id='word_1_349' title='bbox 1840 1548 1925 1595; x_wconf 89' lang='lat' dir='ltr'><strong>per</strong></span> <span class='ocrx_word' id='word_1_350' title='bbox 1953 1542 2188 1596; x_wconf 84' lang='lat' dir='ltr'><strong>quartam</strong></span> <span class='ocrx_word' id='word_1_351' title='bbox 2214 1543 2403 1597; x_wconf 89' lang='lat' dir='ltr'><strong>partem</strong></span> <span class='ocrx_word' id='word_1_352' title='bbox 2428 1541 2641 1599; x_wconf 87' lang='lat' dir='ltr'><strong>plurimi</strong></span> 
     </span>
     <span class='ocr_line' id='line_1_70' title="bbox 1661 1598 2641 1657; baseline 0.007 -12"><span class='ocrx_word' id='word_1_353' title='bbox 1661 1598 2099 1657; x_wconf 87' lang='lat' dir='ltr'><strong>principabantur.</strong></span> <span class='ocrx_word' id='word_1_354' title='bbox 2117 1599 2249 1647; x_wconf 86' lang='lat' dir='ltr'><strong>Voce</strong></span> <span class='ocrx_word' id='word_1_355' title='bbox 2268 1602 2454 1649; x_wconf 90' lang='lat' dir='ltr'><strong>etenim</strong></span> <span class='ocrx_word' id='word_1_356' title='bbox 2478 1606 2641 1652; x_wconf 90' lang='lat' dir='ltr'><strong>nostri</strong></span> 
     </span>
     <span class='ocr_line' id='line_1_71' title="bbox 1662 1660 2640 1720; baseline 0.005 -12"><span class='ocrx_word' id='word_1_357' title='bbox 1662 1660 2015 1720; x_wconf 84' lang='lat' dir='ltr'><strong>Redemptoris</strong></span> <span class='ocrx_word' id='word_1_358' title='bbox 2064 1661 2281 1719; x_wconf 89' lang='lat' dir='ltr'><strong>dicitur,</strong></span> <span class='ocrx_word' id='word_1_359' title='bbox 2338 1662 2503 1712; x_wconf 90' lang='lat' dir='ltr'><strong>Omne</strong></span> <span class='ocrx_word' id='word_1_360' title='bbox 2559 1678 2640 1713; x_wconf 88' lang='lat' dir='ltr'><strong>re-</strong></span> 
     </span>
     <span class='ocr_line' id='line_1_72' title="bbox 1662 1722 2641 1782; baseline 0.007 -14"><span class='ocrx_word' id='word_1_361' title='bbox 1662 1734 1823 1782; x_wconf 90' lang='lat' dir='ltr'><strong>gnum</strong></span> <span class='ocrx_word' id='word_1_362' title='bbox 1855 1722 1908 1769; x_wconf 92' lang='lat' dir='ltr'><strong>in</strong></span> <span class='ocrx_word' id='word_1_363' title='bbox 1939 1722 2161 1782; x_wconf 88' lang='lat' dir='ltr'><strong>scipsum</strong></span> <span class='ocrx_word' id='word_1_364' title='bbox 2192 1724 2417 1772; x_wconf 88' lang='lat' dir='ltr'><strong>divisum</strong></span> <span class='ocrx_word' id='word_1_365' title='bbox 2452 1727 2641 1776; x_wconf 88' lang='lat' dir='ltr'><strong>desola-</strong></span> 
     </span>
     <span class='ocr_line' id='line_1_73' title="bbox 1659 1782 2640 1847; baseline 0.005 -15"><span class='ocrx_word' id='word_1_366' title='bbox 1659 1784 1815 1832; x_wconf 89' lang='lat' dir='ltr'><strong>bitur.</strong></span> <span class='ocrx_word' id='word_1_367' title='bbox 1849 1794 1896 1845; x_wconf 73' lang='lat'><strong>132</strong></span> <span class='ocrx_word' id='word_1_368' title='bbox 1919 1782 1968 1831; x_wconf 81' lang='lat'><strong>2.</strong></span> <span class='ocrx_word' id='word_1_369' title='bbox 2001 1785 2430 1833; x_wconf 81' lang='lat' dir='ltr'><strong>Germinaverunt</strong></span> <span class='ocrx_word' id='word_1_370' title='bbox 2470 1790 2640 1847; x_wconf 81' lang='lat' dir='ltr'><strong>campi</strong></span> 
     </span>
     <span class='ocr_line' id='line_1_74' title="bbox 1659 1846 2639 1909; baseline 0.006 -16"><span class='ocrx_word' id='word_1_371' title='bbox 1659 1846 1815 1894; x_wconf 87' lang='lat' dir='ltr'><strong>eremi</strong></span> <span class='ocrx_word' id='word_1_372' title='bbox 1851 1857 2057 1905; x_wconf 85' lang='lat' dir='ltr'><strong>germen</strong></span> <span class='ocrx_word' id='word_1_373' title='bbox 2086 1847 2257 1895; x_wconf 92' lang='lat' dir='ltr'><strong>odoris</strong></span> <span class='ocrx_word' id='word_1_374' title='bbox 2286 1849 2460 1897; x_wconf 68' lang='lat' dir='ltr'><strong>Israel.</strong></span> <span class='ocrx_word' id='word_1_375' title='bbox 2500 1850 2639 1909; x_wconf 82' lang='lat' dir='ltr'><strong>Quia</strong></span> 
     </span>
     <span class='ocr_line' id='line_1_75' title="bbox 1658 1908 2631 1961; baseline 0.006 -6"><span class='ocrx_word' id='word_1_376' title='bbox 1658 1920 1769 1955; x_wconf 88' lang='lat' dir='ltr'><strong>ecce</strong></span> <span class='ocrx_word' id='word_1_377' title='bbox 1784 1908 1919 1956; x_wconf 88' lang='lat' dir='ltr'><strong>Deus</strong></span> <span class='ocrx_word' id='word_1_378' title='bbox 1931 1912 2098 1956; x_wconf 91' lang='lat' dir='ltr'><strong>noster</strong></span> <span class='ocrx_word' id='word_1_379' title='bbox 2114 1920 2231 1956; x_wconf 92' lang='lat' dir='ltr'><strong>cum</strong></span> <span class='ocrx_word' id='word_1_380' title='bbox 2248 1910 2433 1958; x_wconf 90' lang='lat' dir='ltr'><strong>virtute</strong></span> <span class='ocrx_word' id='word_1_381' title='bbox 2445 1912 2631 1961; x_wconf 87' lang='lat' dir='ltr'><strong>veniet.</strong></span> 
     </span>
     <span class='ocr_line' id='line_1_76' title="bbox 1659 1968 2632 2030; baseline 0.004 -13"><span class='ocrx_word' id='word_1_382' title='bbox 1659 1969 1723 2017; x_wconf 89' lang='lat' dir='ltr'><strong>Et</strong></span> <span class='ocrx_word' id='word_1_383' title='bbox 1742 1968 1976 2028; x_wconf 88' lang='lat' dir='ltr'><strong>splendor</strong></span> <span class='ocrx_word' id='word_1_384' title='bbox 1988 1970 2100 2029; x_wconf 84' lang='lat' dir='ltr'><strong>ejus</strong></span> <span class='ocrx_word' id='word_1_385' title='bbox 2113 1982 2227 2018; x_wconf 91' lang='lat' dir='ltr'><strong>cum</strong></span> <span class='ocrx_word' id='word_1_386' title='bbox 2244 1984 2314 2019; x_wconf 86' lang='lat' dir='ltr'><strong>eo.</strong></span> <span class='ocrx_word' id='word_1_387' title='bbox 2337 1968 2393 2030; x_wconf 64' lang='grc' dir='ltr'><strong>Ῠ.</strong></span> <span class='ocrx_word' id='word_1_388' title='bbox 2413 1971 2485 2019; x_wconf 81' lang='lat' dir='ltr'><strong>Ex</strong></span> <span class='ocrx_word' id='word_1_389' title='bbox 2504 1973 2632 2021; x_wconf 87' lang='lat' dir='ltr'><strong>Sion</strong></span> 
     </span>
     <span class='ocr_line' id='line_1_77' title="bbox 1658 2031 2632 2092; baseline 0.002 -13"><span class='ocrx_word' id='word_1_390' title='bbox 1658 2031 1847 2090; x_wconf 86' lang='lat' dir='ltr'><strong>species</strong></span> <span class='ocrx_word' id='word_1_391' title='bbox 1880 2031 2074 2080; x_wconf 85' lang='lat' dir='ltr'><strong>decoris</strong></span> <span class='ocrx_word' id='word_1_392' title='bbox 2116 2032 2246 2092; x_wconf 87' lang='lat' dir='ltr'><strong>ejus;</strong></span> <span class='ocrx_word' id='word_1_393' title='bbox 2284 2032 2418 2080; x_wconf 86' lang='lat' dir='ltr'><strong>Deus</strong></span> <span class='ocrx_word' id='word_1_394' title='bbox 2458 2039 2632 2083; x_wconf 86' lang='lat' dir='ltr'><strong>noster</strong></span> 
     </span>
     <span class='ocr_line' id='line_1_78' title="bbox 1659 2092 2477 2152; baseline 0.004 -11"><span class='ocrx_word' id='word_1_395' title='bbox 1659 2092 1924 2142; x_wconf 76' lang='lat' dir='ltr'><strong>manifeste</strong></span> <span class='ocrx_word' id='word_1_396' title='bbox 1946 2094 2126 2142; x_wconf 89' lang='lat' dir='ltr'><strong>veniet.</strong></span> <span class='ocrx_word' id='word_1_397' title='bbox 2146 2093 2210 2141; x_wconf 93' lang='lat' dir='ltr'><strong>Et</strong></span> <span class='ocrx_word' id='word_1_398' title='bbox 2228 2093 2477 2152; x_wconf 87' lang='lat' dir='ltr'><strong>splendor.</strong></span> 
     </span>
    </p>

    <p class='ocr_par' dir='ltr' id='par_1_16' title="bbox 1658 2154 2651 3381">
     <span class='ocr_line' id='line_1_79' title="bbox 1721 2154 2630 2216; baseline 0.006 -15"><span class='ocrx_word' id='word_1_399' title='bbox 1721 2154 1856 2203; x_wconf 81' lang='lat' dir='ltr'><strong>Lect.</strong></span> <span class='ocrx_word' id='word_1_400' title='bbox 1885 2154 1965 2216; x_wconf 60' lang='lat'><strong>‘&#39;²27’-</strong></span> <span class='ocrx_word' id='word_1_401' title='bbox 2018 2154 2199 2215; x_wconf 87' lang='lat' dir='ltr'><strong>Liquet</strong></span> <span class='ocrx_word' id='word_1_402' title='bbox 2232 2167 2350 2216; x_wconf 85' lang='lat' dir='ltr'><strong>ergo</strong></span> <span class='ocrx_word' id='word_1_403' title='bbox 2387 2156 2521 2215; x_wconf 86' lang='lat' dir='ltr'><strong>quod</strong></span> <span class='ocrx_word' id='word_1_404' title='bbox 2563 2158 2630 2206; x_wconf 89' lang='lat' dir='ltr'><strong>ad</strong></span> 
     </span>
     <span class='ocr_line' id='line_1_80' title="bbox 1660 2215 2635 2279; baseline 0.006 -15"><span class='ocrx_word' id='word_1_405' title='bbox 1660 2215 1814 2265; x_wconf 88' lang='lat' dir='ltr'><strong>linem</strong></span> <span class='ocrx_word' id='word_1_406' title='bbox 1834 2218 1978 2279; x_wconf 89' lang='lat' dir='ltr'><strong>regni</strong></span> <span class='ocrx_word' id='word_1_407' title='bbox 1995 2217 2025 2266; x_wconf 85' lang='lat' dir='ltr'><strong>J</strong></span> <span class='ocrx_word' id='word_1_408' title='bbox 2029 2218 2169 2266; x_wconf 82' lang='lat' dir='ltr'><strong>udaea</strong></span> <span class='ocrx_word' id='word_1_409' title='bbox 2185 2222 2499 2279; x_wconf 80' lang='lat' dir='ltr'><strong>pervenerat3</strong></span> <span class='ocrx_word' id='word_1_410' title='bbox 2520 2232 2635 2279; x_wconf 82' lang='lat' dir='ltr'><strong>quae</strong></span> 
     </span>
     <span class='ocr_line' id='line_1_81' title="bbox 1659 2280 2635 2341; baseline 0.004 -15"><span class='ocrx_word' id='word_1_411' title='bbox 1659 2283 1731 2327; x_wconf 91' lang='lat' dir='ltr'><strong>tot</strong></span> <span class='ocrx_word' id='word_1_412' title='bbox 1757 2280 1963 2340; x_wconf 85' lang='lat' dir='ltr'><strong>regibus</strong></span> <span class='ocrx_word' id='word_1_413' title='bbox 1988 2281 2153 2329; x_wconf 87' lang='lat' dir='ltr'><strong>divisa</strong></span> <span class='ocrx_word' id='word_1_414' title='bbox 2176 2281 2477 2340; x_wconf 87' lang='lat' dir='ltr'><strong>subjacebat.</strong></span> <span class='ocrx_word' id='word_1_415' title='bbox 2503 2283 2635 2341; x_wconf 79' lang='lat' dir='ltr'><strong>Apte</strong></span> 
     </span>
     <span class='ocr_line' id='line_1_82' title="bbox 1659 2343 2631 2403; baseline 0.004 -15"><span class='ocrx_word' id='word_1_416' title='bbox 1659 2353 1860 2401; x_wconf 87' lang='lat' dir='ltr'><strong>quoque</strong></span> <span class='ocrx_word' id='word_1_417' title='bbox 1885 2355 1986 2390; x_wconf 90' lang='lat' dir='ltr'><strong>non</strong></span> <span class='ocrx_word' id='word_1_418' title='bbox 2009 2343 2175 2390; x_wconf 91' lang='lat' dir='ltr'><strong>solum</strong></span> <span class='ocrx_word' id='word_1_419' title='bbox 2203 2344 2391 2402; x_wconf 87' lang='lat' dir='ltr'><strong>quibus</strong></span> <span class='ocrx_word' id='word_1_420' title='bbox 2410 2345 2631 2403; x_wconf 83' lang='lat' dir='ltr'><strong>regibuS‚</strong></span> 
     </span>
     <span class='ocr_line' id='line_1_83' title="bbox 1658 2404 2641 2463; baseline 0.003 -12"><span class='ocrx_word' id='word_1_421' title='bbox 1658 2404 1743 2451; x_wconf 90' lang='lat' dir='ltr'><strong>sed</strong></span> <span class='ocrx_word' id='word_1_422' title='bbox 1771 2404 1960 2463; x_wconf 87' lang='lat' dir='ltr'><strong>quibus</strong></span> <span class='ocrx_word' id='word_1_423' title='bbox 1994 2405 2147 2453; x_wconf 89' lang='lat' dir='ltr'><strong>ctiam</strong></span> <span class='ocrx_word' id='word_1_424' title='bbox 2185 2406 2525 2455; x_wconf 90' lang='lat' dir='ltr'><strong>sacerdotibus</strong></span> <span class='ocrx_word' id='word_1_425' title='bbox 2560 2419 2641 2454; x_wconf 68' lang='lat' dir='ltr'><strong>ac·‘</strong></span> 
     </span>
     <span class='ocr_line' id='line_1_84' title="bbox 1659 2467 2635 2527; baseline 0.004 -15"><span class='ocrx_word' id='word_1_426' title='bbox 1659 2469 1771 2512; x_wconf 91' lang='lat' dir='ltr'><strong>tum</strong></span> <span class='ocrx_word' id='word_1_427' title='bbox 1803 2467 1865 2514; x_wconf 90' lang='lat' dir='ltr'><strong>sit</strong></span> <span class='ocrx_word' id='word_1_428' title='bbox 2342 2473 2399 2515; x_wconf 93' lang='lat' dir='ltr'><strong>ut</strong></span> <span class='ocrx_word' id='word_1_429' title='bbox 2428 2468 2547 2527; x_wconf 85' lang='lat' dir='ltr'><strong>quia</strong></span> <span class='ocrx_word' id='word_1_430' title='bbox 2579 2467 2635 2516; x_wconf 91' lang='lat' dir='ltr'><strong>il-</strong></span> 
     </span>
     <span class='ocr_line' id='line_1_85' title="bbox 1660 2527 2632 2588; baseline 0.002 -14"><span class='ocrx_word' id='word_1_431' title='bbox 1660 2527 1770 2574; x_wconf 92' lang='lat' dir='ltr'><strong>lum</strong></span> <span class='ocrx_word' id='word_1_432' title='bbox 1791 2527 1865 2576; x_wconf 85' lang='lat' dir='ltr'><strong>Jol</strong></span> <span class='ocrx_word' id='word_1_433' title='bbox 2331 2531 2632 2588; x_wconf 67' lang='lat' dir='ltr'><strong>praedicaret,</strong></span> 
     </span>
     <span class='ocr_line' id='line_1_86' title="bbox 1660 2589 2631 2648; baseline 0.002 -12"><span class='ocrx_word' id='word_1_434' title='bbox 1660 2589 1748 2648; x_wconf 87' lang='lat' dir='ltr'><strong>qui</strong></span> <span class='ocrx_word' id='word_1_435' title='bbox 1766 2590 1922 2638; x_wconf 79' lang='lat' dir='ltr'><strong>simul</strong></span> <span class='ocrx_word' id='word_1_436' title='bbox 1939 2602 2045 2639; x_wconf 71' lang='lat' dir='ltr'><strong>nex</strong></span> <span class='ocrx_word' id='word_1_437' title='bbox 2065 2602 2115 2640; x_wconf 88' lang='lat' dir='ltr'><strong>et</strong></span> <span class='ocrx_word' id='word_1_438' title='bbox 2130 2602 2370 2640; x_wconf 63' lang='lat' dir='ltr'><strong>sacerdos</strong></span> <span class='ocrx_word' id='word_1_439' title='bbox 2389 2592 2631 2647; x_wconf 78' lang='lat' dir='ltr'><strong>existeret,</strong></span> 
     </span>
     <span class='ocr_line' id='line_1_87' title="bbox 1661 2651 2645 2714; baseline -0.002 -16"><span class='ocrx_word' id='word_1_440' title='bbox 1661 2651 1823 2700; x_wconf 89' lang='lat' dir='ltr'><strong>Lucas</strong></span> <span class='ocrx_word' id='word_1_441' title='bbox 1886 2654 2199 2713; x_wconf 87' lang='lat' dir='ltr'><strong>euangelista</strong></span> <span class='ocrx_word' id='word_1_442' title='bbox 2262 2654 2645 2714; x_wconf 81' lang='lat' dir='ltr'><strong>praedicationis</strong></span> 
     </span>
     <span class='ocr_line' id='line_1_88' title="bbox 1660 2712 2636 2777; baseline 0 -15"><span class='ocrx_word' id='word_1_443' title='bbox 1660 2712 1772 2771; x_wconf 87' lang='lat' dir='ltr'><strong>ejus</strong></span> <span class='ocrx_word' id='word_1_444' title='bbox 1799 2720 2018 2774; x_wconf 90' lang='lat' dir='ltr'><strong>tempora</strong></span> <span class='ocrx_word' id='word_1_445' title='bbox 2050 2729 2136 2775; x_wconf 87' lang='lat' dir='ltr'><strong>per</strong></span> <span class='ocrx_word' id='word_1_446' title='bbox 2168 2728 2383 2777; x_wconf 89' lang='lat' dir='ltr'><strong>regnum</strong></span> <span class='ocrx_word' id='word_1_447' title='bbox 2410 2722 2458 2764; x_wconf 90' lang='lat' dir='ltr'><strong>et</strong></span> <span class='ocrx_word' id='word_1_448' title='bbox 2480 2728 2636 2764; x_wconf 87' lang='lat' dir='ltr'><strong>sacer-</strong></span> 
     </span>
     <span class='ocr_line' id='line_1_89' title="bbox 1659 2775 2637 2839; baseline 0.003 -17"><span class='ocrx_word' id='word_1_449' title='bbox 1659 2775 1855 2824; x_wconf 91' lang='lat' dir='ltr'><strong>dotium</strong></span> <span class='ocrx_word' id='word_1_450' title='bbox 1889 2777 2192 2839; x_wconf 87' lang='lat' dir='ltr'><strong>designavit.</strong></span> <span class='ocrx_word' id='word_1_451' title='bbox 2221 2779 2285 2826; x_wconf 90' lang='lat' dir='ltr'><strong>Et</strong></span> <span class='ocrx_word' id='word_1_452' title='bbox 2306 2778 2513 2826; x_wconf 80' lang='lat' dir='ltr'><strong>venitin</strong></span> <span class='ocrx_word' id='word_1_453' title='bbox 2533 2789 2637 2825; x_wconf 90' lang='lat' dir='ltr'><strong>om-</strong></span> 
     </span>
     <span class='ocr_line' id='line_1_90' title="bbox 1661 2839 2637 2899; baseline 0.004 -15"><span class='ocrx_word' id='word_1_454' title='bbox 1661 2849 1779 2885; x_wconf 86' lang='lat' dir='ltr'><strong>nem</strong></span> <span class='ocrx_word' id='word_1_455' title='bbox 1795 2839 2054 2899; x_wconf 89' lang='lat' dir='ltr'><strong>regionem</strong></span> <span class='ocrx_word' id='word_1_456' title='bbox 2075 2839 2331 2899; x_wconf 86' lang='lat' dir='ltr'><strong>Jordanis,</strong></span> <span class='ocrx_word' id='word_1_457' title='bbox 2356 2839 2637 2898; x_wconf 83' lang='lat' dir='ltr'><strong>praedieans</strong></span> 
     </span>
     <span class='ocr_line' id='line_1_91' title="bbox 1661 2899 2651 2962; baseline 0.001 -14"><span class='ocrx_word' id='word_1_458' title='bbox 1661 2899 1972 2960; x_wconf 87' lang='lat' dir='ltr'><strong>baptismum</strong></span> <span class='ocrx_word' id='word_1_459' title='bbox 2011 2902 2330 2962; x_wconf 80' lang='lat' dir='ltr'><strong>poenitcntiae,</strong></span> <span class='ocrx_word' id='word_1_460' title='bbox 2372 2901 2426 2947; x_wconf 89' lang='lat' dir='ltr'><strong>in</strong></span> <span class='ocrx_word' id='word_1_461' title='bbox 2462 2901 2651 2948; x_wconf 84' lang='lat' dir='ltr'><strong>remis--</strong></span> 
     </span>
     <span class='ocr_line' id='line_1_92' title="bbox 1659 2960 2641 3023; baseline -0.001 -15"><span class='ocrx_word' id='word_1_462' title='bbox 1659 2961 1853 3011; x_wconf 87' lang='lat' dir='ltr'><strong>sionem</strong></span> <span class='ocrx_word' id='word_1_463' title='bbox 1868 2969 2200 3023; x_wconf 88' lang='lat' dir='ltr'><strong>peccatorum.</strong></span> <span class='ocrx_word' id='word_1_464' title='bbox 2213 2973 2259 3022; x_wconf 77' lang='lat'><strong>13²</strong></span> <span class='ocrx_word' id='word_1_465' title='bbox 2272 2961 2485 3008; x_wconf 81' lang='lat' dir='ltr'><strong>3.Radix</strong></span> <span class='ocrx_word' id='word_1_466' title='bbox 2495 2960 2641 3012; x_wconf 82' lang='lat' dir='ltr'><strong>Jesse</strong></span> 
     </span>
     <span class='ocr_line' id='line_1_93' title="bbox 1659 3021 2646 3083; baseline -0.002 -14"><span class='ocrx_word' id='word_1_467' title='bbox 1659 3023 1750 3081; x_wconf 90' lang='lat' dir='ltr'><strong>qui</strong></span> <span class='ocrx_word' id='word_1_468' title='bbox 1764 3030 1966 3083; x_wconf 83' lang='lat' dir='ltr'><strong>exurget</strong></span> <span class='ocrx_word' id='word_1_469' title='bbox 1979 3024 2209 3082; x_wconf 83' lang='lat' dir='ltr'><strong>judicare</strong></span> <span class='ocrx_word' id='word_1_470' title='bbox 2225 3025 2394 3080; x_wconf 84' lang='lat' dir='ltr'><strong>gentes</strong></span> <span class='ocrx_word' id='word_1_471' title='bbox 2412 3035 2425 3068; x_wconf 76' lang='grc' dir='ltr'><strong><em>ε</em></strong></span> <span class='ocrx_word' id='word_1_472' title='bbox 2443 3021 2497 3068; x_wconf 93' lang='lat' dir='ltr'><strong>in</strong></span> <span class='ocrx_word' id='word_1_473' title='bbox 2514 3035 2646 3072; x_wconf 69' lang='lat' dir='ltr'><strong>eum,</strong></span> 
     </span>
     <span class='ocr_line' id='line_1_94' title="bbox 1660 3081 2636 3143; baseline 0.004 -13"><span class='ocrx_word' id='word_1_474' title='bbox 1660 3090 1833 3142; x_wconf 87' lang='lat' dir='ltr'><strong>gentes</strong></span> <span class='ocrx_word' id='word_1_475' title='bbox 1882 3085 2173 3143; x_wconf 87' lang='lat' dir='ltr'><strong>sperabunt.</strong></span> <span class='ocrx_word' id='word_1_476' title='bbox 2218 3081 2281 3130; x_wconf 84' lang='lat' dir='ltr'><strong>Et</strong></span> <span class='ocrx_word' id='word_1_477' title='bbox 2318 3082 2415 3130; x_wconf 89' lang='lat' dir='ltr'><strong>erit</strong></span> <span class='ocrx_word' id='word_1_478' title='bbox 2447 3096 2636 3134; x_wconf 86' lang='lat' dir='ltr'><strong>nomen</strong></span> 
     </span>
     <span class='ocr_line' id='line_1_95' title="bbox 1658 3143 2639 3204; baseline 0.002 -11"><span class='ocrx_word' id='word_1_479' title='bbox 1658 3145 1766 3204; x_wconf 87' lang='lat' dir='ltr'><strong>ejus</strong></span> <span class='ocrx_word' id='word_1_480' title='bbox 1797 3145 2115 3194; x_wconf 88' lang='lat' dir='ltr'><strong>benedictum</strong></span> <span class='ocrx_word' id='word_1_481' title='bbox 2151 3144 2204 3193; x_wconf 86' lang='lat' dir='ltr'><strong>in</strong></span> <span class='ocrx_word' id='word_1_482' title='bbox 2235 3145 2435 3193; x_wconf 62' lang='lat' dir='ltr'><strong>saecula.</strong></span> <span class='ocrx_word' id='word_1_483' title='bbox 2462 3143 2521 3200; x_wconf 63' lang='grc' dir='ltr'><strong>ψ.</strong></span> <span class='ocrx_word' id='word_1_484' title='bbox 2546 3147 2639 3195; x_wconf 91' lang='lat' dir='ltr'><strong>Su-</strong></span> 
     </span>
     <span class='ocr_line' id='line_1_96' title="bbox 1661 3207 2638 3268; baseline 0.004 -14"><span class='ocrx_word' id='word_1_485' title='bbox 1661 3219 1745 3266; x_wconf 91' lang='lat' dir='ltr'><strong>per</strong></span> <span class='ocrx_word' id='word_1_486' title='bbox 1797 3220 1949 3268; x_wconf 87' lang='lat' dir='ltr'><strong>quem</strong></span> <span class='ocrx_word' id='word_1_487' title='bbox 2006 3207 2337 3255; x_wconf 89' lang='lat' dir='ltr'><strong>continebunt</strong></span> <span class='ocrx_word' id='word_1_488' title='bbox 2389 3219 2533 3266; x_wconf 86' lang='lat' dir='ltr'><strong>reges</strong></span> <span class='ocrx_word' id='word_1_489' title='bbox 2579 3222 2638 3258; x_wconf 88' lang='lat' dir='ltr'><strong>os</strong></span> 
     </span>
     <span class='ocr_line' id='line_1_97' title="bbox 1659 3270 2639 3329; baseline 0.003 -13"><span class='ocrx_word' id='word_1_490' title='bbox 1659 3281 1812 3317; x_wconf 90' lang='lat' dir='ltr'><strong>suum</strong></span> <span class='ocrx_word' id='word_1_491' title='bbox 1841 3285 1854 3319; x_wconf 74' lang='grc' dir='ltr'><strong><em>ε</em></strong></span> <span class='ocrx_word' id='word_1_492' title='bbox 1890 3270 2057 3328; x_wconf 89' lang='lat' dir='ltr'><strong>ipsum</strong></span> <span class='ocrx_word' id='word_1_493' title='bbox 2094 3274 2265 3329; x_wconf 84' lang='lat' dir='ltr'><strong>gentes</strong></span> <span class='ocrx_word' id='word_1_494' title='bbox 2294 3270 2639 3327; x_wconf 89' lang='lat' dir='ltr'><strong>deprecabun-</strong></span> 
     </span>
     <span class='ocr_line' id='line_1_98' title="bbox 1660 3331 2576 3381; baseline 0 -4"><span class='ocrx_word' id='word_1_495' title='bbox 1660 3335 1762 3381; x_wconf 89' lang='lat' dir='ltr'><strong>tur.</strong></span> <span class='ocrx_word' id='word_1_496' title='bbox 1783 3332 1847 3380; x_wconf 91' lang='lat' dir='ltr'><strong>Et</strong></span> <span class='ocrx_word' id='word_1_497' title='bbox 1866 3332 1979 3380; x_wconf 93' lang='lat' dir='ltr'><strong>erit.</strong></span> <span class='ocrx_word' id='word_1_498' title='bbox 2002 3331 2195 3380; x_wconf 88' lang='lat' dir='ltr'><strong>Gloria.</strong></span> <span class='ocrx_word' id='word_1_499' title='bbox 2218 3331 2282 3379; x_wconf 89' lang='lat' dir='ltr'><strong>Et</strong></span> <span class='ocrx_word' id='word_1_500' title='bbox 2301 3331 2414 3378; x_wconf 85' lang='lat' dir='ltr'><strong>erit.</strong></span> <span class='ocrx_word' id='word_1_501' title='bbox 2570 3370 2576 3377; x_wconf 91' lang='lat'><strong>.</strong></span> 
     </span>
    </p>

    <p class='ocr_par' dir='ltr' id='par_1_17' title="bbox 1728 3390 2651 3455">
     <span class='ocr_line' id='line_1_99' title="bbox 1728 3390 2651 3455; baseline -0.002 -13"><span class='ocrx_word' id='word_1_502' title='bbox 1728 3393 1777 3455; x_wconf 67' lang='grc' dir='ltr'><strong>[π</strong></span> <span class='ocrx_word' id='word_1_503' title='bbox 1801 3395 1931 3443; x_wconf 80' lang='lat' dir='ltr'><strong>Ante</strong></span> <span class='ocrx_word' id='word_1_504' title='bbox 1953 3393 2167 3455; x_wconf 77' lang='lat' dir='ltr'><strong>Laudes]</strong></span> <span class='ocrx_word' id='word_1_505' title='bbox 2186 3391 2245 3453; x_wconf 60' lang='grc' dir='ltr'><strong>ψ.</strong></span> <span class='ocrx_word' id='word_1_506' title='bbox 2270 3393 2456 3441; x_wconf 87' lang='lat' dir='ltr'><strong>Emitte</strong></span> <span class='ocrx_word' id='word_1_507' title='bbox 2472 3390 2487 3445; x_wconf 83' lang='lat'><em>(</em></span> <span class='ocrx_word' id='word_1_508' title='bbox 2496 3406 2541 3452; x_wconf 90' lang='lat' dir='ltr'><strong>p.</strong></span> <span class='ocrx_word' id='word_1_509' title='bbox 2565 3391 2651 3444; x_wconf 79' lang='grc'><strong>8)..</strong></span> 
     </span>
    </p>

    <p class='ocr_par' dir='ltr' id='par_1_18' title="bbox 1662 3455 2635 3580">
     <span class='ocr_line' id='line_1_100' title="bbox 1723 3455 2634 3504; baseline 0.001 -1"><span class='ocrx_word' id='word_1_510' title='bbox 1723 3457 1788 3503; x_wconf 75' lang='lat' dir='ltr'><strong>In</strong></span> <span class='ocrx_word' id='word_1_511' title='bbox 1815 3455 2073 3504; x_wconf 77' lang='lat' dir='ltr'><strong>Laudibus</strong></span> <span class='ocrx_word' id='word_1_512' title='bbox 2096 3459 2160 3504; x_wconf 78' lang='lat' dir='ltr'><strong>A.</strong></span> <span class='ocrx_word' id='word_1_513' title='bbox 2180 3457 2226 3504; x_wconf 93' lang='lat'><strong>1.</strong></span> <span class='ocrx_word' id='word_1_514' title='bbox 2245 3455 2425 3503; x_wconf 85' lang='lat' dir='ltr'><strong>Veniet</strong></span> <span class='ocrx_word' id='word_1_515' title='bbox 2448 3456 2557 3503; x_wconf 82' lang='lat' dir='ltr'><strong>Dns</strong></span> <span class='ocrx_word' id='word_1_516' title='bbox 2580 3457 2634 3504; x_wconf 90' lang='lat' dir='ltr'><strong>in</strong></span> 
     </span>
     <span class='ocr_line' id='line_1_101' title="bbox 1662 3516 2635 3580; baseline -0.001 -13"><span class='ocrx_word' id='word_1_517' title='bbox 1662 3523 1901 3580; x_wconf 87' lang='lat' dir='ltr'><strong>potestate</strong></span> <span class='ocrx_word' id='word_1_518' title='bbox 1953 3531 2167 3579; x_wconf 84' lang='lat' dir='ltr'><strong>magna3</strong></span> <span class='ocrx_word' id='word_1_519' title='bbox 2213 3522 2260 3568; x_wconf 92' lang='lat' dir='ltr'><strong>et</strong></span> <span class='ocrx_word' id='word_1_520' title='bbox 2298 3516 2485 3567; x_wconf 86' lang='lat' dir='ltr'><strong>videbit</strong></span> <span class='ocrx_word' id='word_1_521' title='bbox 2514 3531 2635 3577; x_wconf 88' lang='lat' dir='ltr'><strong>eum</strong></span> 
     </span>
    </p>
   </div>
   <div class='ocr_carea' id='block_1_4' title="bbox 2387 1108 2721 1167">
    <p class='ocr_par' dir='ltr' id='par_1_19' title="bbox 2387 1108 2721 1167">
     <span class='ocr_line' id='line_1_102' title="bbox 2387 1108 2721 1167; baseline 0.021 -17"><span class='ocrx_word' id='word_1_522' title='bbox 2387 1119 2472 1155; x_wconf 86' lang='lat' dir='ltr'><strong>ur.</strong></span> <span class='ocrx_word' id='word_1_523' title='bbox 2508 1108 2648 1167; x_wconf 87' lang='lat' dir='ltr'><strong>Quia</strong></span> <span class='ocrx_word' id='word_1_524' title='bbox 2711 1125 2721 1128; x_wconf 92' lang='lat'><em>·</em></span> 
     </span>
    </p>
   </div>
  </div>
 </body>
</html>
