2910 4457
1094 380 1169 421 an
1210 380 1505 423 vmnas.
2273 364 2357 427 93

257 496 431 545 menti
454 495 571 555 ejus
594 510 609 546 ε
637 494 772 543 sicut
790 506 876 544 ros
901 495 1149 555 Hermon,
1177 498 1264 559 qui

256 559 528 607 descendit
551 558 606 605 in
628 562 853 605 montem
876 557 1017 607 Sion.

322 620 595 680 Quoniam
609 619 713 667 illic
728 620 1112 668 mandavitDi'is
1128 621 1270 670 bene-

259 681 548 791 dictionem
585 695 599 729 :
634 685 685 730 et
705 681 865 729 vitam
888 693 1049 742 usque
1084 682 1139 731 in
1175 695 1269 732 εω-

261 755 322 791 cu
344 757 463 791 um.

321 805 507 853 Gloria
543 803 706 851 Patri.
739 806 802 851 A.
834 804 961 852 Ecce
995 817 1151 865 quam
1181 806 1270 855 bo-

261 878 414 927 num,
442 872 492 915 et
510 878 670 925 quam
689 866 997 924 jucundum.

415 929 540 977 Non
560 927 749 974 dicitur
769 929 838 974 ad
871 928 1115 988 Vesperas

464 990 565 1036 iste
586 988 829 1035 Psalmus
849 990 1071 1050 coeoeoeiij.

351 1062 440 1099 cce
475 1063 619 1097 nunc
650 1050 927 1099 benedicite
953 1052 1091 1100 Dfim
1117 1067 1130 1101 :
1160 1063 1271 1100 om-

352 1125 448 1160 nes
464 1111 603 1160 servi
625 1112 746 1159 Diti.

323 1174 434 1233 Qui
456 1174 609 1221 statis
632 1174 682 1219 in
706 1174 857 1220 domo
877 1173 981 1222 Dixi
1006 1189 1020 1224 ε
1042 1174 1096 1222 in
1123 1175 1270 1224 atriis

254 1238 451 1286 domus
467 1236 565 1282 Dei
589 1235 768 1282 nostri.

324 1299 387 1345 ln
426 1297 667 1345 noctibus
694 1296 910 1344 extollite
938 1309 1125 1345 manus
1159 1309 1271 1346 ves—

260 1364 371 1407 tras
393 1360 449 1406 in
477 1363 656 1406 sancta
687 1372 700 1407 :
728 1363 778 1406 et
804 1359 1081 1407 benedicite
1110 1359 1266 1407 Dr'im.

325 1420 610 1469 Benedicat
633 1425 678 1467 te
698 1420 807 1467 Diis
828 1433 886 1468 ex
906 1421 1028 1469 Sion
1050 1436 1063 1470 ε
1087 1421 1178 1481 qui
1201 1421 1271 1470 se-

264 1482 334 1531 eit
353 1483 547 1532 coelum
572 1486 621 1529 et
641 1487 847 1529 terram.

516 1543 760 1590 Psalmus
782 1542 1025 1604 cxxxiit‘j.

344 1606 540 1715 {¹¹⁶⁸oe
560 1617 747 1653 nomen
769 1605 900 1654 Dni:
917 1606 1119 1654 laudate
1132 1604 1269 1654 servi

398 1680 515 1715 nm.

327 1729 435 1789 Qui
454 1727 606 1776 statis
630 1727 683 1775 in
705 1728 857 1775 domo
878 1727 981 1776 Diii
1004 1744 1019 1778 t
1045 1728 1099 1776 in
1121 1728 1270 1777 atriis

265 1791 457 1840 domus
480 1789 575 1837 Dei
601 1790 780 1837 nostri.

326 1853 562 1901 Laudate
591 1850 756 1908 Dum,
785 1851 902 1910 quia
926 1850 1091 1899 bonus
1119 1851 1230 1899 Diis
1254 1866 1267 1899 ι

266 1915 469 1973 psallite
490 1912 686 1960 nomini
699 1912 827 1971 eJuS,
842 1913 1081 1972 quoniam
1094 1925 1267 1962 suave.

327 1975 595 2035 Quoniam
626 1974 780 2022 Jacob
812 1974 962 2033 elegit
989 1975 1087 2022 sibi
1118 1975 1267 2026 Diis:

266 2036 422 2086 Israel
449 2037 504 2085 in
528 2037 893 2095 possessionem
916 2036 1032 2084 sibi.

331 2100 472 2159 Quia
512 2110 605 2157 ego
637 2097 849 2157 cognovi
881 2099 1014 2157 quod
1047 2109 1270 2158 magnus

266 2165 342 2209 est
369 2162 488 2209 Diis
510 2174 523 2207 z
548 2164 596 2208 et
616 2160 758 2209 Deus
780 2164 947 2208 noster
978 2172 1079 2220 prae
1108 2160 1270 2209 omni-

268 2222 367 2271 bus
387 2223 512 2272 diis.

329 2284 525 2334 Omnia
574 2295 888 2343 quaecunque
932 2283 1095 2332 voluit
1139 2283 1266 2343 Dina,

269 2346 384 2395 tecit
403 2348 462 2395 in
485 2346 608 2393 coelo
636 2351 685 2394 et
712 2345 765 2392 in
790 2351 920 2393 terra
947 2360 959 2394 ε
984 2346 1038 2394 in
1060 2346 1196 2393 mari
1221 2350 1269 2394 et

266 2409 323 2457 in
343 2409 594 2457 omnibus
613 2407 829 2466 abyssis,

329 2471 572 2519 Educens
588 2470 750 2517 nubes
765 2469 828 2516 ab
850 2474 1070 2517 extremo
1085 2473 1234 2518 terrae
1253 2484 1268 2518 ε

269 2531 477 2594 fulgura
499 2532 554 2579 in
578 2531 806 2590 pluviam
828 2530 960 2578 fecit.

333 2595 442 2654 Qui
469 2594 702 2653 producit
727 2598 902 2640 ventos
930 2593 992 2640 de
1019 2592 1271 2640 thesauris

267 2656 379 2704 suis
433 2670 447 2705 :
497 2655 587 2714 qui
637 2655 886 2714 percussit
933 2654 1270 2713 primogenita

270 2717 497 2777 AEgypti,
523 2717 587 2764 ab
609 2717 816 2764 homine
832 2728 993 2776 usque
1012 2717 1072 2764 ad
1099 2727 1268 2775 pecuS.

329 2780 398 2828 Et
414 2779 561 2826 misit
574 2780 722 2839 signa
734 2782 784 2826 et
797 2778 1024 2836 prodigia
1037 2778 1089 2825 in
1104 2778 1270 2825 medio

269 2842 363 2900 tui,
398 2841 617 2900 AEgypte
650 2856 663 2890 z
697 2841 750 2888 in
787 2840 1104 2889 Pharaonem
1134 2844 1182 2889 et
1214 2839 1269 2887 in

270 2914 449 2950 omnes
471 2914 644 2949 servos
665 2901 794 2960 ejus.

329 2964 435 3024 Qui
477 2965 727 3023 percussit
758 2966 930 3023 gentes
958 2963 1147 3010 multas
1178 2977 1191 3013 ε
1222 2967 1271 3011 et

272 3026 456 3075 occidit
478 3038 621 3086 reges
642 3025 813 3073 sorteS.

334 3088 500 3137 Sehon
539 3100 707 3147 regem
746 3086 1184 3143 Amorrhaeorum‚
1221 3089 1270 3133 et

271 3148 349 3208 og
399 3161 570 3210 regem
594 3150 763 3197 Basan
793 3164 807 3198 ε
838 3153 886 3196 et
918 3148 1091 3196 omnia
1114 3159 1270 3206 regna

268 3211 535 3260 chanaan.

332 3273 400 3321 Et
428 3273 570 3322 dedit
597 3277 787 3320 terram
810 3282 987 3319 eorum
1012 3270 1273 3318 haeredita-

271 3339 373 3384 tem
395 3334 773 3384 :haereditatem
791 3334 942 3381 lsrael
961 3333 1142 3391 populo
1158 3344 1270 3380 suo.

334 3396 444 3445 Dine
482 3409 671 3445 nomen
707 3401 857 3442 tuum
896 3395 949 3443 in
981 3400 1227 3442 aeternum
1258 3408 1272 3442 :

272 3457 382 3507 Due
400 3458 699 3507 memoriale
715 3461 865 3505 tuum
882 3457 936 3505 in
954 3456 1273 3517 generatione

268 3524 321 3568 et
341 3520 749 3580 generationem.

1429 494 1566 556 Quia
1648 496 1874 546 udicabit
1940 496 2051 546 Diis
2110 497 2354 558 populum

1364 570 1519 608 suum
1535 573 1547 605 :
1566 563 1612 606 et
1648 572 1678 606 n
1698 560 1860 608 servis
1871 560 1979 607 suis
1989 560 2356 618 deprecabitur.

1428 619 1747 669 Simulacbra
1763 621 2006 671 Gentium
2024 626 2291 681 argentum
2308 627 2357 671 et

1365 693 1552 730 aurum
1579 695 1759 741 :opera
1782 695 2030 731 manuum
2065 684 2356 734 hominum.

1428 743 1501 790 Os
1515 743 1714 801 habent,
1732 749 1780 791 et
1799 758 1897 791 non
1919 746 2186 804 loquentur
2205 760 2219 794 ι
2236 758 2357 794 ocu-

1364 803 1439 851 los
1457 803 1657 860 habent,
1675 810 1724 852 et
1741 818 1840 851 non
1865 806 2124 855 videbunt.

1430 864 1600 912 Aures
1617 865 1818 922 babent,
1837 872 1884 912 et
1903 879 2001 913 non
2019 869 2226 916 audient
2243 882 2257 918 ε
2275 879 2357 917 ne-

1365 937 1465 985 que
1478 927 1614 973 enim
1630 932 1703 974 est
1719 927 1930 985 spiritus
1946 929 1997 974 in
2013 941 2096 975 ore
2110 929 2355 987 ipsorum.

1429 987 1635 1036 Similes
1656 989 1760 1036 illis
1783 989 1909 1036 liant
1930 990 2020 1048 qui
2050 989 2243 1037 faciunt
2261 1003 2317 1039 ea
2343 1007 2357 1042 ι

1368 1053 1416 1097 et
1436 1061 1613 1097 omnes
1635 1050 1722 1109 qui
1745 1051 2006 1098 confidunt
2023 1050 2075 1098 in
2098 1052 2189 1099 eiS.

1427 1110 1623 1158 Domus
1637 1113 1789 1160 lsrael
1808 1113 2083 1161 benedicite
2092 1113 2230 1161 Diim
2246 1129 2258 1162 :
2275 1113 2359 1161 do-

1366 1183 1485 1224 mus
1502 1172 1674 1220 Aaron
1691 1175 1967 1223 benedicite
1983 1175 2138 1222 Dium.

1427 1234 1622 1282 Domus
1639 1237 1757 1284 Levi
1783 1237 2057 1285 benedicite
2083 1236 2246 1285 Dfim:
2266 1235 2359 1297 qui

1364 1294 1555 1343 timetis
1577 1297 1730 1355 Dium,
1757 1299 2034 1346 benedicite
2055 1299 2210 1346 Dnm.

1428 1357 1729 1407 Benedictus
1745 1361 1854 1407 Diis
1871 1372 1928 1408 ex
1945 1361 2063 1408 Sion
2088 1361 2202 1420 :qui
2220 1359 2360 1408 habl-

1366 1421 1439 1465 tat
1457 1419 1507 1465 in
1533 1420 1873 1469 Hierusalem.

1428 1479 1600 1528 Gloria
1624 1483 1786 1529 Patri.
1813 1483 1875 1530 A.
1905 1482 2094 1529 Omnia
2116 1492 2358 1540 quecun-

1366 1551 1466 1599 que
1486 1542 1645 1589 voluit
1662 1544 1787 1601 Diis,
1806 1543 1940 1590 fecit.

1628 1604 1870 1651 Psalmus
1891 1613 2089 1651 cxxxv.

1449 1664 1734 1714 onfitemini
1751 1666 1882 1724 Βῆο,
1903 1665 2145 1725 quoniam
2163 1663 2354 1714 bonus:

1364 1786 1414 1835 d·
1448 1727 1693 1798 quoniam
1719 1729 1772 1778 in
1796 1733 2044 1777 aeternum
2068 1726 2356 1776 misericor-

1401 1799 1446 1834 1a
1465 1801 1594 1847 eJuS.

1427 1849 1779 1901 Confitemini:
1801 1852 1905 1900 Deo
1925 1852 2156 1900 deorum.

1426 1911 1769 1963 Confitemini:
1782 1914 1999 1962 Domino
2008 1913 2334 1961 dominorum
2345 1945 2358 1959 .

1425 1973 1531 2033 Qui
1548 1975 1693 2023 tacit:
1713 1976 1966 2023 mirabilia
1989 1985 2176 2033 magna
2198 1973 2355 2020 soluS.

1426 2035 1531 2093 Qui
1554 2036 1667 2083 fecit
1683 2036 1834 2083 coelos
1850 2051 1862 2083 ε
1881 2036 1931 2082 in
1957 2035 2229 2081 intellectu.

1426 2096 1531 2154 Qui
1545 2097 1768 2143 firmavit
1781 2102 1968 2143 terram
1983 2110 1997 2143 ι
2013 2107 2163 2152 super
2180 2105 2356 2152 aquaS.

1426 2157 1531 2215 Qui
1555 2157 1693 2206 fecit:
1717 2156 1992 2205 luminaria
2009 2167 2215 2214 magna.

1425 2218 1621 2269 Solem:
1640 2219 1691 2267 in
1717 2223 2009 2279 potestatem
2031 2216 2152 2266 diei.

1426 2281 1629 2330 Lunam
1661 2286 1709 2329 et
1737 2282 1939 2330 stellas:
1978 2280 2033 2329 in
2063 2281 2356 2339 potestatem

1362 2343 1546 2391 noctiS.

1428 2404 1534 2464 Qui
1576 2405 1823 2464 percussit
1873 2404 2152 2465 AEgyptum
2174 2413 2188 2449 ε
2238 2412 2356 2450 cum

1364 2467 1721 2528 primogenitis
1742 2478 1938 2516 eorum.

1417 2528 1522 2588 Qui
1539 2531 1710 2579 eduxit
1723 2530 1874 2578 lsrael
1890 2530 1974 2577 :de
1984 2527 2357 2575 medioeorum.

1421 2592 1493 2700 ι15ῐέ
1525 2605 1684 2641 manu
1717 2591 1936 2652 potenti:
1971 2595 2020 2639 et
2051 2589 2255 2636 brachio
2276 2600 2360 2635 ex—

1364 2664 1419 2701 ce
1499 2688 1511 2700 .

1427 2715 1533 2773 Qui
1548 2714 1725 2761 divisit
1739 2724 1881 2775 mare
1911 2711 2149 2759 Rubrum
2171 2723 2183 2756 :
2207 2708 2263 2755 in
2279 2708 2359 2756 di-

1365 2775 1606 2824 visioneS.

1426 2836 1489 2884 Et
1506 2835 1676 2884 eduxit
1694 2834 1846 2882 lsrael
1862 2845 1972 2892 :per
1988 2832 2216 2881 medium
2227 2830 2358 2890 ejus.

1426 2897 1491 2945 Et
1500 2897 1716 2945 excussit
1726 2897 2043 2944 Pharaonem
2057 2900 2107 2944 et
2118 2894 2359 2942 virtutem

1367 2958 1482 3018 eius
1502 2975 1514 3009 ε
1538 2960 1590 3007 in
1611 2958 1744 3006 mari
1766 2958 1960 3006 Rubro.

1428 3021 1533 3081 Qui
1556 3021 1778 3069 traduxit
1800 3020 2041 3081 populum
2057 3029 2213 3067 suum
2234 3032 2249 3067 ι
2271 3030 2359 3078 per

1364 3084 1641 3133 desertum.

1427 3145 1529 3205 Qui
1551 3144 1826 3204 percussit:
1844 3154 1986 3201 reges
2002 3151 2234 3200 magnos,

1426 3207 1492 3255 Et
1513 3207 1724 3255 occidit:
1749 3218 1890 3265 reges
1911 3204 2077 3250 sorteS.

1428 3269 1591 3317 Sehon
1613 3283 1626 3319 z
1648 3281 1818 3327 regem
1844 3264 2282 3314 Amorrhaeorum.

1431 3330 1497 3378 Et
1518 3331 1595 3389 Og
1616 3341 1814 3390 :regem
1837 3329 2022 3376 Basan.
2271 3385 2281 3396 ι

1430 3391 1496 3439 Et
1518 3391 1656 3441 dedit
1672 3398 1859 3441 terram
1875 3400 2052 3438 eorum
2068 3402 2083 3437 t
2099 3386 2362 3435 haeredita-

1373 3458 1497 3501 tem.

1433 3514 1793 3564 Haereditatem
1809 3510 1963 3562 lsrael
1982 3525 1997 3561 ε
2016 3520 2160 3559 servo
2174 3519 2285 3555 suo.

2177 4014 2416 4219 f
