2910 4457
699 394 831 447 xviii
1079 396 1084 399 ’
1586 402 1661 443 DE
1686 405 1872 443 Pam.

775 529 1083 607 Symbolum
1105 533 1433 604 Athanasii.]
1462 533 1551 586 Ex
1576 530 1901 602 Antiphonis
1925 535 1956 562 “
1973 548 2128 601 super
2165 531 2498 602 Quicunque”
2524 533 2598 604 (p.
2624 540 2718 600 21,

702 625 794 692 22)
818 630 1051 692 apparet,
1069 638 1176 674 non
1202 619 1282 686 (ut
1305 619 1448 690 apud
1474 619 1628 671 Brev.
1650 618 1828 688 Rom.)
1845 620 1902 669 in
1929 618 2255 670 Dominicali
2271 615 2484 671 tantum
2504 619 2718 688 Officio,

704 708 798 762 sed
831 707 1093 776 quotidie·
1116 706 1318 759 dictum
1349 705 1528 770 fuisse,
1551 712 1716 772 atque
1741 705 1817 756 ita
1840 703 1981 772 quod
2005 705 2061 755 in
2087 701 2360 756 Laudibus
2381 705 2718 767 Benedictus,

704 793 848 863 quod
869 794 927 845 in
951 793 1194 863 Vesper-is
1217 800 1272 845 et
1294 792 1650 860 Completorio
1688 790 2004 860 Maqnificat
2038 799 2093 843 et
2117 790 2277 843 Nunc
2301 791 2544 857 dimittis,
2568 792 2712 846 idem

702 881 761 933 in
789 879 973 933 Prima
998 879 1238 932 divinum
1261 879 1363 931 hoc
1388 878 1673 931 Canticum
1699 877 2017 946 praestitisse.

778 966 841 1020 P.
865 971 929 1019 21
957 967 1011 1019 b.
1038 965 1442 1035 quandocunque
1467 963 1691 1031 dicitur]
1717 963 1786 1015 V.
1814 961 1903 1014 Pr.
1932 967 1997 1013 10
2021 979 2071 1014 a.

774 1070 892 1105 cum
926 1052 1173 1120 reqimine
1208 1050 1369 1113 chori,
1406 1057 1461 1102 et
1492 1049 1696 1118 quando
1737 1049 1918 1101 chorus
1953 1049 2174 1116 reqitur]
2225 1046 2453 1109 Quando
2490 1058 2713 1104 rectores

701 1138 879 1202 habet,
904 1137 1047 1207 quod
1070 1138 1128 1188 in
1152 1137 1432 1189 solenniori
1445 1133 1655 1188 tantum
1676 1135 1860 1188 Officio
1887 1135 1964 1187 fit.
2005 1135 2090 1187 De
2111 1134 2196 1186 his
2219 1144 2401 1188 autem
2426 1137 2714 1189 rectoribus

703 1225 762 1276 in
788 1223 1041 1276 Tractatu
1067 1222 1226 1276 Crede
1248 1218 1461 1274 Michib
1484 1229 1686 1286 vocam,
1709 1228 1828 1290 post
1849 1220 2218 1289 Defensor-ium
2241 1221 2533 1274 Directorii
2560 1222 2712 1275 Ordi-

705 1309 816 1363 nali
835 1316 855 1340 ⁰
882 1308 1074 1362 Sarisb.
1100 1325 1346 1379 appens0,
1367 1308 1628 1376 legimus:

777 1399 810 1426 “
831 1395 900 1448 In
937 1395 1084 1448 festis
1109 1393 1500 1467 principalibus
1542 1401 1793 1462 quattuor
1828 1404 1983 1447 erunt
2016 1401 2241 1447 rectores
2276 1393 2422 1447 chori
2458 1395 2525 1448 de
2562 1413 2713 1465 supe-

703 1487 736 1513 “
757 1482 878 1535 riori
899 1482 1070 1553 gradu
1087 1480 1139 1535 ⁶:
1177 1480 1268 1535 sed
1292 1482 1348 1534 in
1371 1481 1661 1552 majoribus
1696 1480 1992 1550 duplicibus
2017 1479 2124 1532 duo
2148 1480 2464 1549 principales
2487 1492 2711 1536 rectores

704 1572 736 1597 “
755 1568 819 1622 de
844 1570 1100 1639 superiori
1123 1569 1310 1639 gradu,
1335 1575 1390 1620 et
1411 1568 1506 1620 alii
1529 1567 1637 1620 duo
1662 1567 1727 1620 de
1751 1567 2125 1619 inferioribus.”

779 1659 794 1684 ‘
814 1654 1017 1707 Preces'
1055 1655 1125 1708 ad
1161 1654 1397 1706 Primam
1434 1653 1650 1722 quidem
1683 1662 1736 1706 et
1773 1653 2193 1723 Completorium
2225 1652 2304 1721 (v.
2336 1669 2386 1721 p.
2428 1658 2533 1705 107
2567 1671 2601 1706 a
2631 1654 2711 1723 b),

706 1748 856 1792 extra
888 1739 1043 1791 hebd.
1084 1734 1321 1803 Paschae,
1363 1746 1418 1790 et
1460 1736 1723 1792 Triduum
1770 1739 2084 1809 praecedens‚
2125 1755 2343 1808 semper,
2384 1738 2453 1790 ad
2490 1740 2715 1808 reliquas

705 1833 890 1878 autem
938 1826 1114 1879 Horas
1164 1825 1244 1894 (v,
1292 1843 1342 1894 p.
1399 1829 1470 1878 39
1527 1826 1607 1895 b.)
1659 1829 1715 1878 in
1763 1828 1932 1879 feriali
1979 1826 2188 1881 tantum
2231 1825 2420 1879 Officio
2470 1826 2712 1881 Orationi

709 1914 817 1965 sive
843 1912 1092 1966 Collectae
1116 1920 1496 1982 praeponuntur
1516 1919 1653 1975 3—et
1684 1930 1887 1982 semper
1911 1930 1943 1966 a
1966 1913 2135 1983 Kyrie
2167 1913 2250 1977 eL,
2278 1914 2400 1966 Chr.
2424 1912 2509 1976 eL,
2534 1913 2610 1966 K.
2635 1914 2714 1980 eL,

707 1999 932 2070 singulis
954 2000 1010 2052 in
1038 1998 1144 2052 Off.
1172 1997 1366 2052 Sarisb.
1395 1998 1553 2051 Ebor.
1579 2006 1633 2051 et
1666 1998 1846 2051 Heres.
1874 2006 1969 2062 ter,
1992 2000 2049 2051 in
2083 1998 2325 2052 Romano
2347 2007 2530 2052 autem
2555 2000 2713 2053 semel

707 2089 922 2140 tantum
939 2087 1172 2156 repetitis
1188 2086 1466 2155 incipiunt,
1485 2094 1539 2138 et
1551 2085 1823 2138 Versiculo
1839 2085 1976 2137 D’ne
1998 2086 2445 2138 exaudifflveniat.
2467 2085 2546 2156 (p.
2566 2090 2636 2138 23
2655 2085 2711 2154 a)

705 2174 981 2232 finiuntur.
1022 2173 1105 2227 De
1120 2173 1375 2227 Precibus
1391 2180 1573 2225 autem
1591 2172 1847 2225 Romanis
1862 2173 2019 2243 plura
2035 2171 2154 2224 vide
2168 2172 2237 2225 ad
2255 2190 2306 2243 p.
2327 2176 2396 2225 39
2414 2173 2448 2224 b
2476 2181 2529 2225 et
2551 2178 2653 2225 100
2667 2191 2710 2226 a.

775 2264 915 2316 Ante
939 2261 1225 2332 Repleatur
1246 2267 1335 2331 65⁶.
1374 2262 1532 2330 BreV.
1559 2261 1895 2313 Eboracense
1927 2276 2050 2312 cum
2075 2260 2318 2313 Romano
2341 2262 2551 2313 inserit:
2591 2265 2624 2291 “
2643 2260 2713 2313 Et

709 2363 808 2417 ego
833 2348 903 2400 ad
924 2356 978 2400 te
1003 2348 1139 2400 D’ne
1164 2348 1403 2400 clamavi.
1477 2347 1553 2399 Et
1576 2364 1733 2399 mane
1757 2348 1922 2400 oratio
1946 2364 2065 2400 mea
2086 2348 2370 2417 praeveniet
2392 2348 2491 2400 te.''

779 2432 843 2484 P.
868 2437 938 2484 23
963 2449 1012 2484 a.
1030 2433 1238 2484 Deinde
1261 2434 1461 2485 dicitur
1486 2432 1611 2500 &c.]
1654 2433 1738 2484 De
1763 2432 1866 2485 Off.
1884 2434 2048 2486 Ebor.
2068 2450 2118 2487 v.
2145 2432 2213 2486 ad
2232 2434 2438 2503 Compl.
2465 2451 2516 2503 p.
2542 2438 2643 2487 106
2667 2452 2713 2487 a.

782 2517 844 2571 P.
868 2522 938 2570 23
961 2519 1012 2570 b.
1040 2518 1108 2572 In
1132 2518 1234 2571 hac
1256 2519 1389 2571 hora
1423 2518 1553 2587 &c.]
1592 2519 1663 2571 In
1697 2519 1983 2574 Breviariis
2017 2521 2176 2575 Ebor.
2211 2528 2265 2573 et
2296 2521 2481 2574 Heres.
2516 2540 2715 2593 semper

712 2602 908 2659 dicitur
933 2601 1116 2659 Oratio
1142 2605 1327 2658 “D'ne
1354 2613 1535 2658 sancte
1570 2605 1695 2658 &c.”
1732 2605 1810 2675 (p.
1835 2611 1905 2660 24
1940 2608 2045 2677 a.):
2089 2609 2145 2660 in
2178 2607 2333 2660 Rom.
2373 2606 2558 2661 Oratio
2593 2609 2715 2662 huic

714 2695 917 2749 similis.

782 2782 847 2835 P.
873 2787 943 2835 22
966 2785 1020 2836 b.
1048 2782 1207 2837 Pater
1229 2791 1422 2837 noster.
1485 2780 1561 2836 Et
1582 2800 1650 2836 ne
1676 2783 1787 2853 &c.]
1815 2784 1879 2836 V.
1905 2783 1975 2837 ad
1997 2801 2050 2853 p.
2082 2788 2145 2836 16
2170 2803 2219 2838 a.

780 2867 954 2920 Credo
978 2868 1037 2919 in
1063 2868 1259 2921 Deum.
1285 2868 1478 2921 Carnis
1503 2869 1629 2937 &c.]
1656 2869 1724 2921 V.
1748 2869 1817 2922 ad
1840 2887 1892 2940 p.
1923 2873 1989 2921 16
2013 2887 2061 2922 a.
2196 2927 2199 2930 ,

780 2950 842 3004 Ρ.
865 2956 934 3005 24
957 2969 1004 3004 a.
1029 2952 1327 3022 peccatum]
1371 2953 1441 3005 In
1467 2954 1622 3007 Brev.
1650 2955 1833 3009 Heref.
1859 2954 2073 3008 mortale
2087 2965 2371 3026 peceatum.

779 3035 921 3107 Per.]
958 3038 1005 3091 Ι.
1036 3057 1080 3092 e.
1119 3039 1273 3093 “Per
1309 3040 1603 3094 Dominum
1640 3051 1878 3095 nostrum
1915 3041 2040 3094 &c.”
2063 3054 2124 3095 ut
2160 3043 2215 3095 in
2246 3042 2500 3097 Oratione
2525 3062 2724 3113 praece·

709 3121 882 3178 dente.
923 3123 1013 3177 Sic
1037 3133 1158 3195 etp.
1184 3129 1253 3177 24
1277 3126 1329 3178 b.

774 3251 1012 3304 'Confer
1032 3254 1125 3303 The
1146 3254 1342 3314 Primer,
1360 3253 1413 3303 in
1434 3271 1532 3318 quo
1556 3255 1620 3317 (e.
1632 3272 1677 3318 g.
1697 3256 1748 3304 in
1768 3256 1946 3320 Gough
1970 3258 2076 3307 103.
2100 3273 2147 3321 p.
2176 3258 2265 3310 17·
2255 3293 2266 3306 .
2290 3273 2333 3307 v,
2358 3274 2407 3322 p.
2426 3259 2558 3321 xv)‘
2577 3261 2721 3323 Sym·

707 3334 877 3383 bolum
899 3336 985 3383 &c.
1011 3335 1247 3397 quotidie
1233 3350 1286 3381 in
1308 3334 1535 3382 Ecclesia
1554 3336 1752 3383 lectum'
1774 3342 1988 3385 vocatur.

776 3414 797 3445 b
833 3416 910 3463 De
931 3415 1021 3463 hoc
1043 3416 1283 3463 scribendi
1305 3416 1451 3463 modo
1471 3432 1518 3463 v.
1541 3417 1603 3463 ad
1626 3416 1706 3463 Pr.
1732 3420 1761 3464 3
1785 3417 1831 3465 b.

776 3504 795 3528 ⁰
830 3494 889 3546 V.
918 3494 980 3545 ad
1004 3493 1224 3545 Titulum
1248 3493 1440 3560 Proprii
1464 3497 1522 3547 de
1545 3494 1794 3559 Tempore.
2290 3497 2312 3529 ‘¹
2345 3500 2405 3548 V.
2432 3500 2494 3548 ad
2517 3502 2597 3550 Pr.
2624 3504 2654 3551 3
2679 3503 2722 3551 b.
