2910 4457
206 361 236 420 ς
258 356 473 421 53—57)

208 511 327 555 sunt
338 505 786 571 repromissiones,
804 505 859 553 in
877 505 1100 554 Christo,
1124 505 1239 553 Deo

207 572 415 637 gratias.

239 651 277 700 Ἥ
298 650 386 700 Ad
398 649 623 701 Sextam.
653 650 775 716 Cap.
791 650 810 716 (
825 651 923 701 Ubi
931 668 1107 715 supra,
1121 650 1205 715 G.)

206 718 451 833 Simon
466 717 692 768 ludibria
711 725 762 767 et
777 717 995 768 verbera
1006 719 1230 783 experti3

302 785 516 848 insuper
550 789 601 832 et
642 783 856 833 vincula
889 790 940 832 et
980 798 1239 832 carceres:

204 849 422 915 lapidati
480 856 625 911 sunt,
679 850 810 899 secti
862 855 1006 912 sunt,
1057 850 1242 898 tentati

203 921 326 964 sunt
339 932 351 976 3
364 911 697 965 in'occisione
714 915 877 981 gladii
894 916 1083 964 mortui
1101 920 1238 963 sunt.

208 978 339 1046 [Deo
363 980 460 1047 gn]

205 1062 243 1111 Ἥ
261 1062 349 1112 Ad
371 1062 592 1112 Nonam.
623 1062 746 1127 Gap.
771 1061 903 1126 (Ubi
921 1061 1119 1125 supra.)

280 1142 620 1177 mcummmr
631 1130 686 1177 in
700 1129 921 1190 melotis,
940 1130 996 1194 in
1015 1128 1241 1192 pellibus

205 1140 281 1253 GE
298 1195 553 1259 caprinis;
581 1201 809 1260 egenteS,
842 1195 1141 1260 angustiati,
1167 1195 1240 1242 af·

204 1260 353 1310 flicti:
389 1260 580 1324 quibus
606 1261 795 1326 dignus
820 1263 927 1309 non
961 1267 1070 1309 erat
1092 1276 1240 1308 mun-

206 1325 317 1376 dus.
345 1326 480 1391 [Deo
506 1324 601 1393 gn]

269 1405 307 1473 δ
337 1404 455 1463 54.
522 1406 652 1457 Item
674 1408 784 1457 alia
807 1406 1050 1471 Capitula
1067 1405 1242 1457 Pluri-

203 1490 400 1524 morum
506 1481 768 1538 (zmyrum,
813 1473 1022 1538 quando
1067 1490 1244 1523 novem

202 1541 440 1590 lectiones
456 1541 539 1589 vel
556 1548 657 1590 tres
674 1539 976 1601 habeantur,
995 1555 1107 1588 cum
1121 1556 1240 1603 pro-

198 1606 327 1669 pria
348 1606 581 1656 historia.

271 1671 311 1721 Ἰ
334 1671 422 1720 Ad
458 1679 701 1735 utrasque
737 1669 898 1735 Vesp„
933 1678 982 1720 et
1004 1670 1075 1720 ad
1098 1669 1243 1733 Mat„

204 1745 263 1866 ῗὲ
283 1737 355 1787 ad
398 1736 640 1867 Tertg'am,
686 1737 893 1787 dicatur
932 1736 1070 1786 istud
1115 1736 1242 1801 Cap.

269 1818 350 1868 ap.
377 1807 422 1854 3.
450 1804 516 1852 A.

274 1883 539 1919 usa-oium
558 1869 743 1918 animae
753 1870 809 1917 in
823 1884 980 1917 manu
991 1869 1092 1917 Dei
1105 1873 1241 1929 sunt,

202 1881 274 1995 {H
278 1942 328 1984 et
342 1952 451 1985 non
465 1935 788 2000 tanget‘illos
806 1941 1119 1983 tormentum
1136 1950 1241 1983 ma-

203 2000 352 2052 litiae:
388 2003 494 2051 visi
530 2006 652 2050 sunt
687 2001 854 2049 oculis
887 2001 1244 2066 insipientium

204 2068 359 2129 mori3
382 2068 462 2116 illi
486 2072 661 2115 autem
685 2067 884 2116 suntin
900 2082 1055 2180 Hace.

270 2132 308 2181 Ἥ
332 2133 421 2183 Ad
445 2132 673 2184 Semtam.
715 2132 838 2195 Gap.
864 2132 883 2195 (
950 2132 1001 2181 bi
1023 2130 1222 2194 supra.)

283 2213 302 2247 1
320 2214 497 2249 coram
514 2198 812 2249 hominibus
830 2204 1086 2248 tormenta
1097 2198 1241 2263 passi

207 2209 282 2326 S
299 2272 438 2328 sunt,
465 2280 590 2330 spes
614 2272 786 2314 autem
807 2264 1016 2313 illorum
1033 2266 1239 2313 immor-

204 2331 402 2381 talitate
426 2332 588 2396 plena
612 2338 704 2380 est.

269 2398 307 2447 Ἧ
330 2397 420 2447 Ad
442 2397 667 2445 Nonam.
709 2395 831 2461 Cap.
858 2397 876 2460 (
894 2395 946 2445 U
946 2396 996 2445 bi
1017 2395 1215 2459 supra.)

202 2475 295 2588 ΠΝ
312 2464 496 2528 paucis
514 2464 707 2523 vexati,
725 2464 779 2511 in
791 2463 968 2511 multis
984 2463 1118 2512 bene
1138 2462 1240 2510 dis-

274 2534 560 2595 ponentur:
582 2530 829 2591 quoniam
851 2530 996 2577 Deus
1021 2528 1240 2577 tentavit

204 2594 339 2656 illos,
366 2601 416 2643 et
436 2595 644 2643 invenit
665 2594 786 2643 illos
812 2594 1001 2660 dignos
1027 2610 1098 2643 se.

269 2660 344 2710 Et
367 2668 540 2710 cetera
559 2668 618 2710 ut
638 2677 814 2724 supra.

275 2741 333 2808 [ὅ
360 2740 513 2807 55.)
542 2742 645 2804 (Ex
670 2741 785 2791 cod.
810 2742 894 2805 L.)
931 2740 1049 2791 Alie
1068 2740 1240 2791 Lecci-

205 2823 326 2858 ones
347 2807 702 2858 Plurimorum
724 2806 1020 2857 Martirum.

611 2873 794 2923 Leccio
805 2874 851 2939 j.

297 2953 784 3001 uocmnscunoun,
809 2941 1007 3000 fratres,
1033 2945 1239 2988 saneto-

311 3023 425 3055 rum
443 3007 716 3055 Martirum
746 3006 879 3054 festa
902 3004 1240 3067 celebramus,

203 3073 405 3122 tociens
437 3072 623 3122 laudes
649 3072 932 3120 Salvatoris
960 3071 1239 3132 edicimus3

207 3143 257 3185 et
278 3140 531 3200 quociens
557 3153 735 3187 eorum
759 3138 1031 3202 passiones
1055 3140 1240 3186 asseri-

206 3218 335 3265 mus,
371 3204 574 3253 tociens
601 3204 794 3254 Christi
816 3203 1039 3268 gloriam
1045 3204 1240 3317 ZJredi-

208 3283 398 3320 camus,
1096 3285 1163 3318 ec.
1186 3269 1242 3333 zj.

335 3348 372 3382 Ν
406 3336 541 3384 enim
576 3336 889 3400 suscipimus
925 3335 1065 3398 quod
1099 3335 1243 3399 passi

206 3347 450 3463 Nosunt,
470 3401 561 3450 sed
579 3408 791 3466 propter
804 3417 955 3464 quem
966 3401 1109 3465 passi
1122 3407 1244 3450 sunt

982 372 1141 410 EXTRA
1169 372 1355 411 TEMPUS
1381 370 1649 410 PAscuALE.

2259 351 2377 415 143

1342 502 1651 564 dubitamus,
1673 507 1725 550 et
1740 500 2052 549 admiramus
2068 516 2081 548 t
2100 501 2259 565 igitur
2269 517 2377 550 non

1339 583 1478 634 pena
1498 569 1555 616 in
1577 567 1749 628 laude,
1776 566 1868 616 sed
1890 565 2019 615 fides
2045 572 2139 615 est.
2169 565 2375 632 [βαίη.

1459 646 1851 683 AuNnrmAMUS
1864 648 1986 696 ergo
2000 632 2256 695 MartireS,
2268 649 2377 682 non

1478 702 1601 763 quia
1635 698 1881 764 gravibus
1916 698 2222 747 subiacuere
2257 714 2377 761 sup-

1340 767 1529 831 pliciis,
1553 766 1645 815 sed
1667 764 2004 828 quiaiusticie
2024 778 2182 812 causa
2200 764 2380 813 eadem

1339 832 1633 882 toleravere
1657 830 1931 895 supplicia.
2139 827 2259 879 Lec.
2283 829 2378 894 iizj.

1435 911 1521 946 ΑΜ
1552 898 1803 961 plurimos
1838 896 2207 945 sceleratorum
2237 895 2378 959 peio-

1339 914 1433 1024 Ν
1450 980 1532 1013 res
1583 979 1709 1012 enas
1718 961 1943 1011 vidimus
1959 976 2073 1009 esse
2086 976 2377 1025 perpessos,

1341 1031 1434 1081 sed
1450 1030 1536 1078 nic
1556 1030 1614 1078 1il
1638 1030 1710 1078 eis
1730 1033 1974 1093 prosunt:
2000 1027 2123 1089 quia
2139 1027 2378 1076 Martires

1343 1111 1505 1146 causa
1536 1095 1800 1157 iustificat,
1838 1093 2089 1142 scelestos
2130 1108 2227 1141 sua
2257 1108 2379 1142 eon-

1342 1162 1572 1213 sciencia
1597 1162 1857 1225 dampnat.
2185 1156 2305 1208 Leo.
2328 1176 2375 1207 v.

1419 1240 1588 1276 UMMo
1606 1227 1763 1292 igitur
1776 1232 1827 1273 et
1837 1226 2086 1289 precipuo
2096 1224 2214 1274 loco
2228 1240 2382 1289 prop-

1437 1300 1516 1342 ter
1533 1293 1688 1341 fidem
1705 1291 1935 1341 habendi
1952 1296 2074 1341 sunt
2091 1291 2233 1340 beati
2243 1291 2378 1339 Mar-

1342 1361 1493 1409 tires:
1557 1357 1732 1406 videte
1786 1364 1959 1406 autem
2001 1372 2154 1420 quem
2205 1356 2381 1405 locum

1340 1425 1480 1475 idem
1520 1424 1658 1489 apud
1681 1423 1917 1473 homines
1949 1427 2254 1484 mereantur,
2292 1422 2381 1485 qui

1342 1492 1483 1555 apud
1500 1491 1671 1539 Deum
1693 1490 1867 1538 locum
1891 1488 1986 1538 sub
2012 1488 2162 1536 altari
2179 1503 2379 1537 merue-

1341 1562 1483 1607 runt.
1859 1589 1868 1604 s
2169 1552 2288 1603 Leo.
2312 1570 2342 1601 v
2356 1553 2377 1602 “.

1441 1635 1552 1671 1011·
1569 1622 1724 1683 ,enim
1749 1622 1909 1670 Sacra
1934 1619 2225 1684 Scriptura:
2257 1572 2380 1667 Vidi

1340 1636 1547 1748 memb
1593 1703 1683 1736 ara
1716 1688 1817 1736 Dei
1852 1686 2051 1735 animas
2088 1687 2380 1735 occisorum

1341 1760 1552 1818 propter
1575 1754 1792 1803 verbum
1809 1752 1909 1801 Dei
1934 1758 1984 1800 et
2001 1757 2211 1816 propter
2227 1752 2373 1801 testi-

1341 1821 1578 1870 monium
1612 1819 1753 1882 quod
1785 1818 2071 1879 habebant3
2108 1824 2158 1866 et
2189 1818 2379 1867 clama-

1340 1886 1486 1948 bant,
1510 1885 1749 1947 Vindica,
1770 1882 1903 1945 Di‘ie,
1929 1884 2239 1948 sanguinem
2257 1899 2379 1931 nos-

1340 1958 1495 2002 trum.
1535 1951 1642 2000 Sub
1668 1967 1773 2013 ara,
1797 1951 1984 2013 inquit,
2009 1950 2111 1998 Dei
2133 1949 2244 1997 vidi
2266 1949 2377 1997 ani-

1341 2033 1452 2066 mas
1481 2032 1794 2067 occisorum.

1442 2083 1480 2144 §
1510 2082 1663 2148 56.)
1690 2081 1983 2131 Secundum
2005 2079 2282 2129 Matheum.

1396 2163 1435 2198 N
1459 2149 1550 2199 illo
1570 2156 1825 2213 tempore:
1850 2146 2046 2196 Videns
2064 2146 2259 2207 turbae,
2283 2145 2321 2195 J
2324 2160 2375 2193 e-

1340 2160 1502 2273 Hsus
1534 2214 1771 2265 ascendit
1801 2213 1856 2262 in
1890 2218 2143 2273 montem3
2176 2217 2229 2260 et
2262 2226 2382 2261 cum

1341 2282 1577 2345 sedisset,
1614 2286 1949 2330 accesserunt
1971 2278 2038 2327 ad
2071 2294 2189 2327 eum
2224 2278 2379 2328 disci-

1340 2349 1452 2414 puli
1478 2349 1606 2411 ejus.
1642 2349 1711 2396 Et
1733 2347 1948 2409 reliqua.

1408 2413 1612 2463 Omelia
1645 2413 1794 2462 Beati
1818 2410 2058 2476 Gregorii
2091 2411 2249 2476 Pape.
2288 2409 2379 2475 (V.

1341 2479 1561 2542 Amwt.)

1461 2559 1564 2595 oms
1597 2546 1653 2594 in
1688 2560 1790 2608 quo
1817 2544 1961 2593 sedet
1999 2540 2140 2605 Dfis,
2178 2543 2380 2592 mistice

1340 2561 1723 2678 Msignificat
1754 2612 1953 2659 maiora
1989 2615 2238 2674 precepta
2272 2610 2381 2658 ius-

1340 2681 1489 2729 ticie:
1526 2679 1649 2741 quia
1671 2677 1872 2725 minora
1890 2681 2037 2725 erant
2062 2691 2163 2739 que
2192 2675 2229 2724 J
2232 2675 2379 2724 udeis

1343 2746 1465 2794 data
1497 2748 1634 2793 sunt.
2129 2738 2249 2791 Lec.
2273 2740 2380 2805 vizjy’.

1440 2823 1548 2860 Nus
1565 2816 1736 2857 tamen
1756 2809 1901 2857 Deus
1920 2824 2012 2873 per
2030 2813 2241 2858 sanctos
2260 2823 2380 2870 pro-

1341 2825 1625 2941 OEphetas
1640 2881 1692 2923 et
1702 2874 1927 2923 famulos
1939 2890 2077 2934 SUOS,
2094 2873 2381 2923 secundum

1341 2941 1781 2993 ordinatissimam
1809 2940 2235 2990 distribucionem
2252 2945 2379 2988 tem-

1340 3024 1541 3074 porum,
1563 3006 1704 3055 dedit
1715 3007 1915 3055 minora
1926 3022 2078 3071 prece
2084 3013 2171 3070 pta
2182 3004 2378 3070 populo

1342 3091 1498 3138 quem
1535 3074 1721 3122 timore
1766 3072 1938 3123 adhuc
1977 3072 2186 3138 alligari
2228 3087 2379 3135 opor-

1342 3140 1506 3191 tebat.
2161 3135 2282 3186 Leo.
2307 3135 2378 3184 ix.

1428 3220 1459 3254 ἰ·
1482 3221 1574 3270 per
1590 3206 1780 3256 Filium
1798 3220 1950 3254 suum
1965 3205 2164 3254 maiora
2179 3200 2377 3268 populo

1339 3219 1599 3335 Equem
1632 3272 1845 3322 caritate
1879 3272 1985 3320 iam
2018 3270 2226 3320 liberari
2255 3282 2379 3315 con-

1339 3344 1570 3387 venerat.
1640 3338 1772 3387 Cum
1795 3342 1967 3386 autem
1988 3337 2192 3384 minora
2213 3333 2380 3381 mino-

1340 3404 1499 3466 ribuS,
1524 3404 1807 3468 majoribus
1836 3402 2023 3451 dantur
2048 3403 2112 3466 (υ.
2138 3394 2378 3464 Annot.)]

324 3491 362 3560 δ
402 3495 557 3566 57.)
595 3500 667 3549 IN
699 3501 968 3550 NATALI
1001 3500 1212 3548 UNIUS
1247 3499 1720 3551 CONFEssoms
1753 3503 1843 3550 ΕΤ
1876 3501 2122 3550 PONTIF
2125 3498 2257 3550 lCIS

799 3585 1044 3632 ExTRA
1078 3584 1354 3632 TEMPUS
1388 3584 1785 3649 PASCHALE,

279 3660 363 3709 An
399 3662 707 3729 Vnsmus,
741 3665 864 3717 Ant.
904 3667 1117 3716 Justum
1158 3666 1244 3715 de-

215 3726 361 3776 duxit
383 3726 497 3779 Diis
528 3747 621 3795 per
643 3734 757 3781 vias
780 3737 964 3795 rectaS,
996 3737 1047 3781 et
1071 3739 1244 3782 osten-

1347 3667 1420 3715 dit
1435 3668 1516 3716 illi
1533 3684 1751 3733 regnum
1762 3668 1878 3729 Dei,
1898 3673 1949 3716 et
1967 3666 2107 3715 dedit
2116 3666 2194 3715 illi
2213 3666 2378 3715 scicn-

1345 3733 1471 3782 tiam
1513 3734 1843 3783 Sanctorum:
1889 3735 2188 3783 honestavit
2231 3728 2379 3780 illum

2353 4040 2442 4128 tr
