2910 4457
170 429 266 480 An
286 433 316 493 ἓ
338 426 616 493 158-161)
1040 440 1087 480 m
1115 439 1335 478 Tauroni:
1362 438 1611 478 pascum.
2159 419 2348 507 lxxiij

278 577 339 626 In
373 575 670 627 Bibliorum
704 578 876 623 autem
909 573 1165 624 Versione
1193 573 1425 639 Vulgata
1459 585 1645 623 versus
1670 568 1878 635 integer
1900 565 2022 635 (Ep.
2051 568 2078 616 I
2104 570 2171 620 ad
2200 571 2352 634 Tim„

170 661 241 723 V,
263 658 319 727 8)
343 664 442 709 est:
477 658 564 707 “Si
589 657 706 721 quis
735 662 905 706 autem
927 673 1153 720 suorum,
1175 661 1227 705 et
1243 655 1469 704 maxime
1489 652 1913 715 domesticorum,
1938 666 2115 703 curam
2133 668 2241 702 non
2261 652 2353 701 ha-

175 744 317 806 “bet‚
339 742 493 792 fidem
511 740 740 807 negavit,
762 745 814 789 et
831 746 910 790 est
924 739 1125 790 infideli
1145 735 1420 788 deterior.''
2356 751 2359 754 ¹

280 825 383 874 Pro
417 822 593 888 “ipso''
623 820 957 874 scribendum
986 821 1148 887 (quod
1180 837 1297 871 cum
1327 818 1752 885 interrogationis
1788 823 1915 868 nota
1952 818 2090 867 inter
2121 816 2354 867 uncinos

171 904 562 973 apposueram),
587 903 839 970 “seipso'':
858 903 961 954 hoc
981 906 1119 954 enim
1137 910 1242 954 tam
1258 903 1314 951 in
1334 899 1587 951 ambabus
1608 900 1657 950 S.
1678 900 1959 966 Augustini
1979 915 2137 964 supra
2155 916 2350 950 memo-

169 989 308 1041 ratis
340 987 674 1039 Editionibus
710 986 785 1050 (in
819 987 918 1037 Ed.
954 986 1152 1036 Bened.
1192 987 1278 1034 “se
1302 982 1491 1049 ipso'’),
1526 1000 1682 1048 quam
1704 985 1760 1033 in
1797 984 1950 1032 Brev.
1986 982 2154 1045 Rom„
2193 981 2352 1046 (liber

174 1071 359 1123 Carth.
394 1070 462 1121 ad
494 1069 811 1134 “deterior.'’,
846 1075 904 1120 ut
935 1085 1093 1136 supra
1119 1068 1315 1118 dictum
1340 1071 1434 1131 cst,
1471 1067 1870 1133 Expositionem
1894 1080 2042 1117 suam
2066 1064 2351 1128 terminat,)

172 1154 463 1205 invenitur.

282 1234 322 1302 ἓ
352 1232 556 1301 159.)
582 1236 683 1285 Pro
706 1234 807 1284 hac
831 1234 1065 1285 sectione
1088 1234 1131 1282 L
1157 1233 1429 1298 sequentia
1452 1238 1657 1283 tantum
1679 1230 1867 1282 habet:

286 1321 312 1346 ‘⁴
326 1317 508 1370 Omnes
541 1317 640 1368 asse
663 1324 710 1367 et
732 1317 905 1367 omnia
926 1317 1029 1380 Bia
1051 1316 1391 1367 terminentur
1421 1333 1534 1366 cum
1557 1315 1693 1365 all'a.
1732 1314 1913 1365 Cetera
1936 1314 2109 1365 omnia
2118 1315 2263 1380 fiant
2284 1313 2353 1366 si-

181 1403 302 1452 “cut
324 1401 383 1451 in
413 1401 520 1450 Oct.
547 1398 603 1450 S.
629 1397 882 1464 Stephani
918 1397 985 1465 [v.
1009 1399 1077 1448 ad
1101 1400 1131 1460 ἓ
1159 1398 1271 1465 130]
1308 1399 1668 1463 supradictum
1700 1405 1788 1448 est.
1824 1395 1912 1447 Ita
1935 1403 2105 1447 tamen
2128 1399 2264 1463 quod
2296 1398 2356 1449 in

181 1484 322 1550 ‘fifi‘ne
362 1483 581 1533 omnium
614 1498 922 1547 ympnorum
956 1483 1158 1533 dicetur
1207 1480 1393 1533 Versus
1427 1482 1754 1544 Quaesumus,
1790 1480 2004 1531 Auctor.
2042 1498 2153 1532 cum
2196 1480 2358 1533 Versu.

178 1564 371 1616 Gloria
393 1564 503 1625 tibi,
527 1565 771 1628 Domine,
798 1564 900 1626 Qui
924 1563 1129 1615 natus.''

283 1647 369 1695 De
399 1646 481 1695 his
521 1661 647 1696 vero
693 1646 897 1698 duobus
931 1647 1250 1697 tetrastichis
1282 1648 1338 1697 in
1372 1647 1570 1697 ultimae
1603 1652 1726 1697 ante
1765 1648 2116 1697 Pentecosten
2158 1645 2356 1697 hebdo-

175 1728 355 1780 madae
378 1728 883 1780 Commemoratione
915 1729 1179 1781 mutandis
1208 1747 1260 1781 v.
1299 1746 1414 1795 quae
1438 1746 1598 1795 supra
1621 1729 1688 1780 ad
1712 1731 1742 1791 ἓ
1770 1732 1881 1795 156,
1905 1745 2087 1797 parag.
2109 1729 2220 1793 ult„
2247 1729 2355 1779 col-

178 1813 291 1863 lato
319 1812 572 1876 secundo,
599 1811 739 1861 dicta
762 1817 899 1863 sunt.

284 1894 441 1955 Quod
476 1899 648 1945 autem
680 1894 862 1944 harum
893 1895 949 1944 in
984 1895 1309 1946 Beatissimae
1331 1895 1566 1963 Virginis
1591 1895 1782 1946 Officia
1813 1894 2214 1946 annotationum
2237 1893 2357 1943 finis

178 1980 264 2042 sit,
293 1992 455 2042 quum
476 1976 632 2041 hujus
655 1977 807 2026 Faso.
831 1981 1030 2026 textum
1053 1978 1194 2043 typis
1217 1976 1535 2041 mandarem,
1563 1977 1749 2027 Officia
1770 1977 1899 2040 haec,
1924 2005 1994 2015 —
2017 1981 2077 2026 ut
2101 1993 2260 2043 supra
2279 1972 2355 2041 (p.

178 2063 315 2127 xlvij
333 2059 452 2125 cet.)
468 2060 574 2110 dixi
594 2059 1291 2126 ffispersQ—Defficafionis
1304 2060 1548 2110 Officium
1561 2060 1632 2125 (v,
1647 2060 1714 2110 ad
1728 2062 1758 2122 ξ
1771 2061 1873 2124 93),
1893 2060 2360 2110 etBenedictiones

181 2146 252 2197 ad
274 2146 561 2196 Lectiones
594 2140 671 2209 (v.
693 2142 846 2211 ibid.)
864 2145 921 2193 in
943 2144 988 2193 L
1011 2144 1254 2207 inveniri,
1289 2148 1379 2193 aut
1400 2160 1510 2193 non
1534 2149 1841 2194 notaveram
1867 2148 1956 2193 aut
1981 2143 2175 2194 oblitus
2202 2156 2358 2192 eram.

320 2259 383 2326 5.
450 2257 546 2342 {⁴¹¹
592 2263 1193 2327 wammemutatiunem
1239 2255 1391 2343 (sine
1435 2262 1710 2344 Officium
1753 2259 2210 2340 gjehhumatale)

859 2360 1074 2428 Samii
1118 2363 1343 2425 &ebbae
1389 2362 1685 2443 Οὲρίοεσρί.

291 2470 330 2540 9
372 2470 578 2542 160.)
615 2476 698 2525 De
729 2475 781 2527 S.
808 2474 988 2526 Cedda
1020 2481 1073 2526 et
1101 2475 1166 2525 de
1193 2475 1396 2527 Officiis
1425 2476 1538 2540 ejus
1564 2477 1619 2525 in
1644 2490 1853 2543 genere,
1883 2473 2005 2525 vide
2029 2474 2095 2524 ad
2120 2475 2149 2535 ἓ
2175 2477 2254 2540 98,
2275 2491 2363 2542 pp.

184 2557 352 2621 xxxiij
372 2583 440 2593 -
457 2573 616 2608 xxxv.

288 2641 354 2690 In
390 2638 493 2690 ai‘ia
528 2655 686 2706 super
718 2639 966 2705 psalmOS,
1008 2639 1149 2691 “est'’
1185 2657 1250 2691 ex
1274 2641 1455 2692 Sancti
1480 2641 1647 2691 nostri
1671 2640 2034 2707 Depositionis
2072 2641 2260 2692 Officio
2288 2643 2360 2707 (v.

185 2721 254 2771 ad
289 2724 320 2783 ἓ
345 2724 426 2785 98,
449 2739 500 2789 p.
528 2722 711 2787 xxxvj)
746 2723 882 2771 inter
914 2723 1138 2774 uncinos
1170 2724 1391 2774 restitui.
1425 2725 1508 2773 De
1539 2731 1781 2789 quattuor
1815 2729 1987 2774 autem
2008 2722 2278 2789 fratribus
2310 2741 2361 2774 V.

181 2800 274 2869 (ad
298 2803 520 2854 eandem
544 2803 857 2872 sectionem)
874 2822 925 2871 p.
952 2806 1134 2870 xxxiij.

288 2887 374 2935 De
398 2884 503 2936 afia
526 2886 593 2936 ad
616 2886 921 2953 Maqmflcat
944 2904 993 2938 v.
1019 2889 1087 2938 ad
1111 2892 1141 2952 ἓ
1165 2891 1246 2953 98,
1269 2904 1322 2955 p.
1341 2889 1522 2953 xxxvj.

290 2967 475 3018 Oratio
498 2968 627 3031 haec,
665 2983 783 3019 cum
809 2970 1156 3022 “beatissimi’'
1179 2988 1273 3037 pro
1302 2970 1517 3021 “Beati''
1541 2976 1593 3021 et
1619 2970 1985 3022 “censeamur’'
2014 2987 2110 3038 pro
2146 2972 2360 3022 “sortia-

188 3050 354 3114 mur’',
378 3052 741 3117 Depositionis
767 3054 909 3117 quod
929 3055 986 3103 in
1009 3054 1053 3103 L
1074 3060 1125 3104 et
1141 3055 1227 3104 Pr.
1244 3054 1289 3104 L
1308 3054 1531 3104 habetur
1549 3054 1724 3105 Officii
1751 3055 1823 3119 (v.
1847 3072 1899 3120 p.
1924 3055 2108 3120 xxxiv)
2135 3062 2215 3105 est
2234 3055 2362 3105 Ora-

188 3133 288 3195 tio;
310 3134 386 3184 ita
402 3140 581 3184 tamen
598 3136 727 3185 utin
747 3136 997 3198 Praefixis,
1017 3141 1139 3201 post
1159 3137 1336 3187 “Deus
1357 3136 1495 3201 qui'’,
1514 3153 1606 3202 per
1625 3153 1849 3187 errorem
1866 3138 2118 3187 insertum
2138 3139 2206 3186 sit
2227 3136 2361 3186 “es''.

288 3216 351 3265 In
375 3216 498 3268 libri
522 3225 696 3269 autem
719 3221 766 3269 A
789 3219 1149 3284 Depositionis
1176 3219 1380 3283 Officio,
1415 3236 1511 3285 pro
1541 3223 1627 3269 “ut
1649 3221 2028 3271 intercessione
2047 3221 2200 3269 Beati
2232 3218 2363 3268 Ced-

195 3296 304 3347 “dae
333 3300 604 3367 Episcopi,
638 3302 695 3350 in
726 3308 867 3352 sorte
893 3301 1171 3364 justorum,
1206 3307 1297 3351 tua
1333 3302 1625 3368 opitulante
1659 3304 1869 3368 pietate,
1908 3301 2233 3364 sortiamur'’,
2276 3304 2362 3350 “ut

195 3378 405 3431 “omnes
426 3384 517 3447 qui
541 3399 719 3434 eorum
741 3384 1023 3450 implorant
1039 3385 1305 3448 auxilium,
1331 3386 1598 3451 petitionis
1618 3401 1712 3437 sue
1730 3385 2012 3436 salutarem
2032 3400 2358 3448 consequan-

197 3458 307 3509 “tur
347 3464 622 3514 effectum'’
663 3465 899 3516 habetur.
923 3495 989 3503 —
1013 3467 1140 3517 Cum
1184 3467 1522 3518 “sortiamur''
1562 3483 1687 3519 vcro
1730 3466 2232 3535 subintelligendum
2279 3471 2361 3517 est

186 3550 391 3603 partem
411 3554 653 3597 nostram.

295 3623 332 3691 δ
360 3625 562 3697 161.)
588 3633 671 3681 De
694 3631 1001 3683 Invitatorio
1029 3636 1079 3681 et
1101 3634 1281 3698 primis
1304 3635 1472 3685 tribus
1496 3634 1816 3701 Antiphonis
1841 3650 1892 3683 v.
1918 3632 1985 3683 ad
2010 3634 2040 3695 ὅ
2067 3635 2147 3684 99.

294 3707 356 3758 In
389 3710 453 3762 A.
486 3716 534 3777 4,
567 3730 661 3780 pro
700 3715 916 3765 “Postes
950 3715 1092 3781 Agni
1117 3717 1374 3782 sanguine
1411 3716 1592 3782 templi
1625 3723 1753 3766 tunc
1784 3714 1989 3766 linivit’'
2023 3716 2058 3766 i.
2087 3732 2131 3767 e.
2166 3714 2364 3781 Templi

200 3783 527 3860 (spiritualis)
544 3803 714 3862 poetes
736 3796 879 3863 Aqui
901 3798 1150 3864 sanquine
1175 3806 1295 3849 tunc
1318 3799 1504 3862 linivit,
1532 3800 1588 3849 in
1612 3798 1977 3864 Depositionis
2004 3799 2211 3864 Officio,
2235 3801 2291 3850 in
2315 3801 2364 3851 A

1819 3915 1844 3952 1.
