2910 4457
920 507 1023 572 De
1053 504 1433 572 hebdomad&
1466 505 1660 569 tertid
1688 501 2006 568 Adventds
2035 503 2206 568 D'm‘.

637 682 740 734 Lit.
769 681 928 734 Dom.
954 678 1048 751 A.)
1071 680 1145 734 R
1176 679 1286 739 Qui
1310 677 1592 746 ventum]
1620 676 1790 741 Adde,
1817 676 1888 746 (p.
1913 681 1985 729 26
2008 678 2080 746 a.)

636 771 762 823 Ant.
792 769 841 822 0
865 770 1167 840 Sapientia]
1194 769 1261 820 V.
1288 785 1338 837 p.
1365 771 1436 820 37
1459 768 1511 832 b,
1535 782 1717 836 parag.
1743 767 1841 819 ult.

638 856 809 910 Missa
852 854 1012 908 Salus
1046 854 1228 926 populi
1272 853 1442 907 Missa
1489 854 1961 907 commemorativa
2006 861 2119 906 erat
2168 853 2246 923 (ν.
2291 870 2451 925 supra.
2496 858 2568 910 ad

569 944 756 997 Picam
783 943 946 995 Dom.
977 947 1002 995 1
1029 942 1209 1011 Adv.),
1241 959 1334 1011 pro
1346 940 1614 1012 fratribus
1638 950 1687 992 et
1708 940 1967 993 sororibus
2000 942 2058 992 in
2089 939 2434 995 hebdomadis
2457 960 2566 996 non

567 1031 840 1101 impeditis
880 1029 1121 1092 dicenda,
1157 1029 1311 1098 cujus
1344 1028 1488 1098 leges
1521 1046 1570 1080 v.
1609 1028 1668 1080 in
1705 1024 1911 1080 Missali
1942 1027 2136 1081 Sarisb.
2171 1030 2308 1082 inter
2339 1046 2571 1083 comme-

567 1118 887 1170 morationes
909 1123 1029 1185 post
1051 1115 1398 1168 Communia.

639 1204 746 1256 Lit.
774 1204 935 1255 Dom.
962 1200 1056 1272 C.)
1092 1206 1169 1260 R.
1193 1198 1449 1266 Festina]
1476 1200 1644 1263 Adde,
1673 1202 1745 1271 [v.
1773 1218 1826 1270 p.
1850 1205 1921 1254 28
1945 1219 1995 1254 a.
2023 1210 2078 1256 et
2100 1205 2169 1255 38
2193 1202 2270 1271 a.]

639 1290 748 1343 Lit.
777 1290 933 1342 Dom.
963 1286 1056 1359 F.)
1093 1289 1219 1341 Ant.
1244 1289 1411 1340 Beata
1435 1285 1529 1353 ει]
1557 1287 1726 1352 Adde,
1753 1286 1826 1357 (p.
1852 1292 1923 1340 23
1947 1290 2020 1358 a.)

638 1377 764 1428 Ant.
794 1377 896 1428 Ave
919 1376 1157 1446 Maria]
1229 1375 1398 1439 Adde,
1424 1373 1505 1445 (p.
1532 1379 1566 1427 3
1591 1372 1673 1445 a.)
1723 1370 1730 1377 ’

574 1514 581 1521 ,
640 1464 746 1516 Lit.
776 1464 933 1516 Dom.
962 1463 1055 1533 G.)
1091 1469 1160 1521 Ἡ.
1185 1464 1278 1516 Ex
1307 1462 1498 1533 Sim]
1525 1463 1693 1527 Adde,
1721 1461 1802 1533 (p.
1828 1467 1860 1515 4
1885 1464 1936 1515 b.
1964 1472 2019 1516 et
2042 1468 2074 1516 5
2101 1461 2183 1533 a.)

638 1551 702 1602 A.
729 1548 951 1616 Nolite]
992 1550 1061 1601 V.
1087 1567 1137 1619 p.
1165 1554 1234 1603 38
1259 1550 1310 1614 b,
1337 1567 1517 1620 parag.
1542 1550 1639 1602 ult.

639 1635 728 1688 Or.
754 1637 1006 1707 Exn-itm]
1043 1622 1109 1689 V'.
1134 1656 1184 1707 p.
1211 1641 1282 1689 32
1306 1655 1352 1690 a.

638 1729 706 1781 Ἠ.
730 1724 1099 1795 Eqredietur.]
1124 1726 1189 1776 V.
1215 1744 1266 1795 p.
1293 1729 1327 1776 6
1351 1742 1384 1778 a
1405 1726 1457 1777 b.

636 1828 688 1879 p.
715 1816 801 1864 25.
827 1830 874 1865 a.
902 1812 1030 1865 Ant.
1056 1813 1196 1865 Ante
1228 1828 1317 1864 me
1353 1812 1487 1882 &c.]
1514 1812 1615 1864 Vel
1647 1813 1772 1865 Ant.
1805 1810 1854 1863 0
1880 1810 2010 1882 Sap.
2037 1832 2050 1863 ε
2086 1828 2139 1865 v.
2168 1811 2355 1866 Picam
2377 1830 2571 1883 praece-

569 1898 785 1951 dentem
806 1901 906 1952 sub
932 1899 1039 1954 Lit.
1067 1900 1229 1952 Dom.
1255 1901 1321 1962 A,
1347 1909 1400 1953 et
1424 1900 1717 1953 Rubricam
1741 1899 1983 1970 proxime
2009 1909 2337 1969 sequentem.

636 1988 776 2041 Ante
807 1991 1009 2059 primas
1048 2008 1177 2059 vesp.
1224 1990 1344 2060 drea]
1385 1989 1530 2051 Quia
1566 1989 1680 2043 dies
1716 1988 1957 2042 decimus
1993 1990 2253 2058 septimus
2289 1998 2411 2042 ante
2453 1990 2569 2043 Cal.

564 2081 601 2133 J
605 2098 692 2134 an.
719 2099 823 2134 non
846 2090 1020 2151 potest
1040 2082 1270 2135 incidere
1294 2084 1351 2135 in
1376 2083 1604 2152 priorem
1636 2083 1880 2151 quemvis
1911 2081 2188 2135 Adventfis
2220 2083 2381 2136 diem.
2419 2081 2486 2134 V.
2513 2100 2567 2152 p.

570 2172 641 2219 37
663 2169 715 2221 b.
741 2186 921 2240 parag.
946 2170 1044 2222 ult.
1073 2178 1127 2223 et
1151 2170 1219 2223 cf.
1245 2187 1299 2241 p.
1325 2174 1396 2222 32
1419 2188 1469 2223 a.

639 2273 693 2324 p.
718 2261 786 2308 25
811 2258 864 2309 b.
892 2258 997 2310 Pro
1021 2259 1057 2288 “
1075 2257 1223 2326 etc.]''
1248 2276 1344 2311 scr.
1371 2263 1404 2288 “
1425 2268 1517 2311 etc.
1543 2266 1604 2310 ut
1626 2275 1800 2327 supra,
1818 2276 1875 2328 p.
1901 2261 1937 2308 2
1965 2256 2072 2325 b.]”

640 2360 693 2411 p.
717 2348 787 2395 28
812 2360 860 2395 a.
894 2343 987 2395 Vel
1007 2344 1077 2396 A.
1106 2344 1154 2397 Ο
1191 2345 1351 2415 Sap.]
1378 2345 1478 2398 Vel
1507 2344 1555 2396 Ο
1586 2344 1835 2397 Adonai:
1877 2362 1925 2397 V.
1952 2362 2005 2413 p.
2032 2347 2100 2397 38
2135 2361 2185 2396 a.
2212 2353 2267 2398 et
2297 2343 2363 2397 cf.
2389 2352 2572 2398 notam

572 2427 642 2480 ad
666 2445 718 2496 p.
743 2432 815 2481 25
838 2445 889 2480 a.

639 2532 717 2566 sec
740 2516 972 2568 ordinem
993 2518 1411 2588 nocturnorum]
1437 2518 1523 2571 cf.
1547 2518 1705 2570 hebd.
1736 2523 1783 2570 l.
1809 2519 1946 2571 Adv.

641 2601 1021 2673 Dominicalis]
1051 2604 1362 2658 Meminerit
1393 2606 1560 2658 lector
1590 2622 1712 2675 quae
1748 2605 1813 2658 de
1842 2606 1943 2658 hoc
1977 2604 2228 2658 vocabulo
2255 2603 2492 2656 diximus
2514 2604 2571 2656 in

570 2689 698 2741 nota
723 2688 794 2741 ad
815 2707 868 2759 p.
895 2691 984 2743 vii.

643 2774 727 2826 De
763 2776 945 2831 ordine
979 2794 1232 2832 versuum
1268 2779 1367 2833 &c.
1403 2796 1457 2848 p.
1495 2782 1565 2831 28
1601 2796 1652 2831 a.
1688 2782 1761 2831 29
1792 2779 1847 2830 b.
1883 2782 1954 2829 30
1983 2778 2038 2830 b.
2074 2781 2137 2829 31
2170 2795 2220 2830 a.
2255 2785 2309 2831 et
2330 2780 2401 2828 32
2423 2793 2474 2829 a.
2500 2775 2569 2828 cf.

566 2862 738 2914 hebd.
771 2866 793 2914 l
823 2862 963 2915 Adv.

641 2963 694 3015 p.
729 2951 798 2998 28
828 2948 883 2998 b.
909 2951 979 3000 29
1012 2950 1065 3001 b.
1091 2954 1160 3001 30
1182 2951 1236 3002 b.
1263 2959 1318 3003 et
1339 2955 1411 3003 32
1434 2969 1485 3006 a.
1519 2951 1613 3005 Vel
1643 2951 1712 3004 A.
1741 2950 1835 3019 O.]
1865 2950 1914 3003 I.
1942 2968 1985 3003 e.
2023 2967 2136 3003 una
2161 2968 2227 3003 ex
2250 2948 2575 3019 Antiphonis

572 3033 951 3101 incipientibus
973 3035 1041 3087 ab
1067 3034 1144 3087 O:
1183 3054 1232 3089 v,
1259 3055 1310 3106 p.
1337 3041 1408 3090 37
1430 3038 1485 3091 b.
1511 3055 1693 3108 parag.
1719 3039 1818 3090 ult.
1845 3048 1900 3091 et
1922 3056 1973 3107 p.
2001 3041 2089 3090 38.

641 3137 694 3189 p.
721 3123 785 3171 31
817 3137 866 3173 a.
901 3119 995 3173 Vel
1014 3121 1082 3173 A.
1111 3122 1324 3177 Orietur
1343 3125 1527 3196 D'nS.]
1552 3126 1868 3196 Legendum
1895 3126 2102 3180 videtur
2132 3124 2226 3179 Vel
2247 3125 2316 3179 A.
2339 3124 2417 3179 O:
2454 3124 2573 3176 vide

572 3215 757 3261 notam
780 3208 1186 3278 praecedentem.
