2910 4457
1033 343 1105 381 An
1145 344 1470 385 mru'rnuS.
2233 328 2312 391 35

243 456 559 518 responderit
636 456 895 506 advertere
977 453 1231 505 noluistis,

195 532 202 538 ·
244 521 429 571 Nonne
448 521 501 567 in
522 519 628 579 lege
659 523 825 567 vestra
855 516 1103 577 scriptum
1138 522 1230 578 est,

242 582 632 643 quod-duorum
677 580 946 627 bominum
1000 579 1233 627 testimo-

242 644 394 691 nium
445 656 627 692 verum
664 641 766 689 sit‘t
818 641 1236 690 Praevaricatores

241 705 389 766 legiS,
408 704 654 753 intendite
668 704 847 763 legem.
865 702 1233 751 Testimonium

239 767 476 828 quaeritis
497 767 559 814 de
591 764 810 813 Christo.
835 764 895 811 In
929 764 1036 825 lege
1067 770 1232 813 vestra

240 828 494 889 scriptum
532 832 634 886 est,
658 826 790 887 quod
815 826 1034 874 duorum
1063 827 1237 875 bomi-

240 903 377 939 num
401 889 751 937 testimonium
778 900 952 936 verum
975 889 1076 937 sit?
1101 889 1237 937 Pro-

239 954 430 1002 cedant
469 963 528 999 ex
566 951 702 1011 lege,
739 961 839 997 non
882 955 1081 997 tantum
1114 951 1233 1009 duo,

238 1015 330 1063 sed
360 1013 514 1061 etiam
557 1013 726 1073 plures
756 1016 904 1060 testes
935 1010 1151 1071 Christi,
1188 1017 1236 1061 et

238 1075 554 1125 convincant
575 1075 830 1123 auditores
858 1073 985 1134 legis
1017 1086 1106 1122 nec
1139 1073 1238 1122 sac-

238 1143 400 1187 toreS.
448 1136 543 1185 Dic
581 1136 731 1196 Esaja
776 1134 1123 1183 testimonium
1176 1137 1238 1184 de

241 1199 468 1250 Christo,
491 1197 615 1246 Ecce
633 1196 842 1259 (inquit)
862 1198 1005 1258 virgo
1024 1198 1075 1245 in
1099 1203 1239 1246 utero

241 1260 513 1320 concipiet,
536 1265 583 1308 et
606 1260 769 1319 pariet
790 1259 955 1307 filium
973 1296 985 1317 ,
1013 1264 1062 1307 et
1096 1271 1241 1307 voca-

239 1324 384 1372 bitur
407 1334 590 1370 nomen
611 1321 655 1381 ej
664 1334 723 1370 us
747 1320 1067 1379 Emmanuel,
1103 1321 1238 1381 quod

243 1390 320 1435 est
362 1385 747 1442 interpretatum
781 1382 1044 1431 nobiscum
1083 1383 1238 1445 Deus.

241 1457 290 1508 132
300 1446 350 1495 5.
369 1447 612 1504 Eccejam
624 1446 764 1493 venit
779 1445 1038 1503 plenitudo
1051 1449 1237 1503 tempo-

245 1510 337 1566 riS,
359 1508 415 1555 in
438 1520 538 1567 quo
557 1506 697 1555 misit
718 1507 853 1555 Deus
874 1506 1066 1554 Filium
1084 1517 1238 1554 suum

241 1570 298 1618 in
328 1569 483 1619 terris
506 1568 695 1617 sactum
716 1569 779 1617 de
802 1567 1018 1628 virgine,
1053 1567 1237 1615 sactum

243 1632 342 1679 sub
364 1632 494 1691 lege.
525 1631 593 1679 Ut
613 1643 697 1678 eos
717 1630 805 1690 qui
837 1631 934 1678 sub
968 1630 1072 1690 lege
1095 1634 1241 1678 erant

244 1694 537 1742 redimeret.
553 1690 613 1752 ψ.
625 1692 833 1751 Propter
846 1692 1057 1740 nimiam
1077 1690 1244 1739 chari·

244 1759 403 1803 tatem
434 1765 581 1801 suam
621 1765 721 1813 qua
752 1754 925 1802 dilexit
961 1766 1052 1801 nos
1082 1754 1237 1813 DeuS‚

245 1816 444 1865 Filium
468 1827 623 1863 suum
649 1815 793 1863 misit
816 1816 868 1863 in
894 1814 1064 1874 terriS,
1093 1816 1148 1864 in
1170 1815 1242 1864 si·-

244 1877 595 1927 militudinem
615 1877 785 1925 carnis
806 1877 1010 1937 peccati.
1028 1877 1114 1926 Ut.

306 1940 421 1990 Leo.
463 1938 536 2001 vj.
584 1938 802 1988 Accedat
839 1945 886 1987 et
916 1939 1045 1988 alius
1080 1937 1240 1988 testiS.

246 2002 339 2050 Dic
362 2007 414 2050 et
436 2005 495 2048 tu
519 2002 778 2050 Hieremia
799 2001 1148 2049 testimonium
1181 2001 1244 2049 de

247 2063 471 2113 Christo,
485 2062 584 2109 Hic
599 2066 674 2110 est
688 2062 887 2121 (inquit)
906 2063 1038 2109 Deus
1055 2066 1239 2117 noster,

247 2131 297 2174 et
338 2138 442 2173 non
492 2122 826 2171 aestimabitur
881 2122 1014 2170 alius
1054 2122 1244 2182 absque

248 2186 364 2237 illo:
382 2185 474 2247 qui
492 2184 688 2234 invenit
700 2196 906 2234 omnem
926 2184 1062 2232 viam
1081 2183 1244 2232 scien-

247 2250 357 2308 tiae,
381 2254 431 2298 et
458 2247 598 2296 dedit
617 2259 728 2295 eam
763 2246 917 2296 Jacob
942 2259 1095 2306 puero
1119 2258 1211 2294 suo
1226 2283 1240 2306 ‚

248 2316 297 2360 et
339 2309 498 2360 Israel
531 2309 710 2358 dilecto
744 2309 863 2358 sibi.
894 2308 1016 2357 Post
1054 2308 1156 2356 haec
1188 2307 1241 2355 in

248 2373 401 2421 terris
432 2372 577 2420 visus
608 2375 697 2432 est,
720 2376 769 2418 et
799 2383 916 2419 cum
951 2370 1244 2418 hominibus

251 2438 578 2483 conversatus
597 2439 690 2482 est.
708 2433 831 2482 Ecce
854 2434 955 2481 duo
976 2437 1124 2481 testes
1142 2432 1244 2481 ido·

252 2496 338 2545 nei
358 2509 416 2544 ex
439 2496 546 2555 lege
567 2501 764 2545 vestra:
785 2509 843 2544 ex
863 2507 1081 2556 quorum
1104 2495 1245 2543 testi-

253 2558 444 2605 moniis
466 2570 568 2605 non
605 2561 726 2606 sunt
760 2562 1061 2617 compuncta
1093 2557 1241 2605 corda

254 2623 422 2667 vestra
452 2633 465 2666 z
493 2620 576 2667 sed
608 2620 697 2668 alii
737 2624 885 2678 atque
915 2618 1005 2667 alii
1035 2631 1091 2667 ex
1136 2619 1244 2678 lege

254 2679 449 2729 Christi
514 2685 664 2728 testes
716 2681 1129 2741 introducantur3
1185 2685 1243 2727 ut

253 2741 448 2791 frontes
471 2741 758 2790 durissimae
779 2741 1105 2789 inimicorum
1126 2754 1246 2789 con-

254 2808 506 2852 terantur.
530 2803 713 2851 Veniat
743 2808 791 2853 et
824 2804 907 2852 ille
928 2803 1101 2851 Daniel
1129 2815 1247 2850 san-

256 2870 384 2924 ctus,
410 2865 619 2925 ,iuvenis
642 2866 850 2926 quidem
890 2869 1056 2921 aetate,
1079 2864 1244 2912 senior

256 2938 374 2975 vero
402 2927 614 2976 scientia
655 2939 712 2975 ac
744 2925 1152 2984 mansuetudine,
1198 2931 1247 2975 et

257 2989 522 3037 convincat
540 3002 718 3038 omnes
750 2989 900 3038 salsos
915 2993 1082 3038 testeS.
1103 2988 1246 3037 Sicut

259 3049 474 3099 convicit
520 3050 742 3100 seniores
797 3052 1107 3111 impudicoS,
1175 3050 1243 3099 ita

260 3124 351 3160 suo
371 3112 660 3161 testimonio
694 3113 881 3162 Christi
909 3118 1132 3162 conterat
1151 3112 1246 3159 ini-

261 3174 437 3224 micos,
480 3174 574 3223 Dic
606 3180 776 3222 sancte
817 3176 1024 3234 Daniel,
1058 3175 1139 3223 dic
1183 3176 1244 3223 de

262 3235 460 3284 Christo
473 3237 607 3299 quod
629 3235 778 3285 nosti.
797 3237 924 3286 Cum
941 3238 1134 3286 venerit
1149 3235 1248 3297 (in-

264 3297 389 3356 quit)
425 3299 642 3348 Sanctus
675 3305 998 3358 sanctorum,
1033 3299 1247 3348 cessabit

266 3359 437 3407 unctio
451 3366 632 3410 vestra.
657 3361 764 3424 1326.
789 3362 946 3421 Virgo
974 3362 1145 3420 lsrael,
1168 3373 1247 3409 re-

263 3424 455 3469 vertere
475 3423 528 3470 in
549 3423 776 3472 civitates
803 3428 916 3472 tuas
942 3438 956 3472 ε
987 3435 1248 3483 usquequo

266 3480 439 3531 dolens
452 3486 715 3535 averteris?
725 3485 986 3545 generabis
999 3485 1134 3533 Dnm
1147 3484 1251 3533 Sal-

1327 459 1550 504 vatorem
1566 457 1873 509 oblationem
1895 471 2077 509 novam
2092 459 2146 510 ln
2164 465 2313 513 terra.

1330 517 1683 567 Ambulabunt
1718 521 1948 570 homines
1979 522 2033 571 in
2078 523 2315 573 salvatio-

1330 591 1466 628 nem.
1481 577 1543 641 Ῠ.
1561 580 1619 628 In
1647 582 1886 632 charitate
1907 589 2143 644 perpetua
2165 586 2317 636 dilexi

1329 645 1410 690 te:
1434 642 1543 691 ideo
1563 643 1744 691 attraxi
1758 649 1806 692 te
1826 645 2093 695 miseranS.
2111 648 2316 700 Ambu-

1331 702 1529 752 labunt.
1550 703 1740 753 Gloria.
1758 706 2128 757 Ambulabunt.

1395 770 1428 819 π
1441 765 1504 811 ln
1524 764 1601 826 iij.
1623 772 1757 815 noct.
1784 770 2097 829 euanqelium
2121 770 2314 819 Secun-

1333 825 1458 874 dum
1469 826 1780 898 johannem.
1796 828 1878 891 [V.
1891 841 1941 888 p.
1956 824 2028 898 7.]
2049 831 2172 893 Cap.
2187 832 2239 893 j.
2260 833 2316 881 C.

1333 898 1420 999 IN
1464 889 1551 959 illo
1582 894 1828 951 tempore,
1861 891 2115 942 Miserunt
2154 893 2320 942 Judaei

1384 950 1447 998 ab
1473 951 1836 1012 Hierosolymis
1858 955 2137 1002 sacerdotes
2156 961 2204 1004 et
2234 956 2322 1005 Le-

1332 1011 1465 1060 vitas
1494 1013 1555 1061 ad
1588 1013 1904 1073 Johannem,
1940 1020 1997 1062 ut
2041 1016 2325 1078 interroga-

1334 1079 1448 1122 rent
1468 1086 1604 1134 eum,
1633 1076 1711 1123 Tu
1732 1075 1851 1136 quis
1872 1079 1959 1126 es?
1980 1077 2044 1126 Et
2066 1079 2325 1127 consessus

1333 1141 1424 1194 est,
1447 1140 1495 1184 et
1517 1148 1616 1184 uon
1638 1139 1868 1199 negavit3
1891 1144 1940 1187 et
1961 1139 2218 1189 confessus
2249 1144 2324 1189 est

1336 1198 1455 1306 quia
1510 1209 1612 1246 non
1652 1211 1769 1248 sum
1814 1212 1904 1260 ego
1951 1199 2203 1252 ChristuS.
2256 1202 2322 1253 Et

1334 1272 1386 1308 re
1408 1271 1546 1319 lqua.

1427 1322 1659 1370 Homelia
1681 1322 1741 1372 B.
1764 1322 1995 1384 Gregorii
2017 1324 2184 1385 Papae.

1395 1382 1508 1431 Leo.
1524 1383 1615 1444 vij.
1634 1384 1706 1432 Ex
1722 1384 1810 1444 huj
1819 1397 1878 1433 us
1894 1386 2119 1435 lectionis
2135 1386 2320 1449 verbiS,

1335 1444 1497 1503 nobis,
1522 1444 1699 1493 fratres
1729 1446 2041 1507 charissimi,
2076 1448 2326 1500 Johannis

1335 1505 1602 1554 humilitas
1633 1510 2015 1557 commendatur
2046 1511 2172 1571 :qui
2206 1523 2326 1561 cum

1334 1572 1489 1616 tantae
1502 1568 1706 1617 virtutis
1727 1575 1852 1618 esset
1874 1576 1931 1618 ut
1946 1570 2180 1625 Christus
2192 1571 2330 1622 credi

1335 1630 1597 1688 potuisset,
1620 1631 1769 1691 elegit
1789 1632 1945 1680 solide
1976 1633 2247 1683 subsistere
2270 1635 2327 1683 in

1333 1702 1415 1752 se3
1441 1704 1506 1740 ne
1537 1692 1761 1742 humana
1794 1694 2031 1753 opinione
2067 1702 2327 1756 raperetur

1333 1752 1553 1802 inaniter
1564 1767 1713 1814 super
1729 1767 1798 1803 se.
1816 1756 1945 1806 Nam
1964 1757 2221 1807 consessus
2232 1763 2326 1818 est,

1333 1819 1382 1863 et
1397 1827 1495 1863 non
1515 1817 1717 1877 negavit
1737 1832 1752 1866 ι
1769 1822 1818 1865 et
1831 1817 2088 1867 consessus
2100 1824 2191 1877 est,
2243 1819 2328 1870 uia

1336 1888 1438 1925 non
1455 1889 1572 1925 sum
1590 1890 1682 1938 ego
1698 1876 1947 1928 ChristuS.
1960 1880 2053 1928 Sed
2067 1881 2188 1940 quia
2202 1833 2330 1931 gixit

1335 1938 1450 1988 Non
1487 1950 1633 1996 sum,
1655 1941 1857 1998 negavit
1889 1940 2036 1999 plane
2054 1943 2189 2001 quod
2223 1955 2326 1991 non

1337 2004 1471 2058 erat3
1496 1999 1582 2046 sed
1616 2012 1716 2047 non
1741 2000 1942 2060 negavit
1960 2002 2094 2062 quod
2114 2007 2247 2064 erat3
2271 2009 2331 2052 ut

1336 2058 1599 2108 veritatem
1644 2060 1853 2121 loquens
1881 2062 1995 2121 eius
2036 2063 2327 2115 membrum

1338 2121 1496 2179 fieret,
1508 2121 1657 2181 cujus
1667 2135 1847 2171 nomen
1862 2124 1959 2172 sibi
1972 2124 2209 2174 fallaciter
2227 2138 2329 2175 non

1337 2181 1625 2242 usurparet.
1641 2183 1717 2232 Tu
1731 2189 1917 2235 autem.
1933 2187 2037 2248 1327.
2050 2186 2077 2234 J
2085 2188 2228 2236 uravi
2241 2188 2332 2250 (di-

1340 2245 1544 2306 citDsis)
1570 2250 1625 2293 ut
1640 2247 1771 2295 ultra
1789 2247 1897 2307 jam
1920 2260 2020 2296 non
2039 2249 2226 2299 irascar
2244 2263 2332 2298 su-

1338 2320 1426 2368 per
1466 2310 1653 2356 terram
1677 2314 1905 2358 :montes
1935 2310 2072 2358 enim
2104 2317 2153 2360 et
2181 2313 2331 2362 colles

1338 2369 1614 2429 suscipient
1628 2371 1881 2431 justitiam
1897 2383 2081 2420 meam.
2102 2374 2167 2421 Et
2183 2379 2329 2424 testa-

1336 2437 1566 2480 mentum
1580 2432 1716 2492 pacis
1732 2434 1827 2482 erit
1841 2433 1892 2482 in
1911 2435 2248 2486 Hierusalem.
2267 2435 2329 2499 tls.

1336 2493 1488 2542 Juxta
1506 2500 1580 2542 est
1596 2495 1707 2542 laus
1729 2508 1840 2544 mea
1852 2500 1909 2543 ut
1922 2497 2107 2556 veniat,
2122 2503 2169 2546 et
2177 2498 2331 2558 justi-

1338 2556 1405 2604 tia
1420 2569 1529 2603 mea
1542 2561 1596 2602 ut
1606 2556 1867 2605 reveletur.
1878 2557 1939 2605 Et
1952 2563 2328 2609 testamentum.

1401 2617 1514 2664 Lec.
1536 2618 1646 2677 viij.
1669 2617 1797 2666 Cum
1836 2629 1953 2676 ergo
1976 2631 2077 2666 non
2113 2620 2223 2667 vult
2244 2634 2333 2681 ap-

1342 2682 1508 2738 petere
1543 2691 1727 2726 nomen
1785 2678 1997 2735 Christi,
2053 2679 2213 2729 sactus
2258 2687 2333 2731 est

1343 2740 1631 2788 membrum
1650 2739 1860 2789 Christi.
1894 2740 2026 2800 Quia
2048 2742 2169 2790 dum
2193 2743 2335 2792 infir-

1342 2803 1572 2850 mitatem
1623 2813 1771 2850 suam
1824 2803 2021 2851 studuit
2068 2804 2329 2856 humiliter

1343 2874 1633 2924 agnoscere,
1671 2863 1809 2912 illius
1844 2865 2192 2916 celsitudinem
2226 2880 2334 2918 me-

1343 2926 1448 2972 ruit
1470 2926 1707 2974 veraciter
1728 2925 1965 2976 obtinere.
2001 2928 2095 2977 Sed
2121 2942 2237 2979 cum
2272 2943 2331 2979 ex

1342 2986 1549 3036 lectione
1564 2988 1660 3036 alia
1672 2989 2020 3048 Redemptoris
2040 2992 2201 3039 nostri
2217 3004 2334 3040 sen-

1342 3049 1497 3098 tentia
1520 3050 1581 3097 ad
1605 3057 1825 3098 mentem
1856 3051 2128 3110 reducitur,
2152 3065 2211 3101 ex
2235 3053 2334 3100 hu-

1335 3111 1424 3171 ius
1483 3112 1627 3161 nobis
1683 3112 1908 3161 lectionis
1967 3113 2133 3161 verbis
2188 3127 2335 3174 quae-

1338 3175 1435 3222 stio
1469 3174 1610 3222 valde
1652 3173 1861 3234 implexa
1896 3180 2179 3234 generatur.
2214 3175 2335 3224 Alio

1341 3236 1528 3296 quippe
1554 3237 1607 3282 in
1641 3237 1746 3283 loco
1767 3236 2043 3296 inquisitus
2066 3248 2095 3284 a
2118 3235 2335 3297 discipu-

1312 3304 1319 3307 ’
1342 3298 1405 3345 lis
1419 3299 1528 3345 Diis
1541 3299 1604 3346 de
1618 3297 1776 3346 Heliae
1792 3299 2026 3355 adventu,
2046 3300 2303 3359 respondit
2318 3315 2333 3349 x

1342 3360 1517 3408 Helias
1527 3359 1632 3417 jam
1644 3358 1797 3418 venit,
1820 3364 1867 3408 et
1883 3372 1980 3407 non
1993 3367 2338 3420 cognoverunt

1341 3433 1478 3478 eum,
1500 3421 1585 3470 sed
1609 3421 1831 3470 fecerunt
1862 3421 1915 3470 in
1946 3433 2002 3470 eo
2023 3434 2339 3482 quaecunque

1339 3482 1691 3532 voluerunt.Et
1702 3483 1746 3531 si
1756 3483 1912 3532 vultis
1919 3482 2063 3544 scire,
2083 3483 2114 3532 J
2115 3484 2340 3534 ohannes
