2910 4457
917 310 993 349 An
1033 310 1255 350 tannae.
1280 323 1353 336 -—
1380 309 1606 350 rancus.
2209 292 2288 353 39

1296 421 1465 470 Donet
1478 422 1682 482 gerendi
1703 422 1938 483 gratiam.

1358 485 1582 533 Mentem
1605 485 1850 545 gubernet
1867 490 1916 533 et
1938 490 2107 545 regat,

1296 544 1443 594 Casto
1465 546 1600 596 fideli
1624 559 1828 605 corpore
1852 561 1866 595 :

1294 607 1444 655 Fides
1465 609 1627 657 calore
1647 609 1831 657 ferveat
1856 624 1869 657 :

1293 668 1514 717 Fraudis
1534 682 1730 718 venena
1750 670 1957 719 nesciat.

1358 729 1690 790 christusque
1713 732 1856 779 nobis
1876 732 1942 777 sit
1963 732 2104 781 cibus
2119 769 2132 792 ,

1293 791 1549 851 Potusque
1578 797 1745 840 noster
1765 793 1831 839 sit
1851 791 1974 841 fides
1997 807 2010 841 z

1291 853 1414 901 Laeti
1438 852 1676 901 bibamus
1695 853 1917 901 sobriam

1290 914 1597 964 Ebrietatem
1619 915 1858 974 Spiritus.

1352 977 1521 1025 Laetus
1539 978 1646 1025 dies
1666 977 1747 1025 hie
1767 982 1991 1025 transeat
2013 992 2026 1026 ε

1290 1038 1462 1087 Pudor
1482 1039 1550 1087 sit
1569 1045 1626 1086 ut
1645 1039 1956 1098 diluculum3

1288 1100 1438 1148 Fides
1459 1101 1596 1149 velut
1614 1102 1879 1159 meridieS‚

1288 1160 1653 1221 Crepusculum
1675 1175 1820 1211 mens
1850 1162 2059 1210 nesciat.

1351 1222 1554 1272 Aurora
1574 1237 1756 1273 cursus
1780 1224 2033 1284 provehit,

1287 1283 1490 1333 Aurora
1512 1291 1647 1335 totus
1669 1287 1896 1346 prodeat,

1287 1347 1346 1393 In
1371 1347 1519 1394 Patre
1539 1352 1673 1396 totus
1692 1348 1858 1397 Filius
1872 1383 1886 1405 ,

1286 1406 1351 1455 Et
1383 1412 1518 1455 totus
1540 1408 1593 1456 in
1618 1410 1780 1457 Verbo
1801 1410 1971 1457 Pater.

1347 1468 1451 1517 Deo
1483 1470 1622 1517 Patri
1646 1471 1715 1518 sit
1737 1470 1927 1530 gloria,

1286 1528 1512 1590 EJusque
1531 1532 1625 1580 soli
1645 1532 1776 1580 Filio
1811 1547 1824 1581 ε

1285 1591 1415 1641 Cum
1437 1593 1631 1653 Spiritu
1653 1594 1924 1652 Paraclito‚

1284 1653 1348 1702 Et
1370 1667 1508 1703 nunc
1527 1661 1575 1704 et
1595 1656 1649 1705 in
1672 1662 1988 1716 perpetuum.
2017 1659 2206 1709 Amen.

1289 1777 1299 1785 ι
1345 1714 1407 1775 ψ.
1430 1718 1490 1764 In
1516 1719 1812 1776 matutiniS,
1831 1719 1969 1776 Bne,
1994 1723 2273 1771 meditabor

1284 1789 1336 1824 ω
1360 1783 1424 1827 te.
1446 1790 1512 1839 131.
1536 1779 1669 1840 Quia
1702 1781 1844 1829 suisti
1873 1783 2072 1841 adjutor
2107 1797 2269 1832 meus.

1345 1839 1447 1887 Per
1488 1842 1561 1889 AE
1564 1847 1745 1891 statem
1797 1843 1985 1889 dicitur
2026 1845 2270 1905 Hymnus

1282 1900 1406 1949 Ecce
1417 1902 1525 1960 jam
1540 1905 1719 1952 noctis.
1736 1905 1802 1962 (p.
1815 1903 1919 1964 15.)
1937 1902 1998 1961 alf.
2014 1906 2035 1951 1
2041 1919 2072 1952 n
2088 1912 2269 1955 matut.

1344 1962 1445 2010 Iste
1472 1961 1532 2023 ψ.
1555 1965 1744 2012 dicitur
1774 1964 2004 2011 omnibus
2034 1964 2178 2025 fer-iis
2199 1970 2270 2014 ad

1282 2022 1481 2071 Laudes
1501 2022 1658 2073 dele
1679 2038 1742 2073 ne
1762 2026 1814 2071 in
1839 2025 1914 2072 ira
1927 2038 2079 2085 usque
2090 2029 2159 2074 ad
2180 2040 2266 2087 ιι,

1280 2089 1331 2132 et
1357 2082 1393 2131 ὰ
1425 2085 1561 2133 Deus
1591 2086 1824 2133 omnium
1858 2099 2011 2146 usque
2038 2089 2107 2135 ad
2135 2090 2268 2136 Adv.

1283 2145 1408 2205 Dfiv',
1426 2147 1631 2206 quando
1649 2148 1708 2195 do
1727 2146 1861 2206 serici
1881 2148 2073 2206 agitur.

1345 2209 1481 2256 Ana.
1512 2208 1814 2257 Benedictus
1849 2200 1995 2275 [Diis]
2032 2210 2168 2260 Deus
2188 2211 2273 2261 Is-

1280 2269 1404 2319 rael.
1424 2270 1516 2319 Ρε.
1539 2270 1734 2331 Ipsum.
1770 2271 1835 2332 (p.
1858 2270 1954 2332 15.)

1343 2393 1536 2442 Deinde
1559 2394 1805 2444 dicantur
1825 2395 2008 2445 Preces
2041 2395 2266 2447 Feriales

1278 2455 1365 2502 hoe
1388 2457 1536 2504 modo
1557 2474 1571 2503 .·

1278 2529 1397 2622 Kx
1408 2517 1480 2565 rie
1521 2518 1725 2567 eleison.
1768 2516 1830 2577 iij
1879 2518 2014 2626 [tera.
2067 2518 2265 2567 Christe

1373 2578 1577 2627 eleison.
1630 2579 1710 2638 iij.
1747 2579 1905 2637 Kyrie
1939 2591 1966 2627 e
1986 2578 2144 2627 eison.
2185 2579 2265 2640 ‘'¹27‘-

1275 2639 1423 2688 Pater
1447 2643 1631 2687 noster.

1338 2701 1401 2749 Et
1425 2712 1487 2747 ne
1510 2712 1601 2748 nos
1615 2700 1828 2748 inducas
1840 2699 1891 2747 in
1914 2700 2260 2750 tentationem.

1276 2762 1372 2811 Sed
1396 2761 1551 2808 libera
1573 2773 1666 2809 nos
1685 2773 1715 2809 a
1738 2761 1888 2809 male.

1331 2822 1438 2882 Ego
1459 2822 1589 2882 dixi,
1611 2822 1721 2871 Diie
1734 2823 1971 2872 miserere
1986 2823 2106 2872 mei.
2129 2824 2262 2875 Sana

1274 2885 1504 2932 animam
1536 2896 1728 2941 meam,
1760 2885 1879 2945 quia
1901 2887 2094 2944 peccavi
2119 2888 2229 2937 tibi.

1336 2945 1634 2996 Convertere
1654 2947 1763 2996 Dite
1781 2960 2062 3008 usquequo,
2084 2948 2148 2996 Et
2168 2951 2264 3000 de-

1274 3008 1542 3068 precabilis
1559 3013 1664 3058 esto
1683 3021 1832 3069 super
1853 3021 2022 3058 servos
2043 3016 2174 3059 tuOS.

1334 3070 1448 3118 Fiat
1481 3071 1827 3120 misericordia
1860 3076 1947 3119 tua
1978 3072 2088 3119 Due
2108 3084 2260 3130 super

1271 3142 1381 3180 nos,
1446 3132 1890 3194 Quemadmodum
1945 3133 2262 3192 speravimus

1273 3192 1621 3304 ¹¹¹Stgeerdotes
1662 3255 1740 3303 tui
1781 3254 2063 3302 induantur
2101 3254 2258 3314 lusti-

1273 3315 1417 3363 tiam.
1440 3315 1505 3363 Et
1524 3317 1683 3364 sancti
1705 3316 1781 3363 tui
1801 3315 2039 3364 exultent.

1332 3377 1441 3424 Dne
1463 3377 1661 3427 salvum
1681 3377 1756 3426 fae
1775 3388 1963 3436 regem.
1993 3376 2056 3423 Et
2077 3377 2258 3424 exaudi

1272 3450 1364 3486 nos
1397 3438 1449 3487 in
1483 3439 1565 3490 die
1607 3451 1711 3500 qua
1752 3437 2159 3487 invocaverimus
2193 3442 2256 3487 te.
