2910 4457
563 486 653 545 De
694 475 1243 559 Vesperi-§Primis
1270 476 1449 537 Dom.
1489 475 1546 534 l.
1579 473 1646 534 iu
1674 473 1836 535 Adv.
1862 499 1881 533 .·
1927 474 2061 536 scil.

742 591 818 652 de
858 587 1140 667 Vesperis
1172 585 1430 646 sabbati
1446 584 1874 664 praecedentis.

337 767 400 818 p.
432 751 480 799 2
519 763 570 798 a.
598 745 688 796 Ad
720 743 975 814 Vesperas‚
996 740 1114 809 50⁶]
1137 741 1277 792 Cum
1304 739 1521 808 Proprio
1545 740 1610 794 de
1629 741 1885 811 Tempore
1909 762 2115 816 semper
2135 749 2313 800 eonse-

260 846 432 891 ratur
465 834 813 895 Psalterium,
838 839 892 883 et
925 847 1047 882 cum
1073 828 1329 881 Psalterio
1364 827 1644 895 Proprium
1678 828 1742 882 de
1767 831 2043 900 Tempore,
2068 834 2209 903 quod
2242 835 2314 887 ad

258 925 565 977 utrumvis
590 918 994 988 intelligendum
1022 917 1236 969 omnino
1262 916 1613 967 necessarium
1637 925 1730 969 est.

343 1009 620 1064 Psa-lmus
645 1003 867 1077 Ipsum]
907 1004 1044 1056 Vide
1068 1003 1138 1055 ad
1163 1001 1227 1054 P.
1253 1006 1322 1053 38
1346 1002 1398 1052 b.

342 1098 559 1167 Esajae
581 1095 628 1165 ᾖ
645 1094 744 1161 Α.]
772 1092 963 1144 Literae
989 1090 1273 1158 respiciunt
1297 1089 1574 1157 antiquam
1597 1091 1832 1160 capitum
1853 1089 2185 1155 divisionem,
2203 1095 2312 1145 scil.

269 1202 373 1254 per
397 1185 598 1236 literas
620 1182 816 1249 priores
839 1178 1119 1247 alphabeti.

353 1271 497 1322 Erit
533 1270 588 1320 in
618 1265 746 1333 &c.]
790 1264 858 1316 In
886 1264 1039 1316 Brev.
1070 1262 1227 1314 Ebor.
1264 1266 1295 1291 “
1314 1262 1964 1315 Venite—Hierusalem?
1991 1263 2067 1333 (V.
2093 1282 2143 1334 p.
2170 1270 2234 1318 21
2265 1283 2313 1327 a,

279 1357 402 1410 lect.
434 1353 562 1427 ἰῇ.)
592 1356 661 1407 In
687 1352 842 1404 Rom.
870 1356 902 1380 “
924 1350 1150 1413 FratreS,
1172 1349 1739 1401 hora—credidimuS.”
1766 1350 1838 1418 (v.
1867 1368 1915 1419 p.
1943 1355 1975 1403 8
2002 1353 2070 1420 a).

354 1441 793 1512 Responsorium
825 1445 1003 1490 autem
1040 1443 1157 1504 post
1193 1434 1504 1502 Capitulum
1542 1436 1598 1485 in
1636 1434 1793 1486 Brev.
1839 1434 2035 1487 Sarisb.
2075 1437 2319 1505 Vesperis

277 1535 490 1604 primis
518 1530 754 1601 ejusdem
781 1534 859 1579 est
884 1526 1088 1594 generis
1111 1540 1231 1575 cum
1258 1522 1623 1590 Responsoriis
1639 1530 1756 1589 post
1778 1523 2030 1574 lectiones
2053 1523 2109 1573 in
2136 1522 2317 1574 Matu-

282 1621 444 1672 tinis.
503 1618 571 1669 In
598 1615 760 1668 nullis
783 1620 961 1665 autem
988 1609 1350 1678 Responsoriis
1373 1615 1493 1675 post
1516 1607 1764 1658 lectiones
1791 1607 1870 1658 vel
1897 1607 2144 1676 Capitula
2170 1607 2318 1660 addi-

284 1716 382 1760 tur
413 1706 584 1759 Sieut
606 1711 717 1754 erat
743 1705 829 1764 dcc.
854 1706 972 1768 post
999 1696 1186 1749 Gloria
1211 1697 1386 1758 Patri,
1411 1704 1460 1745 et
1482 1692 1648 1756 Filio,
1673 1704 1722 1745 et
1748 1694 1987 1764 Spiritui
2015 1693 2230 1747 Sancto,

367 1793 517 1844 D’ns
531 1792 715 1859 justus
740 1784 968 1853 noster]
992 1784 1059 1835 In
1088 1783 1176 1834 Br.
1214 1782 1370 1834 Ebor.
1399 1789 1571 1833 totum
1604 1784 1636 1809 “
1659 1781 1733 1832 Et
1765 1781 2156 1834 hoc—noster.”
2191 1781 2316 1834 dici-

295 1886 406 1931 tur.
480 1875 573 1929 Br.
600 1876 755 1928 Rom.
781 1880 968 1941 praeter
993 1874 1024 1899 “
1048 1870 1164 1922 Deo
1188 1867 1424 1938 gratias?
1450 1885 1557 1920 non
1583 1867 1742 1919 habet
1766 1866 1924 1935 Resp.

375 1966 463 2017 Et
494 1963 664 2015 nubes
699 1960 888 2028 pluant
913 1958 1122 2026 justum
1160 1955 1273 2023 (scr.
1310 1955 1345 2006 J
1351 1954 1551 2021 ustum)
1570 1952 1609 2019 ι]
1651 1954 1719 2005 In
1758 1953 1847 2005 Br.
1883 1954 2038 2006 Rom.
2062 1954 2178 2006 haec
2209 1970 2318 2005 ver-

294 2055 371 2106 ba
395 2049 745 2122 Responsorii
770 2054 895 2100 sunt
918 2046 1147 2097 initium.
1211 2043 1293 2095 Cf.
1320 2050 1503 2094 notam
1527 2048 1850 2109 sequentem,
1874 2049 1928 2092 et
1952 2040 2018 2091 ad
2045 2057 2095 2108 p.
2122 2043 2155 2089 3
2178 2041 2230 2091 b.

374 2137 587 2190 Eodem
621 2134 769 2187 modo
805 2130 1188 2202 respondeatur]
1236 2128 1438 2180 Eodem
1481 2126 1571 2194 (ut
1606 2124 1839 2193 videtur)
1878 2125 2130 2192 inaequali
2166 2123 2321 2176 modo

302 2241 522 2279 versum
550 2218 848 2274 dividenda
875 2218 958 2272 Cf.
985 2225 1167 2269 notam
1193 2213 1592 2284 praeoedentem.

377 2330 431 2382 p.
456 2316 495 2363 2
520 2312 573 2363 b.
600 2308 745 2378 agie]
774 2307 878 2359 Pro
903 2306 1060 2374 hagie
1088 2299 1275 2373 (ἅγιε),
1300 2308 1496 2352 sancte.

377 2418 430 2471 p.
459 2404 495 2452 3
523 2415 572 2451 a.
598 2397 723 2449 huic
750 2393 991 2470 sabbato]
1036 2392 1186 2444 Male
1218 2390 1339 2441 libri
1376 2405 1556 2441 omnes
1592 2404 1724 2456 quos
1759 2386 1934 2439 videre
1970 2386 2194 2456 contigit
2224 2386 2323 2438 Ιιόσ

307 2488 547 2541 sabbate.

384 2575 490 2627 Per
516 2573 787 2625 Christum
812 2569 998 2636 D’nm]
1026 2566 1196 2629 Adde,
1224 2565 1505 2633 [nostrum.
1543 2562 1758 2629 Amen].

387 2661 496 2713 Pro
523 2658 805 2726 [nostrum]
833 2655 951 2724 (bis)
976 2671 1070 2706 scr.
1102 2653 1380 2720 [nostrum.
1417 2649 1493 2701 3R.
1518 2646 1733 2712 Amen].

386 2765 439 2818 p.
452 2751 488 2799 3
502 2747 552 2799 b.
571 2745 700 2798 Post
716 2748 747 2773 “
762 2744 863 2795 Per
882 2739 1135 2795 eundem”
1155 2739 1308 2801 adde,
1329 2737 1628 2805 [Christum
1654 2734 1814 2785 D'nm
1838 2739 2089 2785 nostrum.
2109 2733 2322 2800 Amen].

384 2852 599 2906 vesperae
624 2832 685 2883 de
710 2830 772 2883 S.
797 2827 1009 2896 Maria]
1050 2828 1114 2878 V.
1142 2826 1211 2879 ad
1236 2825 1440 2886 Picam,
1466 2823 1571 2874 Lit.
1599 2821 1758 2873 Dom.
1786 2819 1852 2871 B.

386 2919 605 2989 neuma]
648 2917 872 2971 Rectius
907 2915 1103 2984 Gough
1141 2917 1210 2967 67
1239 2928 1483 2982 pneuma.
1530 2910 1597 2961 In
1637 2908 1822 2961 Douce
1858 2906 1977 2959 Res.
2016 2916 2195 2960 autem
2230 2923 2324 2976 pro

317 3011 352 3040 “
369 3012 487 3064 sine
503 3026 691 3060 neuma
710 3005 808 3057 hoc
824 3003 1014 3055 modo.’'
1036 3003 1232 3071 legitur
1249 3004 1280 3029 “
1299 3001 1411 3052 sine
1434 2998 1577 3062 ηοεᾶ,
1596 3008 1656 3050 ut
1675 2996 1891 3049 habetur
1906 3005 2025 3065 post
2047 2994 2327 3047 Commune

318 3095 465 3166 [scil.
505 3090 854 3159 Sanctorum]
892 3090 952 3140 in
992 3088 1181 3157 Officio
1219 3088 1280 3139 de
1314 3087 1381 3138 B.
1420 3085 1612 3137 Marici
1650 3095 1868 3154 tempore
1903 3081 2183 3144 Adventus,
2220 3081 2323 3131 m'z.

319 3187 420 3239 Ιιόο
443 3184 610 3237 modo.

391 3271 463 3323 In
487 3268 753 3322 ambobus
776 3274 956 3318 autem
981 3265 1123 3316 hisce
1146 3264 1293 3315 libris
1316 3262 1559 3331 Vesperae
1585 3260 1649 3313 de
1675 3260 1741 3312 B.
1769 3257 1950 3311 Mario.
1973 3257 2078 3309 fere
2106 3257 2325 3323 integrae

321 3360 597 3429 descriptae
626 3362 767 3409 sunt.
807 3354 892 3406 Cf.
920 3353 990 3406 ad
1015 3353 1222 3421 Compl.
1251 3351 1314 3404 de
1340 3351 1471 3404 Adv.
1497 3350 1648 3403 infra.
