2910 4457
731 331 888 384 lxxvi
1425 341 1502 377 DE
1527 340 1728 377 TERTIA
1753 341 1824 377 ET
1849 341 2039 377 snm-A.
2478 325 2632 395 [Ann.
2663 344 2736 379 m·

798 474 872 527 Et
894 470 1113 526 ostende
1136 467 1261 535 &c.]
1303 468 1371 520 In
1398 468 1491 520 Br.
1518 468 1708 521 Rom.:
1747 468 1983 521 Ostende
2008 467 2105 520 διο.

797 560 882 612 De
907 558 1160 611 Precibus
1182 556 1439 609 Romanis
1463 573 1513 607 v.
1537 555 1606 607 ad
1631 572 1682 624 p.
1706 559 1778 607 40
1802 573 1850 608 a.

787 672 873 724 Ad
910 671 1148 732 Sextum,
1172 687 1265 739 pro
1301 668 1501 738 hymno
1537 671 1569 697 ‘⁶
1593 667 1784 720 Rector
1819 675 2007 736 potens
2022 666 2049 685 ’'
2086 666 2191 718 “in
2224 667 2311 717 die
2344 666 2474 718 Nat.
2510 668 2645 720 D’ni
2683 680 2734 720 et

718 760 952 829 quotidie
983 775 1142 827 usque
1172 757 1242 808 ad
1269 753 1759 809 Circumcisionem”
1794 755 1850 805 in
1885 752 1988 805 Off.
2031 752 2213 805 Heref.
2240 752 2434 807 dicitur
2470 754 2731 824 Hymnus

721 862 943 916 sequens
956 866 969 897 :

721 959 855 1007 Ecce
877 973 1025 1022 quem
1047 963 1179 1004 vates
1200 955 1405 1003 vetustis
1753 951 1941 1000 Psallat
1961 952 2167 999 altitudo
2190 952 2319 1009 coeli,

787 1042 1121 1089 concinebant
1143 1038 1351 1095 saeculis,
1824 1034 2043 1082 Psallant
2067 1050 2235 1083 omnes
2257 1035 2430 1097 angeli,

722 1122 885 1171 Quem
904 1122 1249 1184 prophetarum
1272 1119 1438 1166 fideles
1756 1117 2006 1178 Quicquid
2029 1123 2104 1163 est
2127 1118 2318 1164 virtutis
2344 1134 2498 1180 usque

783 1202 983 1265 Paginae
1007 1201 1377 1264 spoponderant,
1820 1197 2004 1245 Psallat
2026 1199 2076 1244 in
2097 1198 2295 1245 laudem
2322 1199 2412 1246 Dei
2434 1217 2445 1244 :

718 1282 916 1329 Emicat
936 1282 1205 1344 promissus
1226 1281 1359 1336 olim,
1756 1277 1912 1326 Nulla
1933 1279 2213 1340 linguarum
2234 1280 2428 1327 silescat

782 1365 974 1411 Cuncta
994 1362 1275 1410 collaudant
1295 1377 1424 1418 eum,
1445 1364 1477 1395 ἱ*
1817 1360 1941 1417 Vox,
1967 1367 2015 1407 et
2036 1362 2190 1407 omnis
2203 1363 2232 1420 †
2259 1369 2503 1419 consonet,

783 1445 1085 1493 Saeculorum
1107 1443 1315 1493 saecuIiS.
1818 1442 2120 1490 Saeculorum
2142 1442 2351 1491 saeculis.

1268 1549 1382 1596 Tibi
1408 1549 1603 1596 Christe
1628 1546 1742 1611 [διο.
1767 1556 1824 1596 nt
1846 1548 1906 1596 ad
1929 1564 1977 1610 p.
2005 1548 2063 1595 16
2088 1548 2160 1611 a.]

766 1656 791 1681 ⁴¹
818 1657 889 1694 Br.
911 1655 1039 1694 Ebor.
1059 1655 1134 1693 ubi
1151 1664 1278 1702 supra
1296 1654 1351 1700 (v.
1370 1663 1413 1701 p.
1430 1652 1542 1699 lxix)
1566 1654 1594 1674 ‘⁸
1608 1652 1874 1698 collaudent,
1895 1653 2078 1698 Deus,”.

764 1724 787 1764 †
816 1722 941 1761 Liber
968 1721 1206 1769 impressus
1238 1721 1282 1759 et
1307 1730 1476 1762 omnen
1501 1719 1620 1768 quod
1648 1718 1688 1758 si
1711 1718 1833 1758 recte
1861 1729 1909 1758 se
1938 1719 2084 1766 habet,
2112 1721 2314 1759 consonet
2338 1730 2514 1769 quoque
2546 1720 2594 1761 in
2626 1733 2721 1761 con·

715 1790 867 1829 mm
883 1789 1162 1828 mutandum.

786 1891 855 1944 In
883 1890 985 1944 off.
1013 1890 1356 1953 Eboracensi,
1379 1904 1540 1958 usque
1553 1896 1674 1959 post
1702 1886 1815 1940 Oct.
1840 1878 2071 1958 Epiph.:

713 1986 940 2049 Praesepe
960 1984 1077 2049 poni
1097 1983 1299 2048 pertulit
1750 1982 1936 2044 Legem
1959 1984 2090 2031 dedit
2113 1984 2198 2046 qui
2220 1983 2417 2042 saeculo,

716 2070 819 2120 Qui
839 2069 966 2117 lucis
987 2075 1155 2118 auctor
1176 2067 1357 2116 extitit.-
1748 2064 1904 2127 Cujus
1928 2065 2093 2113 decem
2114 2074 2357 2129 praecepta
2381 2074 2510 2125 suut,

714 2155 844 2201 Cum
868 2153 1012 2200 Patre
1034 2152 1182 2199 coelos
1204 2151 1434 2207 condidit,
1741 2149 2004 2212 Dignando
2023 2149 2182 2196 factus
2205 2156 2278 2196 est
2298 2150 2443 2198 homo

716 2235 818 2282 Sub
838 2241 992 2283 matre
1013 2249 1199 2298 pannos
1222 2234 1394 2281 induit.
1745 2232 1848 2279 Sub
1868 2231 1993 2293 legis
2015 2245 2121 2278 esse
2141 2232 2353 2279 vinculo.

1338 2339 1511 2386 Gloria
1531 2339 1621 2386 tibi
1645 2333 1790 2386 D’ne.
1816 2336 1961 2401 [&c.]

783 2449 846 2503 P.
871 2452 942 2502 28
964 2450 1017 2502 b.
1046 2449 1231 2501 Gloria
1252 2447 1428 2501 laudis
1453 2448 1581 2516 &c.]
1621 2449 1690 2501 In
1718 2448 1809 2501 Br.
1835 2448 1994 2502 Rom.
2018 2470 2030 2501 t
2067 2450 2316 2520 Alleluja,
2341 2451 2479 2515 all’a,
2505 2454 2642 2507 all'a.

780 2536 910 2588 Tres
945 2544 1070 2589 sunt
1107 2535 1233 2604 &c.]
1274 2535 1342 2589 In
1381 2535 1474 2587 Br.
1508 2535 1665 2588 Ebor.
1701 2538 1734 2565 “
1755 2536 1945 2606 Gratia
1981 2536 2109 2589 &c.”
2145 2546 2207 2590 ut
2240 2555 2290 2607 p.
2327 2542 2398 2590 26
2431 2540 2483 2592 b.
2523 2540 2591 2593 In
2620 2542 2717 2595 Br.

708 2623 893 2677 Heres.
917 2627 950 2653 ‘⁶
973 2622 1120 2675 Deus
1141 2621 1497 2675 charitas—in
1530 2639 1610 2686 eo,
1636 2629 1691 2674 et
1713 2639 1810 2675 nos
1842 2639 2153 2677 maneamus
2185 2626 2242 2677 in
2266 2626 2429 2696 ipso.”
2451 2627 2538 2695 (V.
2566 2628 2636 2681 ad
2660 2649 2716 2699 p.

707 2714 779 2762 26
802 2711 876 2779 b.)
902 2710 972 2762 In
997 2709 1092 2761 Br.
1118 2708 1273 2761 Rom.
1297 2713 1330 2738 “
1351 2709 1502 2761 Alter
1525 2708 1738 2760 alterius
1762 2707 1889 2760 &c.'’
1916 2716 1977 2761 ut
2000 2725 2053 2777 p.
2080 2713 2166 2762 30.
2190 2703 2249 2762 b.

776 2797 831 2848 N
834 2813 903 2848 on
921 2795 1059 2848 conf.
1071 2794 1203 2866 &c.]
1228 2795 1294 2847 In
1311 2795 1402 2848 ΒΥ.
1416 2795 1574 2847 Ebor.
1587 2802 1640 2847 et
1654 2796 1809 2848 Rom.
1824 2816 1836 2846 z
1856 2793 2068 2864 Adjuva
2079 2813 2182 2861 me,
2201 2805 2255 2850 et
2272 2797 2446 2851 salvus
2459 2816 2545 2851 ero
2557 2800 2717 2855 D’ne.

778 2881 976 2933 Omnia
997 2882 1236 2949 probate;
1261 2881 1390 2950 &c.]
1428 2873 1504 2934 ‘In
1531 2882 1623 2934 Br.
1653 2881 1813 2933 Ebot.
1840 2885 1872 2911 ‘⁶
1890 2881 2091 2935 Omnia
2120 2891 2300 2936 autem
2329 2885 2574 2953 probate3
2610 2887 2716 2941 ὅτε.

708 2967 776 3020 In
803 2967 895 3019 Br.
925 2967 1106 3019 Heref.
1132 2975 1187 3020 et
1209 2967 1364 3020 Rom.
1421 2973 1454 2999 “
1474 2969 1621 3021 Alter
1642 2969 1858 3021 alterius
1893 2968 2021 3020 &c.''
2054 2976 2117 3021 ut
2139 2971 2195 3022 in
2214 2968 2321 3022 Off.
2350 2969 2505 3023 Rom.
2526 2970 2722 3028 diebus

709 3055 904 3107 Dom.:
941 3072 990 3105 v.
1016 3069 1191 3122 supra.

773 3145 842 3199 Ἡ.
883 3141 1013 3194 D’ns
1047 3139 1229 3211 regit]
1270 3140 1361 3192 Br.
1403 3139 1562 3193 Ebor.
1604 3140 1832 3211 (Gough
1867 3140 1972 3212 6¹¹²)
2010 3158 2103 3211 per
2138 3159 2363 3196 errorem
2400 3144 2538 3196 “Ps.
2579 3144 2719 3199 D'ns

703 3228 988 3298 regnavit.’'

775 3320 843 3371 A.
871 3319 939 3372 In
963 3327 1055 3373 tuo
1082 3314 1206 3384 &c.]
1237 3317 1305 3370 In
1332 3317 1422 3370 Br.
1450 3318 1609 3372 Rom.
1636 3319 1806 3370 “Ant.
1837 3317 2046 3389 [tertia]
2073 3319 2169 3371 de'’
2196 3320 2294 3372 διο.
2316 3328 2376 3373 ut
2398 3319 2466 3374 ad
2488 3338 2540 3390 p.
2559 3325 2633 3374 27
2661 3342 2710 3376 a.

1359 3438 1393 3460 ¹¹²
1425 3431 1485 3478 V.
1510 3439 1675 3479 notam
1698 3449 1740 3480 a.
1764 3447 1809 3494 p.
1834 3430 1949 3478 lxiv.
