2910 4457
569 423 616 514 ij
1180 435 1229 476 n«
1256 433 1491 477 mum
1515 434 1866 477 uosrotoaun
1892 433 1954 475 rr
1976 432 2118 476 umus
2444 416 2560 483 (An
2588 418 2624 479 ς
2644 420 2688 481 1,
2713 421 2740 468 2

669 569 743 623 In
771 568 1014 636 Tmou-0
1035 565 1316 636 Panchaia]
1348 569 1481 621 Hoc
1502 568 1676 631 verba,
1706 567 1959 621 inutiliter
1979 570 2101 634 post
2120 564 2334 618 titulum
2354 566 2738 634 praecedentem

569 654 627 705 in
647 651 861 721 longius
882 654 963 717 (ut
983 650 1209 716 videtur)
1233 650 1543 718 productum
1564 657 1783 716 retenta,
1807 650 1994 701 melius
2018 650 2208 702 omittit
2228 649 2290 700 L.

670 737 760 789 An
784 736 1004 786 Pauus
1025 732 1339 802 thus]
1365 735 1427 786 In
1450 734 1495 785 L
1517 734 1664 786 deest
1685 734 1935 796 Panum
1960 740 2013 785 et
2032 734 2112 785 sic
2132 734 2348 800 passim.

671 822 861 886 “cuper
889 814 1123 871 Psalmo·
1154 815 1441 882 fer-‘azar
1462 844 1529 856 -
1550 822 1753 869 retento
1777 816 1922 884 quod
1942 833 2066 869 mox
2087 818 2340 883 sequitur,
2376 812 2626 868 “Psalmi
2646 814 2739 867 Fe-

577 903 811 969 “riulan
837 930 899 943 -·
921 901 1110 954 melius
1135 899 1325 953 omittit
1346 900 1407 950 L.

673 990 808 1041 Sunt
839 991 1012 1040 autom
1045 981 1281 1037 “Psalmi
1312 981 1583 1035 Fen-ide?
1614 982 1705 1048 qui
1735 982 1796 1035 in
1830 981 2088 1034 Psslterio
2128 981 2356 1048 singulis
2392 981 2740 1034 hebdomade.

575 1072 761 1125 diebus
800 1069 1055 1137 assignati
1094 1072 1242 1129 sunt3
1291 1067 1431 1118 unde
1476 1067 1574 1118 sub
1613 1064 1907 1117 Fer-iulium
1940 1067 2152 1118 nomine
2192 1064 2548 1117 includuntur
2596 1067 2742 1116 etiam

578 1151 1165 1208 Peal-inoffloola.
1187 1150 1414 1201 v.1·'asc.
1439 1148 1944 1216 Ladcslcempa.

671 1235 931 1302 Imprimis
964 1239 1139 1284 autem
1160 1231 1451 1284 notandum
1472 1239 1569 1297 est,
1603 1232 1658 1283 in
1684 1231 1869 1283 Officio
1894 1231 2288 1296 sarisburiensi,
2315 1234 2707 1300 praeterquam
2694 1250 2741 1283 m

572 1320 723 1372 festis
755 1324 808 1368 et
841 1332 934 1383 per
956 1318 1185 1369 Octavus
1219 1316 1460 1367 Dominoe
1493 1316 1711 1376 Nostrae,
1746 1321 1797 1365 et
1826 1316 1883 1365 in
1906 1315 2092 1366 Primis
2126 1317 2267 1369 Festi
2297 1317 2452 1380 Loci,
2486 1317 2741 1368 Secundis

574 1403 628 1454 S.
652 1402 822 1453 Anna
843 1405 897 1451 et
918 1400 1010 1451 88.
1035 1398 1424 1466 Apostolorum,
1459 1405 1512 1449 et
1544 1398 1777 1464 utrisque
1795 1398 2150 1463 Reliquias-um
2172 1406 2224 1451 et
2247 1400 2504 1451 Omnium
2527 1400 2742 1451 Sancto-

572 1501 689 1538 rum
709 1484 974 1553 Vesperis,
997 1498 1106 1534 non
1129 1483 1318 1534 mutari
1338 1481 1581 1534 Psalmos
1604 1481 1836 1533 Ferislos
1857 1482 1916 1531 in
1935 1482 2180 1549 Vesperis
2204 1482 2541 1533 Sanctorum.

669 1567 858 1635 minor]
894 1568 937 1619 Ι.
971 1582 1017 1618 e.
1048 1582 1166 1632 qum
1199 1581 1264 1616 ex
1286 1564 1489 1616 duabus
1513 1564 1815 1630 antiphonis
1840 1580 1956 1630 quae
1977 1565 2152 1617 verbis
2176 1565 2326 1615 “Lux
2347 1565 2655 1632 perpetua''
2676 1567 2740 1616 in-

574 1653 776 1721 cipiunt
794 1652 968 1703 minor
989 1656 1095 1701 ost:
1119 1650 1186 1700 cf.
1210 1647 1418 1699 Laudes
1443 1654 1496 1698 et
1517 1648 1674 1713 Vesp.
1700 1647 1985 1699 Secundus.

672 1731 937 1799 dicuntur]
977 1734 1080 1783 Pro
1121 1732 1314 1783 dicitur
1355 1731 1583 1797 (dicatur
1613 1731 1700 1781 vel
1732 1730 1955 1797 dicetur)
1989 1736 2042 1783 et
2072 1731 2320 1783 dicuntur
2349 1731 2641 1797 (dicanmr
2669 1731 2743 1784 vel

574 1817 833 1881 dicentia)
857 1816 1144 1883 sapis-ime
1165 1814 1287 1866 libri
1306 1815 1562 1881 impressi,
1594 1814 1702 1866 fere
1725 1829 1929 1882 semper
1954 1815 2016 1879 L,
2048 1815 2117 1867 dr
2140 1822 2192 1866 et
2221 1815 2329 1867 dm·
2346 1830 2472 1866 cum
2496 1833 2744 1883 supcrpo-

574 1903 675 1953 sito
700 1899 926 1966 quodam
966 1898 1375 1951 abbreviationis
1413 1898 1597 1964 signo;
1633 1897 1926 1961 cujusmodi
1963 1899 2021 1948 in
2058 1898 2103 1948 L
2137 1905 2219 1950 est
2254 1899 2436 1952 brevis
2475 1899 2634 1951 linea
2669 1899 2743 1950 vel

573 1986 815 2038 Graecum
841 2004 873 2037 τ
899 1980 1080 2049 (super
1100 1981 1170 2033 dr
1192 1986 1245 2033 et
1265 1980 1388 2045 dur,
1409 1979 1552 2050 hoc),
1584 1980 1737 2033 nobis
1765 1986 1938 2033 autem
1965 1978 2084 2048 (ubi
2105 1983 2259 2049 signo
2283 1998 2420 2049 opus
2447 1984 2577 2050 est),
2602 1998 2743 2050 apos-

572 2067 758 2135 trophe
782 2067 840 2134 (⁹)
864 2066 950 2118 vel
975 2065 1336 2117 circumflexus
1361 2064 1578 2117 Graecus
1604 2063 1704 2129 (Ἰ.

673 2148 1090 2218 Beepomorimn]
1126 2150 1207 2200 De
1240 2148 1576 2200 distinctione
1607 2150 1744 2201 inter
1765 2147 2163 2216 Bosporum-ium
2186 2154 2239 2202 et
2258 2149 2678 2216 Bespovuiouem
2695 2167 2740 2200 v.

575 2235 641 2288 ad
665 2237 695 2299 ἓ
720 2239 767 2301 3,
791 2236 927 2287 inter
948 2233 1322 2307 Annotatioytes
1343 2232 1644 2301 Longiores.

675 2314 715 2385 β
742 2313 848 2384 Ξ.)
874 2315 1130 2384 Hymnus]
1155 2315 1218 2366 In
1240 2315 1302 2379 L,
1325 2331 1420 2382 pro
1444 2315 1531 2382 hy,
1556 2318 1752 2369 omisso
1776 2317 2110 2384 aspirationis
2135 2318 2304 2383 signo,
2333 2318 2543 2383 passim
2565 2336 2635 2386 y,-
2666 2316 2740 2368 cui

573 2404 750 2453 tamen
766 2401 953 2451 litterae
970 2401 1026 2450 in
1042 2399 1145 2451 hoc
1168 2399 1349 2450 codice
1370 2401 1754 2466 superpositum
1772 2407 1851 2452 est
1866 2406 2145 2467 punctum3
2172 2400 2312 2465 quod
2334 2416 2497 2466 super
2515 2403 2541 2453 i
2566 2408 2741 2452 contra

570 2484 878 2551 plerumque
902 2482 1065 2546 abest,
1091 2481 1372 2547 aliquando
1398 2483 1539 2533 acuti
1564 2484 1745 2534 similis
1770 2490 1867 2534 est.
1897 2484 2001 2534 Pro
2024 2500 2112 2534 mn
2135 2499 2259 2533 vero
2294 2483 2353 2532 in
2374 2483 2572 2535 eodem
2594 2485 2739 2536 Msto

564 2563 735 2635 (quod
755 2567 844 2617 hic
867 2565 1077 2632 quidem
1102 2565 1169 2618 ob
1193 2565 1639 2618 abbreviationem
1662 2584 1771 2618 non
1791 2566 2023 2636 videtur)
2043 2567 2241 2633 passim
2262 2565 2459 2633 legitur
2480 2583 2632 2632 mpn.

671 2651 735 2704 In
761 2651 957 2718 hymno
988 2654 1163 2701 autem
1185 2650 1318 2717 ipsc,
1344 2656 1402 2701 ut
1423 2651 1480 2700 in
1502 2651 1739 2718 plurimis
1761 2651 2065 2702 inferiorum
2087 2658 2377 2717 temporum
2399 2651 2735 2712 carminibus,

574 2735 832 2801 ejusmodi
849 2729 1065 2796 tantum,
1084 2738 1143 2783 ut
1154 2733 1376 2797 videtur,
1395 2734 1546 2783 metri
1564 2733 1808 2784 servandi
1824 2734 1910 2784 lex
1918 2736 2221 2802 praescripta
2234 2740 2326 2797 est,
2344 2738 2403 2784 ut
2415 2734 2737 2799 syllabarum

576 2819 996 2881 ordinandarum,
1013 2833 1258 2869 numerus
1278 2817 1488 2883 quidem
1504 2817 1715 2884 ubique,
1734 2834 1978 2870 mensura
1993 2818 2117 2870 verb
2137 2819 2212 2870 ibi
2226 2819 2435 2870 demum
2448 2816 2595 2886 (sive
2613 2819 2735 2869 anti-

574 2917 795 2969 quorum
811 2901 923 2951 sive
940 2901 1290 2951 recentiorum
1310 2916 1452 2951 more
1470 2899 1689 2970 legenti)
1701 2902 1848 2966 justa
1865 2906 2016 2965 esset,
2041 2902 2135 2953 ubi
2151 2902 2255 2952 hoc
2272 2902 2385 2953 sine
2400 2902 2734 2954 incommodo

573 2986 716 3037 effici
730 2989 927 3053 posset.
946 2983 1101 3047 Quod
1117 3000 1225 3034 non
1244 2999 1306 3034 eo
1325 2982 1528 3035 tantum
1546 2986 1786 3036 excusari
1801 2990 1991 3051 potest,
2012 2984 2154 3051 qubd
2169 2985 2631 3052 progredientibus
2649 3000 2735 3037 sae·

573 3069 706 3122 culis
724 3070 942 3134 antiqua
958 3067 1221 3118 vocalium
1238 3084 1482 3119 mensura
1499 3069 1670 3120 minus
1690 3084 1752 3119 ac
1767 3069 1939 3119 minus
1967 3069 2231 3134 loquendo
2257 3075 2466 3120 servata
2488 3076 2620 3133 erat,
2648 3067 2736 3119 sed

571 3152 733 3205 multo
753 3152 917 3219 magis
939 3149 1080 3217 quod
1096 3151 1153 3200 in
1169 3151 1482 3217 hymnorum
1500 3158 1656 3202 cantu
1674 3153 1978 3217 recentiore,
2003 3153 2058 3202 in
2084 3167 2188 3217 quo
2207 3150 2258 3202 et
2274 3151 2481 3203 vocalis
2497 3151 2734 3217 loquenti

570 3236 742 3289 brevis
762 3235 977 3286 duarum
1000 3233 1156 3285 facile
1169 3251 1432 3285 morarum
1458 3236 1683 3301 spatium
1712 3235 1948 3301 accipere
1970 3236 2155 3301 possit,
2185 3233 2285 3285 nec
2305 3234 2472 3301 longa
2496 3235 2622 3299 plus
2648 3249 2733 3283 ne-

572 3317 800 3371 cessario
828 3318 1076 3386 postulet,
1106 3317 1380 3368 anomaliae
1402 3317 1535 3368 tales
1553 3333 1734 3384 parum
1753 3317 1840 3369 vel
1863 3316 1994 3367 nihil
2014 3316 2221 3368 obsunt.
2246 3316 2349 3367 Sed
2367 3321 2417 3365 et
2433 3332 2529 3382 per
2547 3333 2734 3368 venus-

571 3408 704 3454 tates
723 3402 870 3468 alias,
880 3400 1148 3468 —judicio
1169 3407 1220 3452 et
1235 3401 1348 3465 has,
1365 3401 1541 3467 potius
1560 3417 1715 3467 quam
1730 3400 1951 3467 legibus,
1968 3398 2731 3466 permissas,—quodammodo

571 3491 922 3553 compensatae
944 3485 1298 3546 inveniuntur3
1319 3484 1613 3549 cujusmodi
1634 3490 1756 3535 sunt
1771 3485 2162 3535 terminationes
2181 3482 2393 3546 similes,
2413 3487 2466 3532 et
2485 3489 2732 3533 accentus

573 3584 693 3620 cum
729 3569 833 3620 arsi
865 3583 1208 3630 concurrens3
1253 3582 1473 3631 quarum
1506 3567 1776 3618 ambarum
1807 3568 1862 3616 in
1895 3566 2091 3633 linguis
2125 3565 2389 3616 hodiernis
2419 3571 2598 3632 partes
2630 3572 2732 3616 tam

570 3668 775 3720 magnae
793 3659 931 3717 sunt,
952 3658 1004 3702 et
1021 3667 1136 3719 quae
1152 3651 1208 3700 in
1224 3649 1306 3699 his
1326 3664 1536 3714 quoque
1553 3649 1871 3700 carminibus
1890 3665 1998 3699 non
2014 3665 2196 3715 pamm
2215 3647 2512 3699 audiuntur.

667 3737 750 3787 De
772 3736 981 3801 hymnis
1017 3740 1187 3786 autem
1208 3734 1264 3783 in
1285 3748 1479 3800 genere
1500 3730 1707 3798 plenius
1729 3735 1953 3783 fortasse
1969 3732 2218 3798 posthac:
2240 3731 2296 3780 in
2320 3737 2503 3781 nostro
2528 3732 2731 3783 interim

569 3817 742 3871 notari
764 3824 953 3885 potest,
970 3818 1108 3871 —in
1131 3816 1433 3870 tetrasticho
1464 3817 1649 3884 primo,
1677 3832 1925 3870 versuum
1952 3817 2197 3880 omnium,
2227 3815 2285 3870 in
2310 3815 2619 3869 tetrasticho
2655 3814 2730 3866 Tu
