2910 4457
604 262 645 323 8
1392 291 1682 333 nonrmcrs
1718 290 1917 331 uranos

608 407 782 456 nocte:
805 405 922 466 igne
947 417 1029 454 me
1057 405 1385 465 examinasti,
1416 411 1466 455 et
1492 418 1594 455 non

605 470 682 530 est
698 466 902 515 inventa
918 467 970 514 in
984 479 1068 515 me
1082 467 1346 527 iniquitaS.

669 527 738 577 Ut
761 541 861 576 non
893 528 1126 587 loquatur
1156 540 1214 577 os
1245 541 1417 577 meum
1446 540 1598 587 opera

606 588 911 638 hominum:
936 595 1136 649 propter
1165 590 1317 639 verba
1345 589 1597 639 labiorum

607 655 813 698 tuorum
829 663 920 711 ego
935 651 1184 700 custodivi
1201 652 1310 700 vias
1329 653 1503 701 duraS.

670 712 860 760 Perfice
898 724 1100 772 gressus
1138 725 1278 762 meos
1313 714 1368 761 in
1400 713 1599 762 semitis

605 773 712 821 tuis
748 788 777 823 z·
800 778 858 821 ut
900 787 1002 823 non
1050 779 1349 824 moveantur
1387 776 1599 835 vestigia

608 846 741 884 mea.

669 896 777 956 Ego
804 896 1044 957 clamavi,
1075 897 1319 958 quoniam
1352 897 1601 948 exaudisti

609 969 692 1006 me
709 959 872 1008 Deus:
891 960 1079 1008 inclina
1095 972 1272 1013 aurem
1289 965 1431 1008 tuam
1449 960 1597 1020 mihi,

608 1025 658 1069 et
674 1021 853 1069 exaudi
871 1022 1019 1070 verba
1041 1034 1173 1069 mea.

671 1083 888 1132 Mirifica
922 1083 1296 1131 misericordias
1322 1087 1438 1131 tuas
1465 1098 1479 1133 ε
1509 1083 1602 1143 qui

608 1143 775 1192 salvos
792 1143 911 1191 sacis
927 1149 1184 1202 sperantes
1206 1145 1260 1191 in
1282 1149 1349 1193 te.

672 1204 724 1253 A
745 1205 1096 1253 resistentibus
1120 1206 1330 1254 dexterae
1357 1210 1458 1254 tuae
1486 1217 1603 1255 cus-

609 1266 713 1315 todi
732 1279 812 1316 me
833 1282 846 1316 :
866 1271 924 1314 ut
939 1267 1184 1327 pupillam
1199 1267 1349 1325 oculi,

673 1328 778 1377 Sub
808 1329 991 1376 umbra
1020 1330 1220 1377 alarum
1246 1334 1453 1377 tuarum
1489 1341 1604 1389 pro-

609 1395 719 1450 tege
749 1402 864 1440 me:
895 1403 923 1439 a
951 1390 1073 1441 i'acie
1103 1390 1380 1451 impiorum
1404 1392 1497 1451 qui
1520 1403 1604 1441 me

611 1453 915 1500 afflixerunt.

673 1514 876 1562 Inimici
903 1514 1006 1563 mei
1033 1513 1263 1562 animam
1300 1526 1466 1563 meam
1505 1513 1605 1562 cir-

611 1576 964 1624 cundederunt
979 1612 991 1633 ‚
1014 1576 1213 1634 adipem
1237 1588 1391 1624 suum
1407 1575 1604 1623 conclu·

610 1641 788 1746 {erunt
803 1652 816 1686 :
833 1649 892 1684 os
906 1649 1082 1685 eorum
1099 1637 1323 1686 locutum
1339 1641 1413 1686 est
1429 1648 1606 1696 super-

647 1710 769 1745 ram.

675 1758 1004 1817 Projicientoe
1039 1769 1123 1806 me
1159 1770 1297 1807 nunc
1340 1759 1607 1809 circunde-

610 1821 798 1870 derunt
827 1832 938 1869 me:
966 1819 1136 1868 oculos
1168 1832 1287 1869 suos
1317 1825 1608 1870 statuerunt

612 1882 862 1932 declinare
884 1882 938 1929 in
958 1886 1167 1930 terram.

676 1944 1017 2002 Susceperunt
1042 1955 1124 1993 me
1145 1942 1276 1991 sicut
1302 1943 1377 1993 leo
1398 1949 1608 2004 paratus

613 2006 675 2054 ad
707 2006 958 2065 praedam:
988 2010 1037 2054 et
1067 2006 1197 2054 sicut
1219 2006 1418 2055 catulus
1447 2006 1607 2056 leonis

613 2067 852 2117 babitans
872 2067 925 2115 in
943 2068 1148 2116 abditis,

675 2130 875 2190 Exurge
887 2130 997 2178 Dfie
1008 2167 1022 2189 ,
1036 2128 1257 2190 praeveni
1273 2140 1390 2177 eum
1403 2166 1417 2189 ,
1432 2134 1482 2178 et
1492 2141 1609 2189 sup-

613 2191 784 2253 planta
795 2204 913 2242 eum
930 2207 943 2242 2
961 2192 1098 2252 eripe
1113 2191 1341 2241 animam
1359 2204 1527 2240 meam
1543 2192 1606 2241 ab

614 2254 798 2315 impio,
833 2253 1079 2303 frameam
1111 2260 1254 2303 tuam
1283 2254 1347 2302 ab
1378 2254 1608 2303 inimicis

615 2323 804 2364 manus
820 2320 937 2362 tuae.

676 2378 787 2425 Dne
820 2389 849 2425 a
882 2376 1054 2435 paucis
1079 2376 1141 2424 de
1172 2380 1306 2424 terra
1334 2376 1506 2425 divide
1522 2387 1607 2425 eos

615 2436 671 2485 in
695 2438 799 2486 vita
830 2450 1005 2485 eorum
1032 2437 1129 2485 :de
1161 2437 1470 2486 absconditis
1503 2438 1608 2487 tuis

613 2498 919 2558 adimpletus
932 2503 1007 2547 est
1023 2503 1194 2546 venter
1209 2510 1404 2547 eorum.

677 2560 903 2610 Saturati
917 2565 1040 2608 sunt
1059 2560 1181 2609 filiis
1197 2575 1210 2610 ε
1228 2565 1276 2609 et
1295 2560 1608 2610 dimiserunt

614 2621 856 2683 reliquias
870 2635 990 2671 suas
1012 2623 1239 2682 parvulis
1257 2622 1385 2671 suis.

676 2686 783 2746 Ego
818 2691 988 2734 autem
1028 2684 1082 2732 in
1122 2684 1320 2744 justitia
1358 2685 1607 2744 apparebo

613 2746 668 2795 in
680 2752 946 2807 conspectu
957 2753 1044 2795 tuo
1058 2761 1072 2796 ι
1089 2747 1309 2796 satiabor
1322 2745 1440 2795 cum
1454 2758 1608 2807 appa-

616 2809 778 2857 ruerit
794 2809 952 2869 gloria
970 2813 1076 2856 tua.

677 2869 850 2918 Gloria
867 2869 1028 2918 Patri.

677 2931 782 2978 Per
798 2932 927 2977 Adv.
951 2931 1016 2977 A.
1038 2928 1163 2977 Ecce
1178 2928 1321 2988 virgo
1334 2930 1604 2991 concipiet,

615 2996 665 3042 et
681 2992 841 3052 pariet
856 2991 1020 3038 filium
1037 3005 1050 3039 ε
1073 2994 1122 3038 et
1137 2990 1397 3039 vocabitur
1421 3004 1608 3041 nomen

616 3055 728 3116 ejus
742 3052 1065 3101 Emmanuel.

681 3116 810 3164 Post
834 3113 943 3162 Oct.
972 3112 1159 3174 Epiph.
1176 3125 1329 3175 usque
1356 3115 1426 3162 ad
1453 3115 1606 3164 Pas-³.

618 3177 728 3227 Dm·
772 3178 835 3224 A.
883 3176 1078 3224 Inclina
1114 3176 1224 3224 Dfie
1253 3188 1430 3224 aurem
1464 3180 1606 3225 tuam

618 3239 779 3289 mihi:
801 3242 848 3286 et
865 3238 1042 3285 exaudi
1060 3238 1209 3287 verba
1225 3250 1355 3286 mea.

682 3301 785 3349 Per
812 3300 1071 3348 AEstatem
1094 3301 1159 3347 A.
1193 3300 1398 3348 Pectora
1431 3305 1602 3349 nostra

620 3364 780 3412 tibitu
797 3361 1023 3411 conditor
1040 3362 1178 3410 orbis
1198 3363 1369 3421 adure,
1389 3362 1508 3423 igne
1526 3363 1607 3422 pio

619 3437 849 3488 purgans
878 3428 1029 3486 atque
1062 3423 1333 3474 cremando
1367 3424 1605 3485 probans.

1984 403 2227 452 Psalmus
2257 405 2392 467 oetdj.

1693 463 1960 574 Diligam
1976 470 2025 513 te
2040 465 2149 514 Dfie
2165 465 2404 516 fortitudo
2420 467 2535 516 mea
2550 483 2564 518 ι
2579 468 2694 518 Diis

1782 526 2164 575 firmamentum
2218 540 2419 589 meum,
2466 535 2515 578 et
2554 530 2695 580 rei'u-

1695 587 1838 648 gium
1858 600 2031 636 meum
2045 624 2058 646 ,
2078 594 2126 637 et
2143 589 2376 638 liberator
2398 603 2562 640 meuS.

1756 649 1893 698 Deus
1908 662 2054 698 meus
2080 650 2282 711 adiutor
2308 664 2483 703 meus:
2505 658 2554 702 et
2578 665 2695 714 spe-

1695 710 1817 759 rabo
1834 710 1888 757 in
1906 722 2044 759 eum.

1757 772 2010 820 Protector
2040 785 2212 834 meuS,
2242 779 2291 823 et
2317 787 2476 824 cornu
2508 776 2695 827 salutis

1696 845 1819 883 meae
1840 848 1853 883 ε
1876 838 1923 882 ct
1947 840 2203 894 susceptor
2220 849 2385 886 meus.

1756 895 1998 944 Laudans
2014 896 2251 946 invocabo
2267 899 2404 948 Dnm
2422 914 2436 949 ι
2451 903 2501 949 et
2515 899 2581 948 ab
2598 899 2700 949 ini-

1697 956 1850 1005 micis
1867 957 1995 1005 meis
2015 959 2189 1007 salvus
2209 973 2312 1008 ero.
2573 976 2584 986 ·

1758 1017 2199 1068 circundederunt
2227 1033 2310 1070 me
2330 1022 2529 1070 dolores
2551 1034 2694 1071 mor-

1694 1079 1763 1127 tis
1778 1095 1791 1129 z
1808 1084 1857 1128 et
1872 1084 2117 1131 torrentes
2130 1083 2417 1143 iniquitatis
2428 1085 2697 1134 conturba-

1696 1146 1880 1190 verunt
1901 1153 2002 1190 me.

1759 1203 1967 1252 Dolores
2025 1203 2211 1253 inferni
2264 1206 2696 1257 circundederunt

1697 1274 1780 1313 me
1814 1280 1827 1314 ε
1875 1273 2349 1326 praeoccupaverunt
2396 1281 2477 1318 me
2526 1269 2696 1331 laquei

1699 1326 1899 1375 mortis.

1760 1389 1820 1436 ln
1883 1387 2209 1439 tribulatione
2277 1402 2389 1440 mea
2458 1391 2693 1441 invocavi

1698 1449 1834 1498 Dnm
1856 1464 1869 1498 t
1893 1455 1943 1498 et
1964 1451 2026 1498 ad
2055 1451 2216 1499 Deum
2241 1464 2415 1501 meum
2441 1453 2695 1504 clamavi:

1759 1511 1825 1559 Et
1839 1512 2093 1559 exaudivit
2114 1514 2175 1561 de
2196 1514 2382 1573 templo
2403 1520 2578 1563 sancto
2600 1528 2696 1564 suo

1697 1584 1871 1620 vocem
1886 1585 2052 1621 meam
2070 1588 2083 1622 ε
2099 1580 2148 1622 et
2158 1575 2345 1623 clamor
2358 1588 2505 1625 meus
2517 1577 2571 1624 in
2584 1589 2698 1626 con·

1699 1638 1872 1693 spectu
1909 1635 2022 1694 ejus
2064 1635 2296 1684 introivit
2317 1637 2371 1685 in
2394 1649 2545 1686 aures
2560 1639 2693 1700 ejus,

1696 1708 1702 1713 ·
1763 1695 2024 1744 Commota
2040 1703 2115 1744 est
2135 1703 2184 1745 et
2200 1700 2505 1748 contremuit
2529 1705 2696 1751 terra:

1701 1755 2030 1806 fundamenta
2082 1760 2337 1808 montium
2398 1763 2698 1813 conturbata

1700 1823 1847 1877 sunt,
1888 1824 1937 1867 et
1971 1826 2221 1869 commota
2256 1827 2402 1882 sunt,
2448 1823 2696 1884 quoniam

1701 1880 1865 1929 iratus
1881 1885 1957 1928 est
1976 1882 2069 1930 eiS.

1765 1941 2012 1990 Ascendit
2045 1944 2219 1992 furnus
2255 1944 2309 1992 in
2358 1945 2436 1994 ira
2466 1946 2608 2006 eius»,
2647 1952 2699 1996 et

1702 2003 1839 2063 ignis
1866 2016 1895 2051 a
1918 2003 2041 2053 facie
2065 2006 2178 2065 eius
2208 2008 2422 2058 exarsit:
2450 2006 2701 2059 carbonoe

1702 2066 1930 2113 succensi
1948 2071 2068 2114 sunt
2085 2067 2149 2116 ab
2164 2080 2238 2116 eo.

1764 2127 2035 2176 Inclinavit
2058 2129 2231 2188 coeloS,
2258 2134 2306 2178 et
2333 2130 2621 2183 descendit:
2648 2137 2698 2182 et

1703 2189 1866 2249 caligo
1882 2190 1978 2238 sub
1996 2190 2206 2250 pedibus
2219 2191 2263 2252 ej
2272 2204 2349 2241 us.

1766 2252 1829 2301 Et
1843 2253 2069 2301 ascendit
2082 2266 2235 2320 super
2258 2254 2535 2313 Cherubin,
2554 2260 2604 2304 et
2619 2268 2700 2306 vo·

1701 2312 1824 2361 lavit
1836 2314 2193 2374 :volavitsuper
2206 2328 2398 2374 pennas
2408 2322 2696 2367 ventorum.

1763 2375 1829 2423 Et
1895 2376 2060 2435 posuit
2129 2377 2359 2425 tenebras
2421 2378 2697 2429 latibulum

1701 2447 1882 2494 suum,
1917 2438 1971 2485 in
1999 2438 2216 2486 circuitu
2233 2439 2347 2499 eJus
2365 2454 2377 2487 ε
2395 2440 2699 2490 tabernacu-

1702 2498 1810 2546 lum
1839 2498 1980 2559 eJuS,
2016 2501 2276 2549 tenebrosa
2298 2513 2430 2562 aqua
2457 2502 2510 2549 in
2544 2504 2701 2552 nubi-

1703 2561 1801 2608 bus
1818 2561 1966 2608 aeris,
2489 2578 2499 2587 ·

1764 2621 1876 2670 Prae
1893 2621 2084 2682 fulgore
2102 2622 2157 2671 in
2179 2628 2445 2684 conspectu
2466 2624 2581 2683 ejus
2597 2638 2698 2674 nu-

1702 2683 1790 2755 bes
1801 2684 2149 2755 transierunt:
2166 2686 2360 2747 grando
2379 2690 2429 2735 et
2449 2687 2695 2737 carbonoe

1702 2757 1860 2805 lgms.

1767 2807 1831 2856 Et
1846 2808 2070 2856 intonuit
2088 2807 2150 2857 de
2165 2811 2287 2858 coelo
2307 2810 2441 2867 Βῆε,
2460 2813 2508 2858 et
2530 2809 2698 2860 Altis-

1700 2868 1867 2917 simus
1880 2870 2018 2919 dedit
2038 2882 2209 2919 vocem
2230 2884 2378 2920 suam
2399 2874 2626 2932 :grando
2648 2878 2698 2923 et

1701 2931 1943 2979 carbones
1960 2931 2113 2991 ignis,

1764 2992 1828 3041 Et
1847 2994 1989 3041 misit
2003 2994 2215 3052 sagittas
2239 3005 2384 3052 suaS‚
2402 2998 2451 3042 et
2476 2995 2698 3055 dissipa-

1701 3054 1776 3102 vit
1806 3066 1889 3102 eos
1918 3070 1932 3104 z
1972 3055 2174 3115 fulgura
2221 3056 2604 3116 multiplicavit,
2647 3063 2698 3107 et

1701 3116 2024 3164 conturbavit
2039 3129 2140 3165 eos·

1760 3177 1826 3225 Et
1852 3183 2194 3237 apparuerunt
2217 3177 2376 3226 fontes
2402 3191 2658 3238 aquarum
2681 3197 2694 3231 ε

1699 3243 1748 3288 et
1781 3240 1997 3287 revelata
2026 3246 2148 3288 sunt
2179 3240 2512 3289 fundamenta
2554 3242 2697 3291 orbis

1699 3306 1971 3349 terrarum.

1763 3362 1847 3410 Ab
1874 3362 2212 3421 increpatione
2239 3366 2325 3410 tua
2357 3363 2498 3414 Due:
2526 3364 2593 3415 ab
2619 3365 2696 3414 in-

1697 3424 1972 3485 spiratione
1987 3425 2199 3486 spiritus
2212 3425 2299 3475 irae
2317 3429 2433 3473 tuae.
