2910 4457
989 351 1062 391 An
1102 351 1351 396 'run-run
1393 351 1463 391 nr
1503 351 1736 391 surm.
2289 332 2366 393 2⁷

1446 464 1795 514 Narraverunt
1829 463 1960 516 mihi
1990 462 2156 524 iniqui
2183 463 2374 515 rabula-

1383 527 1575 575 tiones:
1597 528 1682 575 sed
1707 539 1805 573 non
1829 531 1886 573 ut
1906 527 1981 574 lex
2000 531 2103 574 tua.

1444 589 1630 637 Omnia
1650 589 1887 636 mandata
1916 594 2001 636 tua
2025 587 2214 636 veritas
2241 602 2254 637 :
2275 587 2377 638 ini-

1382 650 1471 710 qui
1490 650 1733 709 persecuti
1753 655 1873 698 sunt
1895 663 2001 709 me,
2019 650 2206 709 adjuva
2230 661 2331 699 me.

1443 710 1781 761 Paulominus
1791 715 2275 761 consummaverunt
2291 724 2374 760 me

1385 773 1437 821 in
1469 777 1600 820 terra
1628 787 1641 821 :
1672 785 1762 831 ego
1781 779 1950 820 autem
1994 786 2095 821 non
2128 773 2376 834 dereliqui

1386 835 1626 883 mandata
1648 838 1753 881 tua.

1449 895 1737 943 Secundum
1792 894 2188 943 miserIcordiam
2233 900 2376 950 tuam

1387 957 1584 1004 vivifica
1618 969 1735 1006 me:
1766 960 1814 1005 et
1847 957 2125 1004 custodiam
2158 959 2379 1009 testimo·

1389 1019 1474 1067 nia
1497 1018 1600 1067 oris
1622 1018 1716 1066 tui.

1449 1081 1510 1129 In
1542 1086 1787 1128 aeternum
1809 1080 1920 1129 Dr’ie
1950 1079 2195 1130 :verbum
2230 1084 2378 1134 tuum

1389 1149 1647 1202 permanet
1669 1143 1720 1190 in
1739 1142 1878 1190 coelo·

1450 1205 1510 1252 In
1556 1205 1873 1263 generatione
1909 1208 1956 1252 et
2006 1204 2378 1263 generationem

1390 1267 1576 1314 veritas
1619 1271 1706 1314 tua
1747 1282 1761 1316 ι
1806 1266 2028 1313 fundasti
2083 1269 2272 1313 terram
2333 1269 2383 1313 et

1390 1332 1671 1387 permanet.

1453 1389 1786 1437 Ordinatione
1818 1393 1905 1436 tua
1937 1393 2218 1447 perseverat
2238 1387 2382 1436 dies:

1391 1451 1635 1510 quoniam
1660 1452 1830 1498 omnia
1853 1450 2081 1497 serviunt
2103 1449 2214 1496 tibi.

1454 1512 1568 1560 Nisi
1606 1512 1739 1570 quod
1771 1511 1847 1559 lex
1873 1515 1958 1557 tua
1982 1509 2238 1557 meditatio
2272 1521 2382 1563 mea

1392 1577 1467 1622 est
1491 1588 1503 1623 ε
1528 1577 1649 1620 tunc
1665 1572 1793 1621 forte
1818 1571 2077 1631 periissem
2101 1571 2153 1619 in
2176 1570 2385 1621 humili-

1393 1640 1493 1682 tate
1516 1647 1647 1683 mea.

1455 1698 1515 1745 In
1540 1702 1785 1744 aeternum
1817 1707 1919 1743 non
1941 1694 2208 1742 obliviscar
2234 1694 2388 1753 justi·-

1394 1758 1651 1806 ficationes
1672 1763 1786 1805 tuas
1810 1772 1823 1807 ε
1846 1757 1967 1817 quia
1998 1757 2051 1804 in
2076 1757 2203 1816 ipsis
2223 1756 2388 1806 vivifi-

1394 1820 1520 1868 casti
1541 1833 1640 1868 me.

1457 1882 1600 1930 'l'uus
1628 1894 1743 1930 sum
1774 1892 1890 1941 ego,
1926 1879 2125 1928 salvum
2156 1892 2239 1928 me
2274 1878 2387 1928 sac:

1397 1944 1637 2002 quoniam
1667 1942 2052 2002 Justificationes
2081 1945 2196 1989 tuas
2216 1939 2390 2000 exqui—

1396 2017 1513 2053 sivi.

1462 2067 1547 2116 Me
1584 2066 1966 2123 expectaverunt
2006 2064 2283 2119 peccatores
2333 2066 2391 2109 ut

1400 2127 1664 2186 perderent
1696 2137 1778 2173 me
1808 2138 1822 2173 ι
1855 2122 2143 2171 testimonia
2183 2126 2271 2169 tua
2312 2123 2392 2170 in-

1402 2188 1582 2237 tellexi.

1467 2248 1651 2298 Omnis
1691 2244 2146 2297 consummationis
2187 2245 2294 2294 vidi
2334 2246 2394 2294 fi-

1404 2324 1521 2362 nem
1541 2311 1722 2361 :latum
1740 2308 2038 2358 mandatum
2060 2312 2206 2356 tuum
2219 2308 2393 2358 nimis.

1473 2373 1661 2436 [Gloria
1682 2369 1859 2432 Patri.]

1766 2433 2027 2481 Psalmus.

1489 2498 1705 2545 uomodo
1733 2496 1882 2544 dilexi
1905 2495 2065 2554 legem
2087 2498 2228 2541 tuam
2247 2494 2392 2545 Dfie‘l

1491 2564 1591 2608 tota
1609 2560 1692 2608 die
1708 2557 1964 2606 meditatio
1985 2568 2096 2603 mea
2116 2560 2207 2602 est.

1472 2621 1629 2679 Super
1659 2619 1894 2667 inimicos
1930 2629 2068 2666 meos
2101 2616 2395 2674 prudentem

1409 2694 1493 2730 me
1528 2681 1687 2728 fecisti
1727 2679 1966 2726 mandato
2005 2683 2090 2723 tuo
2125 2691 2138 2725 z
2183 2676 2303 2734 quia
2344 2677 2396 2727 in

1411 2748 1656 2790 {eternum
1680 2740 1806 2787 mihi
1830 2742 1922 2786 est.

1476 2804 1634 2862 Super
1673 2813 1850 2849 omnes
1879 2801 2109 2849 docentes
2143 2811 2224 2847 me
2254 2798 2402 2846 intel-

1413 2866 1508 2915 lexi
1532 2880 1546 2915 z
1572 2865 1692 2925 quia
1721 2862 2004 2913 testimonia
2028 2866 2114 2910 tua
2144 2860 2402 2910 meditatio

1414 2941 1526 2977 mea
1547 2931 1638 2975 est.

1479 2990 1638 3049 Super
1658 3000 1802 3037 senes
1835 2985 2052 3036 intellexi
2076 3001 2088 3036 :
2111 2986 2230 3046 quia
2262 2997 2405 3034 man·

1416 3053 1531 3101 data
1552 3057 1638 3099 tua
1660 3051 1891 3111 quaesivi.

1481 3113 1564 3171 Ab
1577 3114 1720 3162 omni
1745 3113 1826 3161 via
1851 3112 1984 3160 mala
2006 3109 2237 3169 prohibui
2258 3108 2406 3167 pedes
2426 3145 2442 3158 .

1418 3189 1556 3226 meos
1579 3182 1665 3226 :ut
1687 3175 1965 3223 custodiam
1982 3172 2132 3220 verba
2153 3176 2258 3218 tua.

1486 3239 1534 3288 Α
1573 3238 1786 3298 ,iudiciis
1830 3236 1933 3283 tuis
1976 3246 2077 3281 non
2119 3231 2405 3281 declinavi:

1422 3301 1542 3361 quia
1564 3305 1621 3348 tu
1645 3299 1802 3358 legem
1828 3295 2039 3356 posuisti
2062 3295 2209 3342 mihi.

1487 3362 1654 3422 Quam
1688 3359 1856 3409 dulcia
1893 3357 2121 3405 saucibus
2154 3355 2283 3403 meis
2314 3353 2408 3402 elo-

1423 3424 1544 3484 quia
1571 3426 1657 3470 tua
1683 3438 1694 3471 :
1717 3433 1867 3480 super
1887 3418 1986 3467 mel
2015 3418 2090 3465 ori
2115 3417 2262 3487 meo?

1489 3483 1539 3538 Α
1573 3483 1828 3539 mandatis
1860 3480 1962 3529 tuis
1995 3478 2212 3534 intellexi
2236 3491 2250 3526 ι
2271 3488 2410 3536 prop·
