2910 4457
581 348 663 409 52
1380 364 1547 405 rann
1588 363 1804 414 Quian

639 479 812 529 Gloria
846 478 1007 528 Patri.
1050 480 1113 525 A.
1148 476 1404 538 Quoniam
1438 477 1560 525 inte

577 542 782 590 contidit
802 542 974 590 anima
990 552 1120 588 mea.

892 601 1129 648 Psalmus
1151 599 1261 660 lvij.

580 664 663 770 si
693 676 807 712 vere
840 663 1014 722 utique
1038 660 1291 721 ,iustitiam
1318 660 1561 721 loquimi-
1639 670 1648 677 ·

647 726 701 773 ni
721 741 732 773 :
753 730 885 773 recta
903 723 1123 783 ,iudicate
1144 722 1237 770 filii
1267 723 1557 771 hominum.

639 786 841 835 Etenim
864 786 917 834 in
947 785 1094 834 corde
1122 783 1415 843 iniquitates
1443 797 1560 844 ope-

580 848 768 896 ramini
810 847 864 895 in
895 851 1027 894 terra
1066 861 1078 893 :
1111 845 1392 905 injustitias
1418 847 1559 895 enim

579 920 767 958 manus
798 913 976 957 vestrae
998 907 1321 955 concinnant.

641 969 862 1019 Alienati
883 975 1004 1018 sunt
1025 973 1304 1028 peccatores
1329 980 1357 1016 a
1381 968 1558 1027 vulva3

575 1037 872 1087 erraverunt
911 1031 975 1079 ab
1020 1035 1199 1079 utero:
1244 1030 1397 1078 locuti
1439 1034 1562 1078 sunt

581 1094 723 1142 falsa.

640 1155 804 1204 Furor
827 1154 928 1202 illis
954 1154 1234 1202 secundum
1265 1152 1563 1201 similitudi-

580 1230 696 1265 nem
726 1215 1003 1275 serpentisss
1026 1215 1158 1263 sicut
1178 1214 1368 1274 aspidis
1394 1215 1562 1264 surdae

579 1282 628 1326 et
648 1277 933 1326 obturantis
953 1288 1102 1325 aures
1121 1288 1259 1324 suas,

643 1339 769 1398 Quae
792 1352 892 1387 non
922 1338 1148 1387 exaudiet
1178 1349 1349 1386 vocem
1385 1336 1564 1385 incan«

580 1401 800 1449 tantium
824 1416 837 1449 :
859 1405 909 1449 et
929 1398 1138 1450 venefici
1157 1399 1468 1448 incantantis
1483 1411 1565 1447 sa-

575 1462 786 1522 pienter.

634 1525 772 1572 Deus
789 1528 1009 1572 conteret
1022 1523 1196 1571 dentes
1212 1534 1388 1570 eorum
1407 1523 1461 1570 in
1478 1534 1563 1571 ore

572 1585 799 1644 ipsorum
825 1603 837 1633 ι
862 1586 1022 1633 molas
1044 1585 1249 1633 leonum
1281 1584 1565 1644 confringet

573 1648 702 1695 DnS.

635 1707 717 1756 Ad
754 1707 974 1754 nibilum
1016 1706 1283 1755 devenient
1314 1710 1561 1765 tanquam

567 1780 701 1827 aqua
748 1768 1020 1816 decurrens
1065 1783 1078 1814 ε
1124 1767 1341 1815 intendit
1385 1778 1564 1814 arcum

568 1841 724 1876 suum
747 1829 903 1877 donec
925 1828 1276 1877 infirmentur.

631 1889 771 1938 Sicut
801 1902 912 1938 cera
932 1902 1045 1949 quae
1069 1890 1198 1949 ssuit,
1238 1888 1563 1938 auferentur:

569 1951 897 2059 sulpercecidit
920 1950 1056 2011 ignis
1075 1988 1088 2012 ‚
1108 1956 1156 2000 et
1186 1963 1287 1998 non
1326 1951 1566 1999 viderunt

572 2026 628 2061 so
648 2026 755 2062 em.

632 2075 946 2135 Priusquam
1008 2073 1346 2133 intelligerent
1404 2073 1565 2133 spinae

570 2141 748 2186 vestrm
791 2138 1073 2185 rhamnum
1107 2151 1119 2184 ε
1151 2136 1283 2184 sicut
1321 2135 1563 2196 viventes,

569 2198 714 2247 sicin
741 2198 816 2247 ira
838 2199 1068 2248 absorbet
1090 2210 1190 2247 eOS.

633 2261 909 2310 Laetabitur
922 2262 1095 2321 justus
1110 2273 1229 2309 cum
1253 2260 1436 2309 viderit
1450 2261 1567 2309 vin-

569 2322 760 2370 dictam
781 2338 794 2370 :
814 2335 1011 2371 manus.
1023 2335 1142 2371 suas
1162 2323 1347 2370 lavabit
1370 2323 1423 2370 in
1447 2335 1569 2371 san-

573 2383 729 2443 guine
761 2385 1053 2442 peccatoris,

633 2444 697 2493 Et
718 2445 850 2493 dicet
873 2445 1041 2502 hom0,
1067 2444 1121 2492 Si
1139 2444 1315 2504 utique
1334 2450 1410 2493 est
1432 2443 1569 2493 fruc-

569 2504 807 2564 tusjusto
829 2521 841 2552 ι
867 2505 1039 2565 utique
1070 2510 1144 2553 est
1174 2506 1310 2553 Deus
1332 2505 1569 2565 judicans

573 2579 660 2615 eos
685 2566 739 2614 in
763 2571 915 2614 terra.

876 2628 1120 2676 Psalmus
1137 2627 1268 2689 lviij.

580 2687 774 2801 Eripe
810 2702 891 2739 me
927 2690 990 2739 de
1021 2689 1245 2739 inimicis
1274 2689 1402 2738 meis
1434 2690 1569 2738 Deus

669 2764 812 2799 meus
852 2767 864 2801 :
897 2756 945 2801 et
976 2752 1040 2801 ab
1087 2751 1471 2812 insurgentibus
1515 2751 1568 2798 in

577 2825 657 2862 me
694 2814 849 2861 libera
877 2826 975 2861 me.

640 2873 790 2932 Eripe
809 2887 890 2921 me
905 2875 966 2923 de
981 2876 1303 2933 operantibus
1330 2874 1573 2934 iniquita-

578 2939 679 2981 tem
707 2950 720 2983 :
759 2940 808 2982 et
836 2936 898 2982 de
927 2935 1052 2984 viris
1087 2936 1400 2996 sanguinum
1435 2936 1572 2983 salva

580 3007 680 3042 me.

644 3055 776 3114 Quia
855 3066 965 3102 ecce
1030 3061 1268 3114 ceperunt
1342 3058 1573 3107 animam

582 3128 749 3165 meam
774 3131 787 3165 ε
813 3116 1075 3164 irruerunt
1098 3117 1150 3164 in
1174 3129 1257 3165 me
1279 3117 1447 3166 fortes.

646 3178 819 3237 Neque
842 3177 1087 3238 iniquitas
1116 3190 1246 3236 mea,
1280 3191 1440 3237 neque
1466 3191 1577 3237 pec-

580 3245 752 3292 catum
788 3251 960 3288 meum
991 3240 1099 3300 Dne
1124 3255 1136 3289 :
1168 3239 1278 3289 sinc
1309 3240 1577 3301 iniquitate

584 3300 806 3360 cucurri,
829 3306 878 3350 et
897 3301 1075 3350 direxi.

647 3363 847 3424 Exurge
883 3363 936 3411 in
977 3374 1241 3411 occursum
1287 3375 1490 3421 meum,
1529 3367 1580 3412 et

585 3426 700 3475 vide
718 3440 734 3534 :¹
748 3429 797 3474 et
805 3430 863 3473 tu
876 3426 985 3475 Dine
999 3426 1136 3474 Deus
1156 3425 1424 3485 virtutum,
1442 3425 1579 3475 Deus

583 3490 718 3538 Israe
741 3522 754 3536 .

1716 474 1931 524 Intende
1941 475 2006 524 ad
2029 475 2309 525 visitandas
2323 487 2503 525 omnes
2514 475 2657 526 Gen-

1656 540 1732 584 tes
1768 551 1781 586 :
1815 549 1915 584 non
1955 537 2241 586 miserearis
2281 539 2524 587 omnibus
2563 540 2661 600 qui

1657 603 1929 657 operantur
1948 598 2289 659 iniquitatem.

1719 658 2085 708 convertentur
2105 661 2167 709 ad
2191 672 2468 721 vesperam,
2506 665 2557 710 et
2582 661 2662 711 sa-

1656 732 1793 768 mem
1817 723 2070 779 patientur
2102 727 2160 769 ut
2181 734 2362 771 canes:
2386 727 2434 771 et
2464 722 2659 772 circui-

1657 781 1786 829 bunt
1811 783 2085 831 civitatem.

1719 843 1847 891 Ecce
1868 845 2138 903 loquentur
2159 844 2215 891 in
2236 857 2321 892 ore
2341 857 2451 903 suo,
2476 850 2524 893 et
2548 846 2662 906 gla-

1656 903 1775 1013 diths
1791 905 1843 952 in
1867 905 2013 954 labiis
2032 917 2209 956 eorum
2235 921 2249 956 ε
2270 907 2514 966 quoniam
2536 909 2664 968 quis

1660 977 1726 1014 au
1765 967 1891 1015 ivit?

1720 1026 1784 1075 Et
1805 1032 1861 1075 tu
1881 1029 1993 1077 Dne
2010 1028 2263 1077 deridebis
2277 1041 2361 1076 eos
2384 1043 2398 1078 ι
2422 1034 2472 1078 et
2492 1030 2557 1079 ad
2573 1031 2661 1080 ni-

1658 1088 1823 1137 hilum
1840 1090 2055 1139 deduces
2069 1103 2245 1138 omnes
2260 1090 2462 1139 Gentes.

1722 1150 2094 1199 Fortitudinem
2126 1164 2295 1200 meam
2317 1153 2380 1201 ad
2411 1157 2459 1201 te
2486 1158 2662 1202 custo-

1658 1210 1815 1270 diam,
1854 1213 1974 1272 quia
2006 1214 2142 1262 Deus
2176 1219 2432 1272 susceptor
2469 1226 2663 1266 meus:

1658 1273 1796 1322 Deus
1823 1286 1985 1333 meus,
2010 1275 2355 1324 misericordia
2390 1276 2505 1336 eJus
2529 1289 2665 1337 prae-

1661 1336 1826 1383 veniet
1848 1347 1947 1383 me.

1723 1397 1859 1444 Deus
1893 1398 2111 1446 ostendit
2131 1397 2257 1446 mihi
2289 1410 2439 1458 super
2476 1399 2662 1449 inimi-

1659 1469 1744 1506 cos
1764 1470 1929 1520 meos3
1954 1472 2016 1507 ne
2036 1460 2231 1508 occidas
2251 1472 2334 1508 eos
2353 1475 2366 1509 ε
2385 1463 2661 1522 nequando

1661 1519 2024 1568 obliviscantur
2047 1522 2217 1581 populi
2239 1521 2359 1569 mei.

1725 1581 1965 1641 Disperge
1979 1583 2091 1630 illos
2106 1583 2159 1629 in
2177 1583 2361 1631 virtute
2376 1587 2462 1630 tua
2481 1598 2494 1633 ε
2511 1587 2558 1631 et
2570 1584 2664 1633 de-

1662 1654 1790 1701 pone
1810 1656 1892 1692 eos
1920 1649 2162 1702 protector
2183 1657 2328 1692 meus
2347 1645 2475 1693 Dne.

1726 1704 1974 1753 Delictum
2003 1706 2106 1754 oris
2136 1718 2328 1765 eorum,
2366 1719 2660 1755 sermonem

1662 1763 1915 1813 labiorum
1944 1767 2170 1826 ipsorum
2206 1783 2219 1816 z
2252 1771 2300 1814 et
2327 1769 2663 1827 comprehen-

1662 1826 1851 1875 dantur
1875 1828 1926 1875 in
1949 1829 2187 1887 superbia
2203 1841 2312 1876 sua.

1725 1887 1789 1936 Et
1798 1889 1859 1938 de
1874 1891 2180 1938 execratione
2195 1895 2243 1939 et
2257 1891 2520 1939 mendacio
2538 1904 2551 1938 ι
2566 1903 2665 1940 an-

1665 1951 2039 1999 nuntiabuntur
2094 1952 2146 2000 in
2200 1952 2661 2001 consummatione.

1726 2013 1783 2060 In
1820 2013 1893 2060 ira
1948 2013 2427 2071 consummationis,
2461 2018 2511 2061 et
2554 2026 2662 2063 non

1664 2078 1814 2121 erunt
1830 2078 1901 2122 :et
1916 2074 2074 2122 scient
2088 2076 2208 2134 quia
2220 2075 2356 2123 Deus
2376 2075 2665 2125 dominabi-

1664 2139 1749 2182 tur
1770 2135 1937 2193 Jacob,
1956 2141 2004 2184 et
2026 2136 2208 2184 finium
2234 2141 2397 2185 terrae.

1728 2195 2092 2246 Convertentur
2114 2198 2177 2247 ad
2199 2209 2460 2258 vesperam
2474 2233 2487 2258 ,
2516 2202 2565 2247 et
2588 2198 2665 2248 fa-

1665 2270 1801 2306 mem
1834 2260 2086 2319 patientur
2114 2264 2169 2307 ut
2192 2272 2341 2308 canes
2372 2265 2455 2309 :et
2476 2261 2666 2309 circui-

1669 2319 1797 2367 bunt
1820 2321 2095 2369 civitatem.

1728 2382 1833 2442 Ipsi
1860 2382 2212 2443 dispergentur
2246 2383 2307 2431 ad
2345 2384 2667 2432 manducan-

1664 2443 1791 2491 dum
1827 2444 1907 2492 :si
1938 2456 2053 2492 vero
2077 2457 2177 2492 non
2201 2444 2391 2493 fuerint
2424 2447 2664 2505 saturati,

1665 2509 1715 2557 et
1734 2506 2150 2554 murmurabunt.

1728 2565 1835 2625 Ego
1864 2571 2032 2615 autem
2070 2567 2280 2615 cantabo
2314 2565 2664 2617 fortitudinem

1666 2631 1809 2675 tuam
1841 2643 1855 2678 :
1887 2633 1935 2676 et
1955 2628 2176 2677 exaltabo
2204 2640 2357 2677 mane
2376 2630 2669 2679 misericor-

1668 2688 1808 2737 diam
1825 2695 1985 2737 tuam.

1731 2750 1864 2809 Quia
1888 2751 2047 2798 sactus
2067 2763 2122 2799 es
2142 2755 2400 2809 susceptor
2421 2763 2599 2800 meus:
2618 2755 2668 2800 et

1671 2811 1925 2872 refugium
1943 2824 2115 2861 meum
2138 2813 2191 2860 in
2216 2813 2299 2861 die
2320 2812 2669 2861 tribulationis

1671 2885 1812 2921 meae.

1735 2934 1954 2993 AdJutor
1973 2947 2133 2993 meus,
2153 2933 2244 2982 tibi
2277 2935 2488 2993 psallam
2514 2935 2670 2995 :quia

1670 2996 1807 3044 Deus
1823 3002 2077 3054 susceptor
2096 3008 2240 3044 meus
2255 3009 2333 3057 es3
2351 2997 2488 3045 Deus
2501 3009 2669 3056 meuS,

1671 3056 2016 3106 misericordia
2041 3069 2173 3106 mea.

1735 3117 1907 3166 Gloria
1942 3119 2102 3167 Patri.
2144 3120 2208 3167 A.
2254 3118 2400 3167 Juste
2440 3119 2671 3180 judicate

1672 3179 1765 3227 filii
1782 3180 2067 3228 hominum.

1744 3285 1752 3292 .
1983 3242 2224 3290 Psalmis-5
2255 3242 2351 3291 lix.

1674 3315 1854 3412 Deus
1874 3303 2102 3362 repulisti
2139 3316 2254 3362 ιιοε,
2290 3309 2338 3352 et
2370 3301 2672 3353 destruxisti

1745 3378 1858 3473 bnos
1893 3365 2090 3415 :iratus
2128 3378 2183 3415 es
2218 3370 2268 3414 et
2319 3366 2564 3414 misertus
2614 3377 2673 3414 es

1677 3438 1742 3474 no
1778 3439 1840 3475 is.

1737 3486 2065 3536 Commovisti
2084 3492 2271 3536 terram
2293 3491 2341 3538 et
2355 3488 2674 3537 conturbasti
