2910 4457
718 3545 723 3548 .
814 3504 1010 3551 omnino
1035 3498 1432 3561 distinguendum
1457 3502 1665 3559 apparet.
1734 3494 1883 3542 Plura
1903 3492 2013 3540 vide
2032 3491 2065 3538 1.
2092 3505 2130 3538 c.

841 365 887 425 ii
1469 385 1792 429 Mommtm
1826 385 2207 429 GENERALE.

842 524 1064 572 textum
1105 534 1319 580 verum,
1363 523 1635 589 quantum
1675 517 1796 572 fieri
1833 525 2045 591 posset,
2093 517 2520 592 investigatione
2562 518 2868 576 laboriosa

839 620 1078 676 erutum,
1110 611 1182 668 ob
1210 610 1435 669 lectoris
1463 611 1657 667 oculos
1683 630 1913 686 ponere.

912 708 1006 763 De
1028 707 1095 762 iis
1113 713 1299 763 autem
1320 724 1462 780 quae,
1485 706 1556 762 de
1581 705 1870 781 Scriptura
1886 706 2060 764 Sacra
2080 715 2319 782 sumpta,
2338 708 2396 763 in
2417 708 2629 766 Sarisb.
2653 711 2853 775 aliter,

835 804 994 860 aliter
1033 804 1092 859 in
1129 802 1414 860 Breviario
1440 803 1710 873 ⁸Romano
1748 804 2027 879 legantur,
2063 804 2172 860 hoc
2210 804 2402 862 statim
2427 805 2485 861 in
2509 805 2854 864 universum

833 898 1145 956 monendus
1180 907 1268 956 est
1300 899 1498 964 lector,
1537 898 1866 956 varietatem
1900 899 2052 955 illam
2086 898 2216 956 inde
2262 901 2485 956 tantum
2524 904 2733 977 magna
2760 920 2856 959 ex
2909 958 2910 967 ,

830 1003 988 1067 parte
1036 1002 1218 1051 ortam
1263 995 1459 1059 videri,
1517 992 1669 1068 quod
1717 1014 1886 1069 quum
1929 993 2344 1051 Sarisburiense
2385 994 2600 1069 aliaque
2641 1003 2856 1056 vetera
2909 1008 2910 1025 ³

832 1090 1118 1145 Breviaria
1164 1108 1311 1163 saepe
1357 1089 1627 1145 lectiones
1674 1089 2031 1162 antiquioreS‚
2079 1090 2210 1144 licet
2263 1089 2451 1145 minsis
2496 1089 2567 1146 ad
2608 1090 2851 1147 literam

828 1184 1132 1259 archetypo
1170 1184 1450 1241 Hebraico
1490 1184 1582 1240 vel
1623 1183 1824 1239 Graeco
1862 1184 2286 1257 respondenteS‚
2325 1184 2619 1257 exprimat,
2657 1186 2843 1243 Rom.

828 1281 1161 1337 hodiernum
1189 1287 1403 1345 contra,
1434 1280 1672 1337 Concilii
1696 1279 2006 1336 Tridentini
2033 1288 2091 1336 et
2118 1296 2464 1336 summorum
2488 1281 2848 1338 Pontificum

829 1377 981 1440 cura,
1029 1376 1283 1450 plurimis
1325 1376 1384 1431 in
1425 1376 1565 1432 locis
1609 1375 1682 1432 ad
1724 1375 2128 1433 accuratiorem
2171 1394 2301 1432 cum
2341 1376 2658 1451 archetypis
2703 1377 2841 1434 istis

827 1491 1163 1528 consensum
1205 1480 1528 1529 revocatum
1583 1472 1674 1528 sit.
1772 1470 2042 1528 Similiter
2088 1478 2146 1528 et
2192 1472 2250 1527 in
2295 1471 2556 1547 Hymni&
2600 1489 2726 1545 quae
2779 1474 2842 1528 in
2909 1526 2910 1555 Χ

830 1568 1040 1624 Sarisb.
1088 1570 1188 1625 διο.
1227 1588 1385 1624 more
1412 1568 1704 1631 mediaevo,
1740 1568 2050 1625 secundum
2078 1575 2371 1625 accentum
2403 1568 2498 1639 (ne
2525 1568 2676 1624 hunc
2708 1570 2837 1642 cui·
2907 1572 2910 1615 Ι

829 1663 957 1718 dem
1004 1681 1224 1737 semper
1270 1663 1561 1735 Latinum)
1612 1665 1802 1738 potius
1853 1665 2021 1738 quam
2070 1663 2407 1739 syllabarum
2455 1662 2837 1736 quantitatem
2909 1650 2910 1665 ¹

827 1757 1082 1814 dimensa
1115 1760 1480 1833 reperiantur,
1512 1778 1577 1815 ea
1610 1778 1758 1834 saepe
1798 1760 1949 1834 apud
1987 1760 2306 1815 Romanum
2343 1758 2417 1813 ad
2455 1758 2727 1814 accurati<
2745 1778 2835 1815 res

822 1860 1132 1909 metrorum
1157 1855 1315 1929 leges
1343 1862 1542 1911 exacta
1569 1864 1731 1911 sunt:
1776 1874 1827 1912 e.
1859 1875 1918 1930 g.
1948 1874 2051 1929 pro
2077 1854 2317 1911 lectione
2346 1853 2725 1934 Sarisb.—-3·el
2746 1857 2834 1910 οάι

826 1950 881 2004 in
931 1950 1072 2005 omni
1123 1950 1315 2006 Gloria
1361 1952 1553 2007 mundo
1604 1953 1797 2021 (metr.
1842 1950 2093 2025 Sapph.:
2134 1951 2197 2006 P.
2234 1953 2258 2006 1
2305 1951 2415 2021 b.⁰)
2460 1949 2608 2023 apud
2651 1949 2828 2009 Rom.

822 2045 1155 2102 hodiernum
1198 2053 1451 2104 correcto
1495 2056 1678 2104 metro
1719 2047 2192 2122 legitur—reboat
2222 2065 2329 2121 per
2374 2064 2573 2101 omnem
2632 2046 2719 2102 Gh
2745 2050 2830 2104 ria

819 2143 1086 2198 mundum.
1127 2174 1208 2184 —
1247 2142 1505 2218 Ipsarum
1549 2152 1736 2200 autem
1775 2143 2079 2200 lectionum
2118 2141 2452 2198 variantium
2495 2141 2717 2217 Catalog
2744 2163 2826 2208 us,

820 2246 939 2293 tam
967 2258 1160 2296 eorum
1189 2259 1331 2314 quae,
1362 2241 1561 2297 saltem
1599 2259 1672 2297 ex
1708 2239 1997 2315 Scriptura
2025 2236 2217 2303 Sacra,
2250 2238 2309 2293 in
2346 2238 2603 2293 Romano
2642 2238 2715 2294 ali
2744 2260 2823 2303 rer,

821 2334 983 2389 aliter
1021 2334 1079 2390 in
1116 2335 1403 2390 Breviario
1433 2335 1836 2392 Sarisburiensi
1862 2337 2141 2409 legantur,
2181 2336 2350 2408 quam
2385 2351 2580 2389 eorum
2613 2352 2713 2406 que
2744 2365 2747 2386 e
2776 2338 2822 2392 in

818 2428 956 2501 ipsis
989 2429 1144 2485 libris
1174 2428 1679 2486 Sarisburiensibus
1723 2430 1844 2485 aliis
1883 2429 2044 2485 aliter
2080 2429 2196 2502 legi
2231 2428 2624 2490 notaverimus,
2655 2431 2711 2486 al
2744 2451 2819 2489 so·

821 2528 941 2583 luto
969 2526 1197 2583 demum
1223 2532 1402 2589 textu,
1434 2526 1506 2582 ad
1533 2526 1742 2581 calcem
1768 2525 1944 2582 totius
1971 2524 2154 2598 operis
2182 2523 2524 2598 adjiciendus
2551 2522 2680 2580 erit.

898 2625 984 2681 De
1013 2625 1175 2682 tex'tu
1203 2631 1392 2681 autem
1418 2623 1540 2698 ipso
1565 2624 1676 2679 hoc
1702 2622 1975 2697 imprimis
1999 2622 2268 2678 lectorem
2296 2620 2643 2677 admonitum
2660 2642 2702 2678 v
2744 2625 2817 2680 lu-

818 2742 962 2787 muS,
992 2729 1292 2777 consuetos
1318 2720 1490 2776 fuisse
1525 2719 1768 2775 editores
1805 2718 2063 2792 antiquos
2075 2714 2116 2782 ⁶,
2145 2736 2277 2781 non,
2308 2724 2370 2772 ut
2389 2716 2576 2780 hodie,
2607 2735 2703 2774 om
2744 2720 2817 2783 da,

817 2816 1171 2891 quantumvis
1199 2814 1444 2889 cognita,
1478 2814 1650 2870 semel
1678 2815 1896 2878 saltem,
1920 2821 1976 2868 et
1997 2813 2107 2868 hoc
2129 2820 2262 2886 apto
2288 2812 2431 2875 loco,
2454 2812 2620 2886 pleno
2647 2832 2701 2868 v«
2744 2835 2814 2871 :a-

815 2913 1075 2970 bulorum
1122 2931 1357 2968 numero
1400 2910 1733 2974 describere,
1779 2909 1909 2965 alibi
1951 2915 2141 2965 autem
2193 2906 2525 2982 paginarum
2569 2925 2699 2963 num
2744 2910 2814 2965 ris

810 3011 975 3085 plene
1006 3008 1284 3082 descripta
1306 3006 1754 3071 indicare,—sed
1781 3006 2035 3079 quaedam
2062 3022 2132 3060 ne
2160 3003 2335 3059 semel
2355 3002 2579 3076 quidem
2604 3001 2668 3058 in
2744 3014 2812 3061 >to

873 3184 893 3206 ‘²
932 3177 973 3224 I.
999 3192 1038 3224 e.
1080 3173 1303 3223 Psalterii
1325 3174 1412 3222 &c.
1438 3188 1483 3235 p.
1514 3174 1556 3219 1.
1582 3172 1671 3219 col.
1696 3175 1741 3219 2.

875 3256 897 3286 ‘¹
934 3258 1013 3305 Ab
1046 3258 1139 3304 isto
1169 3256 1366 3318 quidem
1397 3253 1569 3302 edendi
1602 3268 1733 3300 more
1769 3252 1950 3300 recedit
1987 3250 2224 3299 Breviarii
2265 3246 2631 3296 Sarisburiensis
2666 3262 2691 3294 e
2744 3251 2811 3298 itio

810 3357 934 3389 una:
961 3356 1005 3387 v.
1030 3355 1075 3402 p.
1107 3338 1172 3395 vi,
1196 3337 1291 3385 vii:
1319 3338 1491 3384 verum
1519 3335 1645 3383 hanc
1667 3334 1926 3381 editionem
1950 3333 2009 3379 ob
2033 3346 2227 3379 caussas
2248 3328 2429 3376 ibidem
2458 3335 2689 3375 memorat
2744 3346 2762 3377 s
2792 3344 2810 3375 ι

812 3421 1060 3470 Breviario
1085 3416 1429 3466 Sarisburiensi
1457 3417 1700 3473 Communi,
1725 3413 1854 3476 quod
1875 3412 2098 3460 editionis
2120 3418 2310 3459 nostrae=
2332 3406 2505 3456 merito
2535 3413 2687 3455 textui
2744 3416 2812 3464 ist,
