2910 4457
937 413 1010 451 An
1034 404 1247 451 rrum
1270 413 1564 451 Anmnc'ro.
2151 391 2244 454 xxi

230 565 345 602 non
366 548 667 617 legebatur,
692 548 724 575 ‘⁴
744 543 1009 615 quotidie’'
1043 554 1222 598 tamen
1256 543 1531 598 scribenda
1553 550 1695 596 erat:
1732 560 1780 595 v.
1816 542 1922 597 off.
1946 543 2089 597 feriae
2125 550 2158 597 5
2183 546 2237 597 in

233 623 418 688 Coena
445 634 588 686 D'ni.

308 721 385 773 In
419 721 587 790 ipsius
622 724 804 771 autem
838 717 979 770 feriae
1015 721 1048 769 5
1084 718 1141 769 in
1174 716 1345 770 Coena
1379 716 1505 768 D’ni
1541 715 1723 769 Officio
1758 717 2053 786 Capitulari
2095 717 2240 769 “Le-

232 808 394 860 tania
431 815 485 860 et
518 804 737 857 tabula''
772 804 1138 872 martyrologio
1173 803 1408 873 praeponi
1442 801 1703 866 videntur,
1735 803 1876 871 quod
1909 812 2104 866 tamen,
2142 804 2238 855 eti-

234 893 383 946 amsi
404 891 649 944 Rubricae
681 891 836 942 verba
866 898 986 942 sunt
1012 893 1044 918 “
1064 888 1289 940 Lemnia
1323 897 1371 939 et
1404 887 1572 939 tabula
1605 907 1741 940 more
1773 890 1917 940 solito
1954 888 2241 957 leyantur’',

239 996 357 1031 non
380 979 550 1047 magis
574 976 639 1029 de
660 976 841 1029 tabula
879 975 949 1027 ad
973 974 1086 1027 dies
1117 975 1247 1027 alios
1276 974 1415 1027 trahi
1449 975 1620 1039 debet,
1643 976 1805 1044 quam
1838 975 1904 1028 de
1935 976 2235 1039 Litania,-

243 1081 418 1133 quam
449 1080 479 1115 e
502 1063 640 1116 feriae
676 1067 727 1114 2.
765 1061 966 1115 hebd’ae
1009 1066 1057 1112 1.
1088 1061 1195 1112 XL
1222 1061 1467 1113 Rubricis
1500 1067 1707 1113 constat
1739 1078 1846 1114 non
1882 1060 1950 1113 ad
1986 1060 2237 1126 Primam,

238 1147 436 1202 verum
470 1157 578 1217 post
611 1148 846 1201 Tertiam
880 1146 1312 1216 (praecedentibus
1353 1146 1579 1200 Psalmis
1614 1146 1991 1215 Gradualibus)
2029 1148 2095 1199 ab
2137 1148 2238 1200 ista

241 1233 387 1288 feria
408 1238 442 1285 2
466 1251 623 1303 usque
647 1234 716 1287 ad
740 1233 967 1286 Coenam
992 1233 1132 1296 D'ni,
1149 1234 1561 1302 quotiescunque
1585 1233 1651 1286 de
1674 1232 1806 1286 feria
1828 1243 2087 1303 ageretur,
2105 1250 2238 1286 sem-

238 1337 343 1390 per
387 1319 661 1372 dicendam
706 1319 1263 1388 fuisse;—praesertim
1310 1335 1481 1388 quum
1529 1328 1583 1373 et
1629 1321 1683 1372 in
1732 1318 1835 1371 off.
1887 1320 2066 1372 Heres.
2123 1328 2239 1388 post

237 1416 526 1475 utramque
573 1405 787 1457 demum
829 1403 1134 1457 Orationem
1171 1404 1530 1473 capitularem
1580 1413 1634 1458 et
1669 1405 1807 1473 (quae
1841 1407 1899 1457 in
1941 1405 2094 1457 Brev.
2137 1407 2238 1457 isto

237 1495 427 1548 statim
452 1493 712 1562 sequitur:
748 1509 797 1543 v.
823 1492 1000 1561 supra)
1025 1491 1306 1544 lectionem
1329 1508 1396 1543 ex
1419 1491 1681 1555 Homilia,
1703 1493 1885 1544 tabula
1905 1491 2132 1560 legenda
2154 1491 2235 1543 sit.

317 1580 387 1632 In
431 1579 617 1633 Officio
656 1586 834 1632 autem
876 1577 1268 1641 Herefordensi,
1304 1586 1422 1647 post
1461 1579 1698 1631 tabulam
1737 1579 1931 1632 lectam
1972 1579 2161 1641 obitus,
2197 1580 2240 1631 si

238 1666 364 1734 quis
398 1674 658 1728 evenerat,
690 1664 1109 1733 pronuntiandus
1139 1671 1276 1717 erat:
1316 1671 1498 1735 postea
1532 1664 1671 1729 vero,
1706 1666 1812 1718 sive
1845 1665 2030 1718 fuisset
2062 1665 2237 1718 obitus

240 1753 356 1804 sive
387 1756 511 1815 non,
537 1751 624 1803 Ps.
659 1750 746 1801 De
770 1751 1055 1822 profundis
1088 1750 1161 1819 (p.
1197 1756 1259 1803 91
1297 1752 1351 1819 b)
1385 1766 1478 1821 pro
1512 1750 1769 1805 defunctis
1800 1751 2066 1805 dicendus.
2124 1751 2230 1813 Qui

245 1836 469 1905 quidem
505 1836 747 1890 Psalmus
787 1852 955 1906 quum
996 1838 1052 1890 in
1090 1836 1196 1890 off.
1235 1836 1425 1890 Sarisb.
1469 1837 1538 1905 (v.
1581 1838 1666 1890 Pr.
1708 1843 1767 1891 ll
1809 1855 1857 1891 a.
1895 1855 2018 1891 cum
2053 1847 2230 1890 annot.

170 1969 195 1990 ,
239 1922 445 1990 nostra)
478 1931 596 1993 post
627 1922 843 1975 Nonam
875 1922 1089 1975 demum
1117 1923 1295 1976 locum
1326 1923 1584 1987 habuerit,
1610 1923 1839 1976 dubitari
1870 1931 2042 1992 potest
2074 1939 2141 1975 an
2175 1924 2232 1974 in

242 2007 349 2062 Off.
388 2010 479 2063 illo
519 2018 640 2080 post
679 2011 914 2063 tabulam
952 2011 1145 2064 lectam
1183 2009 1356 2081 (velut
1394 2011 1630 2080 ejusdem
1671 2008 1964 2080 appendix)
2007 2027 2076 2063 an
2116 2018 2235 2079 post

242 2094 455 2147 Horam
477 2096 634 2148 istam
658 2103 781 2148 ante
805 2095 1076 2149 Psalmum
1101 2097 1276 2150 obitus
1299 2113 1506 2165 quoque
1529 2094 1905 2165 pronuntiandi
1927 2095 2139 2147 fuerint.

315 2182 430 2234 sine
451 2180 600 2249 ηοιᾶ]
629 2182 675 2235 Ι.
702 2200 747 2236 e.
774 2180 857 2249 (ut
878 2182 1102 2251 videtur)
1127 2183 1239 2234 sine
1260 2182 1544 2234 variatione
1566 2180 1781 2232 musica,

320 2268 522 2321 Levavi
557 2268 675 2337 &c.]
717 2269 802 2322 De
834 2286 944 2322 uno
973 2269 1065 2339 (ut
1087 2267 1324 2337 videtur)
1352 2268 1512 2337 hujus
1542 2266 1717 2319 Officii
1739 2283 1895 2336 scopo
1917 2284 1964 2319 V.
1989 2266 2059 2319 ad
2082 2268 2236 2320 verba

244 2357 410 2419 “post
436 2351 659 2405 tabulam
683 2353 905 2419 lectam'',
929 2372 981 2424 p.
1006 2372 1099 2407 xx.

315 2439 383 2493 Ρ.
406 2444 478 2493 25
504 2458 550 2493 a.
576 2439 807 2508 Sancto]
836 2443 982 2496 Corr.
1007 2454 1187 2495 sancto
1212 2443 1268 2510 (i.
1294 2460 1334 2495 e.
1358 2443 1511 2513 loco).

310 2535 378 2580 ut
400 2525 609 2580 reddita
631 2529 728 2581 sibi
753 2530 978 2583 sanitate
1003 2528 1136 2599 &c.]
1175 2530 1239 2582 V.
1265 2548 1423 2600 supra
1444 2530 1514 2584 ad
1536 2547 1588 2600 p.
1612 2535 1681 2583 24
1705 2533 1757 2585 b.
1783 2531 1854 2601 (p.
1876 2529 1997 2600 xx.)

309 2613 417 2666 Per
440 2612 735 2687 Christum]
761 2616 812 2668 I.
837 2635 878 2669 e.
904 2616 1008 2670 Per
1031 2617 1300 2674 Christum
1325 2619 1618 2677 Dominum
1639 2628 1890 2677 nostrum.
1926 2619 2118 2672 Amen.

310 2700 456 2753 Ante
480 2699 862 2755 “Benedicite”
891 2702 1035 2772 (post
1062 2703 1345 2762 lectionem
1365 2706 1608 2762 brevem:
1649 2721 1704 2757 v,
1728 2705 1798 2758 ad
1819 2721 1874 2774 p.
1898 2709 1967 2756 24
1989 2704 2053 2773 b)
2082 2704 2237 2759 Brev.

236 2784 397 2838 Rom.
448 2785 672 2838 inseritz'
708 2788 823 2843 ⁶⁶35.
866 2787 1204 2856 Adjutorium
1245 2797 1484 2846 nostrum
1523 2790 1580 2842 in
1628 2790 1840 2844 nomine
1888 2789 2122 2846 Domini.
2164 2794 2238 2848 ³3.

237 2870 348 2933 Qui
371 2869 502 2924 fecit
524 2870 715 2924 coelum
739 2878 792 2923 et
813 2873 1051 2926 terram.”

308 2954 668 3023 Benedicite.]
713 2956 951 3012 Fortasse
990 2960 1131 3012 idem
1167 2960 1274 3014 fere
1316 2961 1457 3031 quod
1505 2960 1898 3016 benedictionem
1936 2975 2203 3035 apprecate
2227 2988 2244 3019 :

237 3044 325 3096 cui
367 3042 653 3112 respondet
681 3042 902 3108 ChoruS,
924 3045 1186 3099 Dominus
1222 3046 1298 3114 (in
1341 3048 1497 3101 BreV.
1534 3046 1687 3100 Rom.
1721 3048 1919 3115 Deus),.
1940 3051 1974 3101 i.
2013 3068 2057 3103 e.
2095 3051 2243 3104 D’ne.

238 3133 342 3199 (vel
379 3131 549 3200 Deus)
586 3150 678 3183 nos
720 3131 994 3186 benedicat.
1079 3134 1254 3189 Verba
1300 3145 1478 3189 autem
1525 3154 1645 3206 quoe
1699 3146 2003 3207 sequuntur,
2052 3140 2245 3207 quibus

242 3216 502 3270 Sacerdos
547 3216 970 3272 benedictionem
1020 3221 1240 3273 Domini
1296 3223 1489 3291 populo
1537 3223 1802 3293 dispensat
1849 3222 1901 3290 (“
1922 3223 1991 3275 In
2033 3225 2246 3277 nomine

241 3302 434 3368 PatriS,
467 3311 522 3357 et
555 3302 700 3369 Filii,
732 3314 788 3359 et
819 3305 1048 3380 Spiritus
1082 3307 1280 3361 Sancti.
1318 3305 1589 3379 Amenh33
1621 3318 1731 3362 tam
1767 3309 2045 3363 Sacerdote
2078 3311 2241 3379 quam

304 3423 329 3457 Β
362 3426 429 3478 In
465 3425 753 3491 hujusmodi
793 3425 1083 3488 quibusdam
1110 3428 1335 3481 formulis
1368 3434 1471 3475 tam
1503 3429 1563 3480 ab
1594 3428 1700 3491 ipso
1735 3428 1989 3483 Sacerdote
2027 3433 2175 3489 quam
2212 3444 2242 3479 a

245 3504 403 3557 Choro
425 3504 705 3559 addendum
723 3506 915 3556 videtur
937 3509 1082 3557 Amen
1098 3526 1118 3564 ,-
1151 3508 1560 3577 quemadmodum
1582 3516 1629 3563 et
1649 3509 1702 3563 in
1723 3510 1866 3562 Libro
1886 3508 2085 3561 Precum
2110 3509 2238 3561 Com*
