2910 4457
602 398 684 460 66
822 374 825 377 Ι
1428 416 1596 456 ηιμ
1634 414 1836 466 omma

668 528 725 581 81
763 533 934 579 autem
975 528 1031 578 in
1080 526 1418 588 potentatibus
1460 533 1599 576 octo-

1755 525 1947 578 Mislstl
1961 526 2090 575 lram
2110 529 2254 576 tuam
2266 562 2281 584 ‚
2295 537 2408 586 quae
2423 525 2689 575 devoravit

606 592 749 655 ginta
764 591 923 642 anni:
952 597 1002 640 et
1022 591 1242 651 amplius
1257 603 1432 640 eorum
1459 591 1599 639 labor
1693 601 1779 638 eos
1796 589 1927 637 sicut
1946 588 2185 648 stipulam
2212 603 2225 636 :
2247 588 2370 636 etin
2392 587 2578 648 spiritu
2600 588 2681 636 l'u-

608 661 657 706 et
677 654 840 704 dolor.
1499 700 1502 703 .

668 714 925 776 Quoniam
935 713 1226 774 supervenit
1236 714 1571 764 mansuetudo
1584 728 1598 762 τ

608 782 658 828 et
679 775 1031 837 corripiemur.

673 839 802 900 Quis
819 837 960 886 novit
981 841 1272 896 potestatem
1295 837 1383 888 irae
1397 843 1498 888 tuae
1522 852 1536 887 ι
1553 841 1603 886 et

609 915 712 962 prae
734 900 917 949 timore
935 904 1023 947 tuo
1045 899 1175 948 iram
1201 906 1342 949 tuam
1363 901 1603 950 dinume-

612 965 760 1012 rare?

673 1025 939 1073 Dexteram
960 1028 1101 1072 tuam
1125 1021 1199 1072 sic
1221 1029 1393 1072 notam
1415 1022 1494 1072 sac
1518 1038 1531 1069 r
1555 1027 1604 1071 et

612 1086 837 1136 eruditos
858 1087 1005 1135 corde
1026 1085 1079 1132 in
1105 1085 1367 1144 sapientia.

674 1148 972 1197 Convertere
993 1148 1106 1195 Due
1135 1158 1398 1207 usquequo
1424 1151 1504 1196 :et
1520 1148 1605 1196 ‹ie-

613 1210 876 1272 precahilis
895 1213 999 1257 esto
1019 1220 1169 1267 super
1191 1220 1362 1257 servos
1377 1213 1509 1257 tuos·

677 1270 872 1332 Repleti
895 1281 1078 1318 sumus
1098 1282 1248 1318 mane
1261 1269 1607 1320 misericordia

618 1339 703 1382 tua
732 1348 745 1380 :
769 1339 817 1383 et
839 1330 1180 1381 exultavimus
1199 1338 1249 1381 et
1272 1332 1502 1381 delectati
1523 1345 1609 1381 su-

617 1407 735 1444 mus
755 1393 996 1444 omnibus
1015 1392 1193 1442 diebus
1214 1394 1419 1443 nostris.

678 1456 856 1506 Laetati
888 1466 1069 1504 sumus
1099 1466 1190 1515 pro
1211 1456 1390 1506 diebus
1422 1455 1611 1517 quibus

622 1531 714 1567 nos
735 1516 1020 1566 humiliasti
1054 1531 1067 1565 ι
1093 1517 1246 1566 annis
1267 1518 1455 1581 quibus
1477 1517 1611 1567 vidi-

619 1593 738 1629 mus
758 1582 912 1630 mala.

683 1642 892 1702 Respice
912 1640 966 1689 in
988 1651 1158 1690 servos
1178 1644 1295 1689 tuos
1314 1646 1362 1691 et
1383 1642 1438 1690 in
1462 1653 1613 1702 opera

620 1708 740 1752 tua:
764 1709 812 1752 et
827 1703 990 1763 dirige
1011 1702 1142 1750 filios
1162 1715 1357 1751 eorum.

684 1765 750 1813 Et
770 1765 838 1812 sit
857 1765 1092 1824 splendor
1113 1764 1214 1814 Dfii
1236 1763 1329 1813 Dei
1351 1765 1513 1812 nostri
1528 1777 1616 1814 su-

622 1834 710 1886 per
721 1838 830 1886 nos3
841 1832 888 1874 et
898 1838 1044 1885 opera
1055 1836 1309 1874 manuum
1321 1831 1614 1876 nostrarum

620 1886 784 1947 dirige
804 1899 954 1946 super
976 1899 1069 1934 nos
1096 1902 1108 1935 :
1131 1892 1180 1936 et
1203 1900 1330 1947 opus
1361 1899 1613 1936 manuum

622 1954 913 1998 nostrarum
933 1947 1115 2010 dirige.

686 2010 859 2061 Gloria
893 2010 1052 2060 Patri.
1095 2012 1159 2060 A.
1203 2011 1315 2060 Dfie
1355 2008 1612 2072 refugium

624 2072 786 2122 sactus
800 2085 854 2123 es
876 2073 1037 2121 nobis,

686 2135 750 2183 A.
762 2137 821 2184 ln
833 2134 1116 2195 matutinis,
1127 2135 1254 2194 Due,
1266 2133 1547 2185 meditabor
1560 2134 1615 2184 in

624 2201 692 2247 tc.
714 2197 809 2248 Ps.
827 2199 962 2248 Deus
983 2197 1119 2247 Deus
1138 2210 1301 2247 meus·
1324 2198 1390 2258 (p.
1412 2196 1511 2259 12.)

724 2259 996 2308 Canticum
1015 2260 1190 2321 Moysi
1210 2279 1224 2308 .·
1246 2260 1419 2308 Eoeodt‘
1437 2272 1531 2310 oev.

697 2326 869 2370 antem
908 2335 934 2371 s
955 2323 1095 2383 Dr‘103
1128 2322 1340 2383 gloriose
1360 2320 1498 2371 enim
1519 2334 1622 2372 ma·

701 2384 884 2443 gnifica
910 2396 970 2432 us
985 2389 1059 2431 est
1077 2396 1297 2443 :equum
1321 2389 1369 2433 et
1388 2396 1621 2433 ascenso-

629 2457 738 2492 rem
762 2445 971 2506 projecit
991 2443 1045 2492 in
1068 2457 1226 2493 mare.

690 2505 956 2554 Fortitudo
976 2518 1085 2552 mea
1109 2511 1157 2553 et
1186 2507 1298 2554 laus
1326 2516 1439 2555 mea
1472 2506 1581 2555 Diis
1606 2522 1620 2555 ε

630 2570 680 2615 ct
702 2566 862 2614 factus
876 2572 951 2614 est
971 2566 1100 2614 mihi
1122 2564 1174 2613 in
1197 2567 1430 2615 salutem.

691 2628 793 2678 Iste
848 2629 986 2677 Deus
1027 2640 1198 2688 meuS‚
1239 2632 1288 2678 et
1332 2627 1621 2689 glorificabo

629 2702 749 2739 eum
777 2705 790 2739 z
823 2690 959 2740 Deus
988 2690 1146 2751 patris
1178 2690 1297 2751 mei,
1320 2695 1370 2741 et
1397 2691 1622 2740 exaltabo

629 2765 766 2801 eum.

692 2814 804 2863 Diis
847 2814 996 2875 quasi
1037 2814 1115 2863 vir
1162 2820 1445 2876 pugnator3
1490 2814 1625 2864 Om-

634 2876 866 2946 nipotens
887 2889 1069 2925 nomen
1094 2877 1206 2937 eJus
1239 2894 1252 2926 :
1280 2889 1462 2926 currus
1482 2877 1625 2926 Pha-

633 2950 807 2985 raonis
826 2943 875 2985 et
894 2938 1164 2987 exercitum
1195 2939 1306 2999 ejus
1336 2939 1547 3000 projecit
1568 2939 1623 2987 in

633 3009 793 3046 marc.

666 3058 854 3107 (Electi
867 3058 1115 3118 principes
1124 3060 1167 3118 ej
1174 3072 1234 3108 us
1248 3061 1626 3111 submersisunt

632 3120 689 3169 in
720 3118 855 3169 mari
877 3120 1052 3169 Rubro
1085 3136 1097 3169 :
1130 3122 1295 3181 abyssi
1317 3128 1627 3182 operuerunt

632 3195 741 3241 eoS,
788 3183 1153 3231 descenderunt
1209 3183 1263 3231 in
1316 3184 1626 3245 profundum

636 3243 783 3307 quasi
805 3244 951 3303 lapis.

700 3306 910 3354 Dextera
942 3312 1029 3356 tua
1054 3308 1164 3356 Dne
1193 3306 1518 3368 magnificata
1552 3313 1630 3358 est

640 3368 694 3416 in
749 3367 1041 3419 fortitudine
1060 3407 1072 3428 ‚
1127 3371 1327 3419 dextera
1378 3375 1465 3419 tua
1519 3371 1629 3420 Dfie

639 3430 887 3492 percussit
910 3431 1178 3480 inimicum
1207 3448 1219 3480 ε
1241 3433 1367 3481 etin
1390 3432 1625 3481 multitu-

640 3493 760 3541 dine.
782 3492 952 3554 gloria}
976 3499 1072 3545 tuae
1094 3494 1365 3556 deposuisti
1388 3496 1630 3546 adversa-

641 3555 745 3605 rios
765 3560 895 3606 tuos,

1696 649 1827 700 roris
1848 650 1921 699 tui
1944 655 2255 711 congregatae
2269 654 2390 699 sunt
2409 661 2573 711 aquae.

1758 712 1905 762 Stetit
1939 712 2077 761 unda
2118 713 2283 761 fluens
2326 726 2338 760 z
2370 715 2690 772 congregatae

1696 779 1819 824 sunt
1831 774 1999 835 abyssi
2019 774 2072 822 in
2095 773 2261 823 medio
2280 773 2431 822 mari.

1760 835 1896 884 Dixit
1910 835 2153 884 inimicus
2163 871 2177 892 ‚
2196 837 2471 897 Persequar
2486 837 2535 884 et
2549 846 2692 884 com-

1698 898 2004 958 prehendam
2032 913 2044 946 :
2067 897 2292 946 dividam
2308 898 2493 959 spolia3
2509 896 2692 957 imple·-

1698 959 1836 1008 bitur
1858 960 2031 1008 anima
2051 973 2182 1009 mea.

1761 1022 2051 1082 Evaginabo
2070 1021 2294 1083 gladium
2312 1032 2486 1071 meum
2505 1036 2519 1070 :
2541 1025 2591 1070 et
2616 1021 2692 1070 in·

1702 1083 1913 1133 terfieiet
1928 1097 2011 1132 eos
2034 1096 2220 1132 manus
2240 1096 2370 1132 mea.

1762 1145 1929 1194 Flavit
1946 1145 2156 1206 spiritus
2175 1151 2313 1206 tum,
2328 1150 2377 1194 et
2397 1143 2594 1204 operuit
2606 1157 2693 1194 eos

1624 1249 1627 1252 ,
1702 1219 1844 1257 mare
1877 1223 1889 1256 :
1928 1207 2182 1256 submersi
2202 1212 2324 1256 sunt
2344 1206 2491 1267 quasi
2519 1207 2694 1268 plum-

1701 1270 1825 1318 bum
1847 1269 1901 1318 in
1918 1269 2065 1329 aquis
2084 1269 2483 1318 vehementibuS.

1768 1331 1898 1391 Quis
1918 1331 2104 1380 similis
2132 1331 2208 1380 tui
2238 1331 2292 1378 in
2319 1330 2531 1379 sortibus
2552 1330 2703 1381 Dite?

1704 1393 1823 1455 quis
1844 1393 2029 1442 similis
2049 1393 2143 1451 tui,
2160 1394 2465 1454 magnificus
2477 1392 2533 1440 in
2551 1404 2707 1441 sanc-

1706 1457 1846 1504 titate
1858 1492 1873 1515 ‚
1904 1454 2144 1504 terribilis
2168 1461 2320 1517 atque
2341 1454 2641 1514 laudabilia,
2658 1460 2710 1504 et

1710 1517 1896 1566 faciens
1917 1517 2205 1566 mirabilia?

1774 1578 2055 1628 Extendisti
2076 1591 2290 1628 manum
2306 1584 2449 1628 tuam
2468 1594 2482 1629 ε
2501 1582 2551 1628 et
2564 1577 2714 1629 devo-

1713 1641 1846 1690 ravit
1872 1653 1955 1690 eos
1976 1646 2128 1690 terra.

1775 1704 1885 1752 Dux
1906 1702 2042 1751 ruisti
2060 1704 2112 1751 in
2124 1701 2468 1752 misericordia
2491 1707 2607 1752 tua:
2627 1713 2717 1763 pc-

1713 1765 1831 1825 pulo
1846 1777 1997 1826 quem
2019 1763 2293 1813 redemisti.

1774 1826 1840 1876 Et
1851 1827 2062 1886 portasti
2077 1839 2194 1875 eum
2208 1827 2261 1874 in
2280 1824 2576 1875 fortitudine
2592 1831 2684 1874 tm
2701 1840 2715 1875 ε

1711 1888 1775 1938 ad
1793 1887 2139 1937 babitaculum
2162 1893 2396 1936 sanctum
2414 1892 2583 1935 tuum.

1777 1950 2135 2000 Ascendet-unt
2157 1949 2347 2009 populi,
2359 1954 2409 1997 et
2423 1949 2541 1998 irati
2552 1955 2682 1998 sunt
2699 1965 2714 1998 ι

1712 2013 1909 2122 ἀοΙξπθε
1929 2012 2262 2061 obtinuerunt
2277 2010 2585 2060 habitatores
2599 2011 2718 2061 Phi·

1712 2075 1792 2123 list
1818 2074 1909 2122 im.

1776 2137 1923 2185 Tunc
1964 2134 2250 2184 conturbati
2296 2138 2420 2183 sunt
2455 2132 2718 2194 principes

1714 2198 1877 2248 Edom
1894 2235 1908 2258 ‚
1935 2197 2167 2247 robustos
2187 2197 2340 2251 Moab
2362 2195 2584 2246 obtinuit
2612 2201 2719 2247 tre-

1716 2273 1827 2311 mor
1868 2274 1882 2308 :
1921 2259 2253 2320 obriguerunt
2294 2272 2472 2309 omnes
2513 2259 2719 2309 habita-

1716 2327 1849 2371 tores
1871 2322 2132 2371 Chanaan.

1781 2386 1951 2433 Irruat
1966 2396 2115 2443 super
2132 2395 2214 2432 eos
2237 2382 2449 2432 formido
2465 2387 2516 2432 et
2527 2394 2717 2443 pavor:

1718 2446 1772 2496 in
1797 2445 2152 2506 magnitudine
2172 2445 2367 2493 brachii
2382 2446 2476 2494 tui.

1780 2507 1932 2557 Fiant
1963 2506 2247 2556 immobiles
2268 2507 2414 2567 quasi
2432 2507 2561 2566 lapis
2585 2521 2597 2556 t
2621 2508 2717 2556 do-

1720 2582 1811 2618 nec
1840 2573 2150 2629 pertranseat
2192 2570 2407 2629 populus
2431 2574 2553 2617 tuus
2576 2569 2716 2630 Di'ie3

1719 2632 1877 2680 donec
1898 2636 2209 2691 pertranseat
2229 2632 2444 2692 populus
2459 2636 2581 2680 tuus
2591 2632 2720 2691 iste,

1720 2705 1870 2755 quem
1887 2692 2169 2753 possedisti.

1784 2756 2077 2804 Introduces
2118 2766 2201 2803 eos
2246 2758 2295 2804 et
2347 2753 2603 2815 plantabis
2660 2754 2720 2802 in

1719 2823 1892 2866 monte
1912 2816 2217 2867 haereditatis
2242 2821 2342 2867 tuae
2374 2831 2388 2865 z
2420 2814 2723 2866 firmissimo

1720 2878 2003 2928 habitaculo
2020 2884 2106 2926 tuo
2123 2879 2257 2939 quod
2274 2883 2571 2937 operatuses
2585 2878 2721 2929 Dr‘ie.

1784 2940 2143 2989 Sanctuarium
2199 2945 2348 2988 tuum
2394 2940 2531 2996 Due,
2576 2942 2718 3000 quod

1722 3002 2058 3051 firmaverunt
2087 3014 2273 3051 manus
2310 3007 2410 3051 tuae
2445 3016 2457 3049 :
2489 3002 2600 3050 Diis
2637 3015 2724 3051 re-

1726 3064 1901 3125 gnabit
1922 3064 1976 3112 in
1999 3070 2246 3114 aeternum
2268 3069 2317 3113 et
2338 3064 2492 3112 ultra.

1787 3127 2055 3186 Ingressus
2075 3132 2150 3175 est
2178 3125 2316 3175 enim
2339 3138 2492 3185 eques
2519 3123 2725 3175 Pharao

1725 3200 1842 3237 cum
1875 3188 2110 3236 curribus
2141 3192 2189 3236 et
2222 3187 2479 3249 equitibus
2514 3186 2629 3246 ejus
2665 3186 2722 3236 in

1724 3262 1867 3323 mare
1879 3265 1892 3299 ε
1904 3255 1954 3298 et
1969 3249 2166 3300 reduxit
2179 3263 2329 3310 super
2345 3262 2429 3299 eos
2437 3250 2548 3298 Diis
2562 3262 2729 3310 aquas

1725 3324 1902 3361 marm.

1788 3374 1908 3422 Filii
1945 3378 2113 3422 autem
2144 3373 2299 3423 Israel
2330 3373 2730 3422 ambulaverunt

1725 3447 1814 3495 per
1834 3435 2026 3483 siccum
2052 3449 2064 3483 ε
2088 3434 2143 3482 in
2165 3435 2333 3485 medio
2354 3436 2484 3495 ejus·

1784 3496 1956 3546 Gloria
1985 3496 2144 3545 Patri.
2169 3498 2232 3546 Α.
2257 3499 2317 3546 In
2341 3503 2588 3548 {eternum
2612 3497 2730 3547 Diis

1726 3558 1954 3619 regnabit
1970 3563 2015 3607 et
2035 3560 2185 3607 ultra.
