2910 4457
679 311 740 364 lii
1490 326 1565 366 nn
1592 327 1888 366 mmmmm

573 447 584 455 ”
681 462 786 518 off.
812 463 966 517 Βοω.
991 476 1099 515 non
1122 463 1180 515 in
1207 461 1378 515 Missa
1403 459 1636 525 tantum,
1661 461 1845 514 verum
1879 461 2040 513 etiam
2076 460 2133 511 in
2171 459 2446 514 Laudibus
2478 469 2532 516 et
2555 463 2692 517 Ves-

675 551 830 620 periS‚
845 550 1267 619 quandocunque
1292 548 1544 601 dicuntur
1567 548 1755 601 Preces
1775 547 2006 600 Fetiales
2024 545 2166 616 (quae
2190 555 2368 600 tamen
2390 565 2514 613 non,
2540 556 2606 602 ut
2627 552 2685 603 in

678 635 782 688 Off.
821 635 1034 701 Sarisb.‚
1068 638 1124 689 in
1159 637 1303 689 omni
1328 635 1514 688 Officio
1546 634 1734 698 feriali,
1758 634 1850 687 sed
1886 633 2094 686 tantum
2127 635 2184 685 in
2217 634 2357 687 feriis
2389 633 2686 701 Adventus,

677 721 1127 793 Quadragesimoe‚
1154 722 1236 775 IV
1270 722 1609 791 Temporum‚
1644 729 1698 773 et
1739 721 2058 791 Vigiliarum
2092 737 2213 790 quae
2239 721 2568 790 jejunantur,
2592 742 2688 777 ex·

674 811 838 879 ceptis
862 810 986 881 vig.
1015 810 1195 863 Nativ.
1224 810 1368 875 D’ni‚
1392 827 1454 862 ac
1492 809 1615 877 vig.
1651 816 1704 861 et
1738 807 1821 860 IV
1854 808 2199 877 Temporibus
2224 808 2578 876 Pentecostes,
2604 812 2685 865 di·-

672 898 907 967 cuntur),
943 898 1001 949 in
1038 896 1227 949 iisdem
1264 897 1516 949 Precibus
1551 896 1713 948 Pater
1741 904 1911 947 noster
1939 902 2110 948 totum
2145 895 2286 948 clara
2308 913 2434 949 voce
2466 899 2533 950 ab
2556 898 2686 951 heb-

673 983 980 1039 domadario
1006 983 1074 1051 (V.
1101 984 1169 1037 ad
1194 1002 1246 1054 p.
1272 988 1306 1035 3
1328 984 1385 1053 b)
1413 983 1623 1036 dicitur.
1698 965 1907 1035 Dffhac
1932 990 2111 1035 autem
2136 985 2517 1038 consuetudine
2548 988 2688 1040 anti-

669 1070 797 1139 qua,
822 1070 1031 1123 celandi
1061 1071 1170 1122 scil.
1199 1070 1362 1121 Pater
1381 1077 1566 1120 noster.
1596 1067 1695 1120 &c.
1729 1068 1798 1120 ab
1822 1067 2062 1132 ethniciS‚
2088 1068 2246 1121 adeat
2266 1069 2430 1123 lector
2452 1073 2689 1140 antiqui-

668 1164 843 1210 tatum
869 1156 1363 1209 Ecclesiasticarum
1388 1155 1678 1223 scriptores.

740 1243 820 1295 Et
833 1252 1013 1313 postea
1037 1243 1181 1295 dicat
1205 1241 1317 1309 ἀφ]
1345 1241 1410 1293 V.
1437 1240 1507 1293 ad
1532 1240 1594 1293 P.
1625 1245 1691 1292 16
1716 1257 1763 1293 a.

738 1328 809 1380 In
836 1327 944 1381 Off.
971 1328 1124 1381 Rom.
1148 1329 1289 1380 inter
1320 1327 1401 1379 Ec
1421 1345 1488 1379 ne
1508 1331 1598 1393 ὃςο.
1633 1335 1686 1380 et
1715 1327 1946 1396 primum
1980 1328 2505 1398 uniuscujuscunque
2536 1329 2687 1383 Noc·-

667 1415 813 1468 turni
847 1413 1005 1482 Jube,
1041 1414 1318 1468 Absolutio
1352 1412 1600 1482 quaedam
1637 1430 1670 1465 a
1707 1412 1987 1465 Sacerdote
2031 1412 2254 1466 dicitur:
2304 1415 2457 1483 cujus
2499 1423 2686 1468 autem

665 1494 825 1555 moris
866 1501 1078 1556 nullum
1118 1502 1293 1554 adhuc
1330 1501 1614 1570 vestigium
1650 1501 1707 1552 in
1751 1498 1942 1553 Officio
1977 1508 2156 1553 nostro
2192 1517 2228 1552 a
2265 1501 2418 1553 nobis
2459 1500 2681 1570 quidem

664 1591 835 1643 visum
860 1598 956 1643 est.

731 1676 876 1729 Jube
925 1676 1157 1728 Domine
1185 1673 1550 1744 benedicere]
1583 1673 1653 1726 In
1683 1670 1785 1726 Off.
1821 1673 1974 1727 Rom.
1999 1675 2055 1727 in
2081 1675 2288 1744 privata
2320 1673 2531 1729 tantum
2556 1677 2686 1727 reci-

664 1761 884 1825 tatione,
907 1761 990 1814 vel
1015 1762 1130 1814 sine
1157 1759 1439 1814 Sacerdote
1463 1761 1648 1824 altero,
1675 1760 1868 1813 dicitur
1890 1761 2135 1825 Domine,
2160 1761 2269 1813 scil.
2294 1760 2364 1813 ad
2390 1761 2589 1825 Deum,
2612 1761 2685 1814 ad

666 1847 1002 1900 Sacerdotem
1051 1845 1176 1899 vero
1229 1847 1411 1898 domne
1450 1845 1518 1914 (v.
1563 1846 1634 1900 ad
1675 1847 1735 1899 P.
1780 1851 1880 1899 113
1923 1848 1976 1917 a)
1999 1866 2012 1910 3
2056 1846 2147 1899 sed
2195 1847 2253 1898 in
2304 1846 2683 1901 Sarisburiensi

660 1931 777 1986 haec
801 1931 1071 1986 distinctio
1094 1933 1272 1985 locum
1295 1932 1544 1985 habuisse
1563 1949 1670 1985 non
1693 1932 1918 1986 videtur.
1955 1931 2096 1985 Jube
2128 1939 2307 1986 autem
2340 1949 2498 1986 sensu
2521 1950 2682 2003 pecu-

660 2022 781 2076 liari
817 2021 883 2075 de
920 2039 1073 2092 prece
1115 2020 1439 2075 Sacerdotali
1477 2020 1720 2073 effectiva
1755 2020 1862 2090 qua
1907 2020 2064 2073 datur
2102 2018 2402 2072 benedictio
2438 2023 2684 2089 usurpari

659 2109 868 2163 videtur
879 2108 916 2161 ¹⁸.
955 2108 1183 2170 Quando
1207 2108 1394 2162 autem'
1411 2106 1484 2160 ad
1508 2107 1687 2160 Deum
1711 2107 1923 2170 dicitur,
1938 2105 2158 2158 conferri
2182 2113 2355 2174 potest
2378 2109 2411 2135 “
2427 2106 2681 2174 quoniam

662 2196 866 2267 angelis
889 2197 999 2250 suis
1022 2194 1299 2249 mandavit
1323 2194 1392 2247 de
1411 2192 1493 2247 te”
1519 2192 1627 2261 (Ps.
1652 2197 1740 2258 90,
1768 2198 1827 2246 11
1849 2213 1862 2245 :
1903 2192 1965 2245 Ρ.
1994 2196 2113 2246 100.
2137 2193 2216 2262 b),
2241 2191 2339 2246 διο.

735 2282 875 2335 Haec
901 2282 1033 2334 dicit
1052 2281 1205 2334 D'ns:
1233 2280 1377 2350 (bis)]
1402 2280 1508 2333 Pro
1527 2284 1560 2310 ‘⁴
1574 2279 1732 2333 D'ns''
1752 2281 1920 2332 scribe
1944 2283 1977 2309 “
1990 2279 2123 2332 D’ns
2142 2278 2467 2344 Deus'’,cum
2489 2279 2678 2332 Douce

655 2368 771 2421 Ref.
810 2377 864 2421 et
898 2368 1150 2434 Leqendis
1188 2366 1672 2419 Sarisburiensibus
1714 2366 1863 2419 A.D.
1911 2370 2048 2418 1518
2087 2367 2154 2418 ab
2193 2365 2440 2419 editionis
2483 2365 2674 2419 Douce

661 2455 780 2508 Res.
803 2455 1132 2525 typographo
1158 2451 1251 2524 (F.
1286 2454 1604 2523 Byrckman,
1629 2451 1891 2524 Parisiis)
1918 2454 2182 2522 impressis
2204 2473 2217 2516 3
2253 2470 2475 2522 quorum
2510 2455 2678 2506 etiam

656 2542 906 2594 librorum
931 2542 1247 2611 scripturam
1286 2542 1532 2595 Rubricae
1567 2549 1689 2610 post
1718 2542 1970 2594 lectiones
2002 2543 2201 2611 primas
2228 2540 2403 2594 Officii
2438 2540 2683 2611 Epipha-

659 2628 763 2681 niae
789 2627 960 2698 (cujus
984 2627 1161 2680 Officii
1184 2628 1448 2681 Nocturni
1471 2629 1630 2698 primi
1653 2628 1906 2682 lectiones
1928 2628 2117 2682 itidem
2143 2648 2171 2683 e
2195 2629 2472 2699 prophetia
2498 2629 2678 2700 Esajae

658 2715 928 2785 leguntur)
966 2723 1020 2767 et
1061 2714 1236 2767 Officii
1278 2715 1580 2768 Dominicae
1618 2714 1871 2768 Calendis
1907 2715 2298 2768 Novembribus
2337 2716 2683 2784 proximioris

661 2800 790 2869 (qua
813 2801 900 2854 die
923 2801 1175 2870 incipitur
1205 2802 1338 2855 liber
1375 2803 1695 2873 Ezechielis)
1723 2804 1939 2858 omnino
1977 2804 2308 2858 confirmant.
2383 2803 2472 2856 Sic
2508 2804 2674 2858 etiam

661 2885 758 2939 Br.
788 2886 950 2940 Ebor.

728 2972 834 3025 Pro
864 2972 948 3025 Tu
971 2984 1143 3026 autem
1167 2974 1395 3027 Domine
1420 2976 1680 3043 [miserere
1702 2977 1919 3049 nostri}
1959 2978 2115 3031 Rom.
2139 2978 2531 3048 legit-nobis.

723 3117 749 3168 Β
784 3118 943 3167 Simili
964 3120 1062 3166 fere
1085 3118 1229 3166 modo
1251 3119 1483 3181 explicari
1512 3126 1671 3183 potest
1701 3127 1802 3168 tam
1839 3122 1968 3183 quod
1999 3122 2051 3169 in
2086 3121 2288 3185 Hymno
2325 3122 2677 3186 Apostolorum

663 3199 918 3248 Laudibus
940 3205 1074 3247 extra
1097 3205 1290 3262 tempus
1314 3200 1552 3249 Paschale
1577 3202 1825 3249 communi
1848 3202 2051 3263 legiturz

884 3286 914 3307 “
930 3285 1014 3332 Qui
1032 3285 1182 3324 coelum
1199 3286 1327 3325 verbo
1347 3285 1558 3336 clauditis,
1784 3288 1813 3309 “
1825 3286 1866 3325 N
1868 3299 1913 3325 os
1934 3299 1961 3325 a
1979 3288 2160 3337 peccatis
2180 3288 2374 3326 omnibus

883 3357 912 3380 ‘⁴
930 3357 1135 3408 Seresque
1153 3358 1244 3408 ejus
1263 3358 1441 3408 solvitis,
1788 3360 1816 3383 “
1832 3358 1988 3400 Solvite
1995 3360 2121 3410 jussu
2141 3360 2426 3410 quoeeumun.’'
2438 3372 2451 3398 τ

661 3435 811 3497 quam
834 3430 1060 3494 quaedam
1085 3429 1142 3479 B.
1161 3430 1222 3479 V.
1240 3429 1314 3478 Μ.
1334 3430 1677 3480 invocationes.
