2910 4457
568 430 637 500 iv
1024 448 1074 488 m
1102 449 1252 490 con.
1275 450 1377 492 ΛΗ».
1401 450 1471 496 st
1488 450 1632 492 umus
1657 448 1833 492 sums.
1857 446 1908 489 m
1928 447 2070 488 τευ.
2095 445 2263 488 usca.
2428 432 2541 499 (An
2561 435 2595 498 ς
2611 435 2727 488 4-8

662 599 767 652 per
799 583 1032 652 Tempus]
1057 584 1122 636 In
1143 587 1204 650 L,
1219 601 1323 652 per
1346 592 1504 637 totum
1536 584 1767 650 Tempus.

672 667 735 718 In
758 667 1080 721 hebdomata
1100 674 1154 721 et
1174 669 1297 719 inde
1320 670 1554 720 formatis
1578 669 1622 719 L
1655 668 1720 719 de
1754 683 1897 719 more
1932 667 2124 718 omittit
2154 665 2215 717 h:
2251 667 2318 716 cf.
2350 666 2418 718 ad
2443 668 2513 730 ἐξ
2538 672 2569 718 2
2595 672 2647 719 et
2667 672 2734 721 32.

670 751 1104 820 Resurrectionis]
1128 753 1232 803 Pro
1256 752 1343 815 tio,
1375 752 1489 803 sive
1510 752 1567 801 in
1587 752 1694 801 fine
1723 751 1890 813 vocis,
1925 751 2040 802 sive
2062 754 2183 799 ante
2205 748 2379 813 finem,
2409 750 2459 800 L
2484 752 2598 802 fere
2621 768 2736 803 sem-

572 850 673 902 per
688 850 745 885 eo
764 849 882 885 cum
902 836 1231 902 superposita
1246 835 1387 886 lines
1398 831 1490 902 (cf.
1510 834 1577 885 ad
1593 834 1856 899 dicunmr,
1874 834 1904 895 ἓ
1926 833 1992 899 1),
2009 834 2043 885 i.
2063 848 2108 884 e.
2128 831 2205 882 oio
2228 833 2318 897 (cf.
2337 832 2407 882 ad
2426 836 2460 897 ὅ
2479 833 2552 902 3),
2569 835 2737 899 habet3

574 917 650 967 ita
667 922 845 967 tamen
861 922 920 966 ut
936 917 1123 968 tionem
1140 923 1191 967 et
1210 917 1311 968 tior
1326 933 1421 985 per
1437 934 1544 968 com
1561 922 1612 968 et
1628 933 1717 968 eor
1734 931 1853 967 cum
1869 916 2024 966 lineis
2041 915 2299 968 similibus
2317 918 2696 983 exprimantur.

679 997 718 1065 θ
746 996 857 1068 ὅ.)
891 998 1016 1050 Ana
1052 998 1117 1067 1.]
1153 999 1217 1049 In
1242 998 1394 1051 Meto
1419 1000 1464 1050 L
1489 1000 1678 1051 desunt
1697 998 1892 1064 ubique
1922 999 2347 1065 Antiphonarum
2372 1007 2424 1051 et
2451 1002 2741 1069 Responsu-

575 1084 774 1135 riorum
789 1088 930 1134 notoe
947 1082 1270 1144 numerales-13
1296 1098 1425 1147 quas
1448 1082 1547 1133 Ed.
1572 1088 1752 1133 nostra
1776 1097 1841 1132 ex
1863 1083 2097 1148 margine
2122 1081 2277 1148 (inter
2294 1098 2453 1135 arcus
2477 1086 2745 1151 parenthe-

578 1169 739 1234 ticos)
761 1169 818 1218 in
835 1171 1036 1218 textum
1056 1165 1371 1217 introduxit:
1402 1167 1472 1217 cf.
1491 1165 1607 1227 ad}
1629 1166 1706 1217 15,
2041 1209 2047 1214 ,

678 1249 768 1303 Pe.
792 1248 909 1302 Diis
932 1249 1209 1318 regnu-ih]
1235 1249 1434 1300 Psalmi
1453 1251 1707 1300 festorum
1728 1250 1784 1299 in
1807 1247 2074 1300 Laudibus
2092 1262 2295 1314 semper
2314 1247 2482 1300 iidem
2497 1258 2630 1303 sunt
2646 1269 2746 1304 cum

582 1333 1003 1385 Dominicalibus
1040 1332 1341 1385 ordinariis:
1374 1348 1426 1383 V.
1454 1349 1508 1399 p.
1539 1336 1599 1382 12
1624 1359 1689 1368 —
1715 1335 1791 1396 14,
1819 1337 1872 1382 et
1907 1343 2023 1397 quse
2041 1329 2105 1381 de
2137 1328 2324 1383 Gloria
2348 1330 2593 1385 Patr-Sin
2614 1336 2748 1387 Fasc-

580 1418 743 1469 Primi
764 1416 999 1480 Annott„
1021 1432 1111 1483 pp.
1132 1416 1188 1465 ix
1211 1422 1264 1466 et
1284 1433 1334 1481 x,
1359 1416 1501 1467 dicta
1524 1421 1660 1466 sunt.

695 1499 757 1550 In
779 1498 846 1550 A.
869 1497 943 1569 4.)
962 1498 1099 1563 all'a,
1123 1496 1264 1565 all'a]
1289 1498 1351 1549 In
1374 1499 1435 1563 L,
1461 1497 1683 1565 simplex
1703 1502 1906 1549 tantum
1925 1495 2013 1548 hic
2033 1496 2226 1565 legitur
2252 1497 2556 1564 “alleluja”.

708 1592 933 1645 CLAno
963 1590 1210 1642 Paschali
1242 1589 1455 1659 gaudio]
1491 1592 1564 1642 Ut
1593 1590 1778 1657 hymni
1810 1592 1900 1656 qui
1931 1592 1989 1641 in
2010 1590 2229 1657 Proprio
2255 1590 2319 1640 de
2342 1591 2619 1657 Tempore
2640 1593 2752 1644 Pas·

586 1682 728 1734 chali
749 1684 805 1732 in
829 1682 1014 1733 Officio
1038 1682 1306 1733 Nocturno
1333 1682 1604 1733 dicebatur
1624 1681 1853 1747 hymnus
1887 1680 2078 1732 Φήστου
2100 1688 2253 1731 erant
2269 1681 2517 1747 Apostoli
2543 1690 2628 1734 cst
2649 1701 2754 1751 pars

579 1761 841 1832 posterior
868 1761 945 1831 (v.
970 1779 1127 1829 supra
1151 1764 1218 1814 ad
1241 1766 1271 1827 5
1298 1765 1364 1829 2),
1402 1765 1478 1814 ita
1499 1765 1682 1829 hymni
1705 1764 1795 1829 qui
1817 1764 1872 1813 in
1898 1763 2082 1814 eodem
2102 1764 2323 1829 Proprio
2349 1764 2420 1815 ad
2442 1766 2668 1819 Laudes
2692 1768 2753 1818 di·

583 1845 799 1898 cebatur
819 1862 942 1913 pars
962 1850 1041 1897 est
1057 1849 1316 1913 posterior
1331 1848 1559 1913 hymnus
1584 1846 1740 1899 Claro
1761 1845 2006 1898 Paschali
2023 1847 2246 1914 qaudi03
2271 1849 2469 1913 quippe
2494 1851 2596 1914 qui
2615 1851 2754 1902 omis-

579 1929 656 1981 sis
680 1929 998 1980 tetrastichis
1020 1929 1188 1980 tribus
1213 1931 1406 1995 primis,
1433 1929 1680 1982 Sermone
1703 1929 1909 1992 blando,
1934 1924 2067 1993 moe,
2092 1934 2145 1979 et
2175 1926 2300 1992 Quo,
2324 1929 2506 1982 factus
2536 1940 2638 1985 est.
2816 1983 2817 1998 ,

683 2011 745 2062 Ιιι
779 2012 824 2062 L
859 2016 1033 2064 autem
1066 2013 1294 2079 hymnus
1327 2019 1470 2065 totus
1493 2030 1588 2081 pro
1622 2013 1920 2081 legentibus
1945 2018 2073 2062 noto
2101 2011 2346 2075 habetur,
2382 2028 2514 2065 nam
2544 2015 2638 2067 hic
2656 2016 2756 2067 nul·
2816 2011 2817 2078 Ϊ

579 2095 691 2147 lum
723 2097 1085 2148 tetrastichum
1114 2098 1392 2166 integrum,
1426 2099 1482 2148 in
1514 2096 1741 2162 Propo-io
1764 2096 1829 2148 de
1862 2095 2120 2161 Tempore,
2143 2111 2240 2161 pro
2261 2095 2466 2162 hymno
2493 2102 2616 2149 toto
2642 2099 2757 2151 nihil
2816 2113 2817 2148 ι

579 2178 727 2230 aliud
754 2194 910 2245 quam
938 2180 1224 2233 “Sermone
1245 2180 1441 2233 blando
1468 2178 1736 2248 angelus”,
1762 2180 2010 2246 scriptum
2030 2178 2237 2246 legitur.

683 2263 856 2328 Metti,
881 2266 942 2314 ut
971 2279 1145 2332 supra,
1176 2270 1337 2333 typus
1362 2271 1442 2316 est
1470 2262 1633 2315 Iamb.
1649 2263 1789 2314 Dim.
1806 2263 1956 2314 Aeat.
2010 2263 2150 2314 Nota
2168 2266 2342 2313 autem
2366 2263 2428 2314 in
2454 2267 2757 2318 tetrasticho
2816 2264 2817 2279 ¹

575 2346 761 2412 primo,
796 2347 1046 2411 secund0,
1080 2354 1132 2399 et
1151 2350 1317 2413 tertio,
1341 2363 1587 2400 versuum
1613 2363 1708 2414 par
1729 2347 1873 2414 prius
1895 2346 2338 2399 homoeoteleuton
2363 2362 2484 2398 esse
2499 2364 2516 2397 ε
2553 2377 2627 2388 —-
2646 2367 2761 2417 qau-

578 2427 682 2493 dio,
707 2429 860 2480 raclio
870 2448 890 2493 ,-
920 2431 1154 2494 vulnera,
1177 2431 1427 2498 fidyida5
1461 2430 1851 2493 clementissime,
1868 2429 2104 2495 posside3
2139 2430 2225 2480 cui
2255 2430 2374 2496 pari
2396 2430 2594 2484 ultimo
2620 2434 2679 2483 in
2702 2439 2762 2483 te·
2816 2450 2817 2489 γ

576 2511 813 2562 trastichi
833 2511 938 2562 fine
962 2521 1220 2565 consonat
1241 2522 1480 2580 tempore.
2815 2494 2817 2545 ⁴

678 2591 787 2647 Per
819 2593 1039 2647 Octavus
1059 2625 1125 2635 —
1149 2597 1253 2659 Qui
1277 2596 1524 2664 scandis]
1559 2599 1623 2648 In
1645 2596 1689 2646 L
1704 2595 1905 2646 *desunt
1925 2594 2064 2646 haec:
2087 2610 2138 2647 v,
2163 2611 2322 2662 supra
2345 2596 2413 2647 ad
2438 2598 2471 2659 ἓ
2499 2603 2550 2649 2.

675 2676 869 2745 major]
904 2681 947 2730 1.
972 2697 1015 2731 e.
1041 2696 1157 2746 quse
1180 2688 1259 2733 est
1280 2682 1448 2746 major
1472 2697 1536 2732 ex
1559 2680 1762 2731 duabus
1787 2679 2089 2746 antiphonis
2125 2695 2242 2744 quse
2264 2679 2445 2745 verbis
2472 2682 2645 2734 “Lux
2666 2698 2767 2752 per·

587 2763 807 2830 “petua”
829 2765 1115 2831 incipiunt3
1140 2766 1207 2815 cf.
1229 2764 1415 2831 Vesp's
1438 2764 1465 2813 1
1489 2769 1541 2815 et
1561 2764 1628 2814 ΙΙ.

691 2845 914 2898 “Oratio
935 2854 994 2897 ut
1010 2863 1173 2912 supra
1198 2846 1263 2914 [v.
1289 2849 1320 2909 ἓ
1348 2846 1444 2914 1].”
1467 2875 1533 2885 —-·
1556 2847 1658 2897 Pro
1687 2849 1711 2896 1
1741 2845 1913 2897 scribe
1938 2848 1985 2897 3.

687 2925 727 2996 β
754 2926 861 2997 6.)
887 2927 975 2981 Pe.
1000 2931 1148 2981 Deus
1171 2930 1228 2980 in
1248 2931 1497 2997 nomine]
1528 2928 1612 2980 Ad
1633 2930 1876 2993 Primam,
1914 2928 2326 2994 quotiescunque
2354 2943 2468 2980 non
2504 2929 2574 2984 de
2600 2933 2773 2985 Domi·

583 3013 710 3064 nica
741 3012 878 3063 inter
912 3012 1028 3063 Oct.
1055 3012 1244 3078 Epiph.
1282 3018 1334 3063 et
1353 3013 1576 3077 Pascha,
1610 3011 1697 3062 vel
1728 3011 1866 3061 inter
1895 3012 2108 3061 Festum
2143 3010 2233 3061 SS.
2266 3011 2553 3064 Trinitatis
2582 3022 2647 3066 et
2667 3017 2775 3083 Vig.

589 3096 709 3146 Nat.
732 3092 858 3158 Dm,
884 3101 1192 3147 occurrente
1218 3096 1441 3148 officium
1464 3096 1538 3160 fit,
1572 3111 1637 3146 ex
1656 3092 2074 3145 Dominicalibus
2097 3098 2204 3143 tres
2226 3097 2434 3144 tantum
2461 3096 2690 3150 Psalmi
2716 3100 2776 3149 di-

592 3183 798 3242 cuntur,
824 3178 925 3230 viz.
950 3178 1093 3230 Deus
1113 3179 1172 3229 in
1188 3179 1409 3242 nomine,
1432 3178 1588 3230 Beati
1602 3176 1930 3240 immaculati,
1956 3181 2009 3226 et
2031 3173 2303 3227 Retribuez
2325 3193 2379 3227 v.
2404 3193 2500 3244 pp.
2526 3183 2599 3232 18
2616 3209 2698 3220 -—
2714 3185 2777 3232 20.

687 3262 774 3312 Ad
789 3262 1020 3313 Tertiam
1036 3278 1181 3326 vero,
1207 3262 1274 3312 ad
1299 3262 1524 3325 Sextam,
1551 3266 1602 3311 et
1624 3259 1693 3311 ad
1714 3261 1934 3324 Nonam,
1957 3258 2155 3309 Psalmi
2172 3263 2296 3309 sunt
2313 3274 2528 3327 semper
2545 3263 2779 3317 invaria-

583 3346 747 3399 biles:
773 3363 825 3396 ν.
849 3362 936 3412 pp.
962 3346 1025 3397 25
1041 3373 1107 3384 —-
1126 3349 1205 3397 30.

686 3428 726 3499 β
756 3426 864 3499 7.)
890 3428 1127 3482 Historia
1143 3428 1416 3481 Festorwm
1433 3432 1513 3479 est
1526 3426 1614 3478 hic
1631 3424 1915 3494 Proprimn
1931 3425 1997 3478 de
2015 3423 2246 3478 Sanctis:
2271 3426 2338 3477 cf.
2357 3425 2428 3477 ad
2445 3429 2518 3493 §5
2539 3435 2617 3483 27
2642 3439 2701 3485 et
2717 3435 2780 3485 30.

835 3596 921 3662 2.
1003 3591 1099 3677 ἕδη
1166 3598 1474 3660 Commune
1541 3596 1902 3675 auerterunt
1971 3603 2026 3658 et
2096 3594 2483 3675 Confess'utnm

1322 3697 1383 3760 iu
1424 3694 1703 3778 &tmpore
1746 3694 2041 3778 vandjali.

684 3816 724 3887 B
750 3815 858 3886 ⁸0)
886 3821 1085 3886 Unius
1129 3821 1455 3902 §haustis
1499 3821 1622 3884 uine
1664 3818 1862 3884 ‘luins
1909 3809 2276 3899 Cuufaen'utiu]
2319 3828 2384 3882 In
2407 3831 2457 3882 L
2478 3835 2782 3888 secundum
2816 3890 2817 3924 i
