2910 4457
544 434 663 500 160

539 584 666 634 nino
717 593 839 635 sunt
894 587 1079 636 animae
1136 587 1566 639 Christianorum.

541 651 660 713 Sed,
701 659 760 701 ut
802 653 1034 702 dicamus
1075 655 1227 703 vobis
1269 655 1408 718 quod
1449 657 1566 705 Deo

537 718 824 782 inspiranto
843 720 1108 779 sentimus,
1136 737 1244 769 non
1259 721 1567 784 qualescun-

573 799 640 833 ue
672 784 873 846 animae,
915 784 1006 833 sed
1043 785 1177 834 tales
1219 803 1333 849 quae
1372 787 1569 836 habent

585 850 865 899 atholicam
880 850 1034 899 fidem
1053 857 1103 899 et
1118 852 1308 901 habere
1326 853 1570 902 videntur

537 915 679 965 bona
712 932 870 980 opera
902 917 957 965 in
980 916 1220 966 Ecclesia
1248 919 1365 968 Dei.
1401 920 1470 968 Et
1492 927 1568 966 ta-

537 997 658 1031 men
688 998 750 1030 ex
779 983 909 1046 ipsis
937 983 1166 1046 quinque
1188 989 1312 1033 sunt
1342 984 1566 1048 pruden-

538 1053 634 1108 tes,
658 1052 709 1097 et
728 1049 956 1111 quinque
980 1050 1148 1098 fatuae.
1368 1050 1483 1100 Lec.
1507 1050 1564 1114 ij.

631 1127 784 1162 usum
819 1129 942 1179 ergo
968 1115 1240 1178 appellatae
1273 1122 1394 1164 sunt
1417 1116 1567 1179 quin-

647 1195 763 1243 que,
819 1187 871 1228 et
917 1195 1075 1242 quare
1129 1182 1376 1247 virgines,
1422 1182 1566 1246 prius

538 1244 835 1305 videamus3
863 1251 915 1293 et
932 1245 1117 1293 deinde
1137 1254 1307 1299 cetera
1327 1248 1565 1297 conside·

536 1324 725 1359 remus.
746 1310 927 1360 Omnis
948 1313 1120 1360 anima
1141 1314 1196 1361 in
1216 1329 1431 1376 corpore
1445 1314 1564 1363 ideo

540 1377 777 1438 quinario
791 1393 1005 1425 numero
1021 1386 1271 1439 censetur,
1285 1381 1407 1442 quia
1417 1381 1566 1443 quin·

540 1457 638 1504 que
663 1443 906 1491 sensibus
939 1445 1114 1492 utitur.
1149 1446 1290 1494 Nihil
1325 1447 1408 1493 est‘
1429 1446 1568 1494 enim

539 1522 642 1570 quo
668 1510 917 1558 sentimus
944 1526 1007 1557 ex
1033 1525 1262 1574 corpore,
1288 1511 1566 1573 nisijaima

540 1576 949 1687 guincupertita3
974 1582 1065 1623 aut
1091 1577 1334 1638 videndo,
1362 1585 1452 1625 aut
1476 1593 1566 1625 au-

575 1641 746 1702 iendo,
766 1647 855 1688 aut
875 1640 1157 1704 odorando,
1178 1650 1266 1692 aut
1285 1643 1564 1707 gustandO,

539 1713 629 1754 aut
652 1706 932 1771 tangendo.
1354 1707 1471 1757 Lec.
1489 1708 1564 1772 in.

631 1786 690 1819 Ul
708 1787 763 1820 er
800 1788 830 1818 o
850 1787 906 1819 se
924 1772 1148 1821 abstinet
1160 1771 1224 1821 ab
1237 1772 1421 1822 illicito
1433 1775 1567 1837 visu,

540 1784 627 1898 Q)
648 1837 712 1887 ab
732 1837 768 1885 il
793 1838 915 1885 icito
936 1837 1132 1899 auditu,
1152 1839 1216 1886 ab
1235 1839 1418 1888 illicito
1442 1840 1567 1888 odo·

537 1911 669 1965 ratu,
688 1902 754 1952 ab
772 1902 954 1951 illicito
974 1910 1146 1968 gustu,
1173 1904 1239 1953 ab
1258 1905 1441 1954 illicito
1462 1912 1568 1954 tac·

537 1978 611 2031 tu,
636 1974 848 2033 propter
871 1969 1025 2017 istam
1044 1972 1391 2034 integritatem
1409 1971 1570 2036 virgi-

537 2035 622 2086 nis
637 2051 828 2084 nomen
854 2036 1058 2099 accipit.
1095 2038 1152 2084 Si
1170 2038 1363 2085 bonum
1381 2043 1462 2086 est
1478 2038 1569 2086 ab·

539 2103 732 2151 stinere
748 2102 813 2150 ab
831 2101 1030 2158 illicitis
1050 2102 1306 2151 sentiendi
1321 2103 1568 2164 moribu8‚

539 2176 592 2218 et
607 2168 725 2217 ideo
744 2183 1071 2232 unaquaeque
1088 2170 1261 2218 anima
1274 2169 1572 2218 Christiana

537 2236 756 2299 virginis
778 2250 967 2284 nomen
987 2235 1232 2296 habet‚—
1248 2252 1405 2299 quare
1419 2238 1569 2300 quin-

538 2318 641 2365 que
675 2301 1032 2362 admittuntur,
1067 2309 1120 2350 et
1143 2303 1371 2365 quinque
1403 2302 1569 2365 repel-

539 2367 753 2416 luntur?
809 2366 992 2414 Palam
1049 2374 1126 2416 est
1174 2369 1294 2430 quia
1338 2369 1569 2432 virgines

538 2440 677 2494 sunt,
702 2437 752 2481 et
773 2431 1039 2495 lampades
1063 2433 1273 2483 habent.

803 2495 841 2561 ξ
870 2495 1024 2562 88.)
1051 2498 1225 2548 Lectio
1248 2498 1313 2547 iv.

637 2577 875 2626 mamas,
894 2572 1104 2629 propter
1119 2565 1490 2614 abstinentiam
1501 2564 1569 2614 ab

534 2573 831 2686 Willicitis
863 2630 1120 2680 sensibus.
1154 2630 1448 2694 Lampades
1478 2629 1569 2679 ha·

536 2692 737 2756 bentes‚
761 2704 973 2761 propter
997 2713 1155 2778 opera
1176 2696 1342 2757 bona3
1368 2696 1431 2744 de
1457 2697 1568 2759 qui-

537 2759 637 2811 bus
685 2764 928 2826 operibus
974 2764 1090 2812 Dns
1149 2762 1289 2822 dicit,
1335 2762 1572 2811 Luceant

540 2843 700 2891 opera
734 2836 911 2878 vestra
945 2844 1118 2877 coram
1151 2828 1476 2888 hominibus3
1510 2834 1571 2875 ut

537 2894 751 2942 videant
781 2895 922 2944 bona
944 2896 1087 2943 facta
1108 2900 1299 2955 vestra,
1335 2901 1386 2942 et
1407 2893 1567 2959 glori-

537 2959 698 3008 ficent
719 2961 925 3008 Patrem
958 2967 1191 3009 vestrum
1228 2961 1317 3023 qui
1339 2961 1394 3008 in
1418 2958 1566 3008 coelis

540 3032 633 3073 est.
669 3024 796 3073 Item
819 3026 1107 3089 Discipulis
1134 3026 1259 3074 dicit
1290 3024 1422 3087 D‘fis,
1452 3025 1569 3074 Sint

538 3090 704 3140 lumbi
721 3092 880 3139 vestri
903 3092 1140 3152 accincti,
1167 3097 1217 3139 et
1240 3092 1468 3140 lucernae
1491 3107 1569 3139 ar·

541 3156 738 3205 dentes.
774 3157 834 3205 In
859 3156 1050 3205 lumbis
1075 3158 1326 3205 accinctis
1355 3157 1569 3220 virgini·

538 3231 637 3285 tas,
681 3224 737 3271 in
777 3222 1003 3272 lucernis
1048 3222 1364 3284 ardentibus,
1412 3237 1573 3286 opera

538 3289 697 3340 bona.
1383 3287 1502 3337 Lec.
1525 3305 1570 3337 v.

634 3368 704 3405 οΝ
732 3353 867 3404 solet
892 3354 994 3403 dici
1017 3354 1289 3419 virginitas
1313 3354 1493 3416 utique
1514 3354 1571 3402 in

538 3372 633 3482 N
650 3421 968 3486 conjugatis:
1004 3427 1177 3469 tamen
1211 3420 1366 3469 etiam
1393 3420 1469 3468 ibi
1493 3425 1572 3468 est

540 3488 663 3537 fidei
685 3488 977 3553 virginitas,
1002 3502 1116 3550 quai
1141 3485 1348 3535 exhibet
1369 3484 1570 3549 pudici-

540 3556 688 3611 tiam.
709 3552 1053 3619 conjugalem.
1105 3552 1236 3600 Nam
1275 3559 1326 3599 et
1364 3552 1573 3599 noverit

541 3621 792 3670 sanctitas
816 3626 1006 3680 vestra,
1032 3634 1138 3668 non
1156 3619 1466 3681 importune,
1492 3633 1571 3666 se·

544 3685 771 3734 cundum
800 3686 1025 3735 animam
1059 3691 1112 3733 et
1134 3682 1417 3733 secundum
1440 3683 1572 3731 inte·

541 3752 784 3818 gritatem
799 3751 937 3813 fidei,
964 3750 1088 3813 (qua
1101 3751 1259 3801 etiam
1271 3748 1372 3798 fide
1385 3749 1452 3797 ab
1470 3748 1572 3796 illi-

544 3817 660 3867 citis
680 3815 983 3879 abstinetur,
1008 3823 1060 3866 et
1076 3817 1217 3867 bona
1235 3830 1393 3880 opera
1410 3813 1571 3878 sunt‚)

1434 458 1672 497 COMMUNE
1700 458 1843 497 umus

2435 440 2488 505 (5
2505 443 2706 494 87-89

1665 606 2086 655 unumquemque
2138 591 2225 640 vel
2279 605 2706 654 unamquamque

1667 657 1893 706 animam
1915 658 2171 722 virginem
2196 657 2314 705 dici.
2354 657 2494 705 Tota
2518 657 2707 706 Eccle-

1668 724 1764 784 sia,
1805 738 1919 786 quae
1952 729 2160 772 constat
2192 739 2258 771 ex
2295 721 2612 788 virginibus,
2654 727 2708 771 et

1667 789 1857 853 pueris,
1882 797 1934 838 et
1955 789 2154 838 maritis
2176 788 2398 849 feminiS,
2433 794 2485 837 et
2514 803 2707 838 uxora-

1666 856 1735 903 tis
1765 855 1907 916 viris,
1942 871 2047 904 uno
2084 855 2295 916 nomine
2318 853 2482 919 Virgo
2510 860 2593 902 est
2616 870 2708 919 ap-

1666 920 1875 985 pellata.
1930 920 2081 969 Unde
2119 920 2222 969 hoc
2264 918 2590 983 probamus?
2635 921 2705 969 A·

1705 986 1930 1035 ostolum
1971 986 2416 1047 audi‘dicentem,
2464 1002 2578 1034 nnn
2623 1002 2707 1035 so·

1667 1003 1733 1100 fis
1759 1051 2270 1111 sanctimonialibus,
2306 1050 2399 1100 sed
2441 1051 2710 1101 universae

1667 1133 1879 1183 prorsus
1914 1118 2193 1167 Ecclesiae:
2230 1118 2572 1181 Desponsavi
2610 1134 2707 1168 vos

1666 1184 1759 1233 uni
1792 1183 1905 1231 viro
1941 1185 2196 1249 virginem
2223 1191 2423 1232 castam
2455 1183 2709 1233 exhibere

1668 1249 1890 1299 Christo.
2486 1247 2613 1299 Leo.
2644 1249 2709 1314 ψ’.

1665 1318 1785 1430 Er
1810 1316 1932 1377 quia
1952 1313 2108 1376 hujus
2133 1315 2451 1379 virginitatis
2490 1330 2709 1380 corrup-

1771 1385 1853 1429 tor
1887 1379 2123 1429 diabolus
2149 1380 2415 1430 cavendus
2440 1386 2539 1442 est,
2584 1397 2710 1430 con-

1664 1446 1812 1494 tinue
1844 1447 1956 1510 ipse
1982 1446 2288 1509 Apostolus,
2322 1461 2441 1494 cum
2467 1446 2708 1508 dixisset,

1665 1511 2001 1576 Desponsavi
2040 1527 2137 1560 vos
2171 1512 2264 1560 uni
2292 1513 2407 1560 viro
2443 1513 2711 1577 virg-inem

1666 1584 1864 1626 castam
1904 1577 2146 1626 exhibere
2189 1577 2416 1640 Christo,
2461 1578 2709 1641 adjunxit

1666 1644 1838 1703 etait,
1878 1643 2059 1691 Timeo
2094 1650 2267 1691 autem
2305 1659 2388 1703 ne,
2434 1645 2577 1693 sicut
2604 1661 2710 1693 ser-

1664 1725 1796 1773 pens
1821 1710 1989 1756 Evam
2022 1709 2227 1757 seduxit
2250 1710 2302 1756 in
2327 1711 2565 1759 versutia
2597 1726 2709 1772 sua,

1669 1775 1747 1823 sic
1773 1782 1824 1822 et
1845 1775 2009 1822 vestri
2032 1791 2218 1823 sensus
2248 1783 2657 1839 corrumpantur
2677 1792 2712 1825 a

1669 1841 1908 1889 castitate
1934 1855 2049 1903 quae
2072 1848 2153 1889 est
2174 1842 2229 1889 in
2255 1840 2483 1889 Christo.
2508 1841 2572 1889 In
2595 1858 2709 1891 cor·

1668 1921 1796 1970 pore
1828 1906 2179 1969 virginitatem
2213 1907 2369 1970 pauci
2395 1906 2621 1957 habent:
2652 1909 2711 1956 in

1670 1972 1827 2020 corde
1851 1988 2029 2022 omues
2052 1972 2242 2021 habere
2269 1971 2479 2021 debent.

1735 2034 1774 2102 ὃ
1822 2031 1978 2102 89.)
2046 2036 2339 2087 Secundum
2382 2038 2707 2089 Matthoeum.

1997 2102 2148 2167 (Cap.
2174 2105 2250 2152 25.
2274 2103 2361 2166 A.)

1725 2184 1762 2218 N
1785 2169 1878 2217 illo
1903 2176 2160 2234 tempore:
2187 2169 2337 2218 Dixit
2357 2168 2522 2218 Jesus
2549 2168 2709 2219 disei-

1667 2182 1881 2299 Hpulis
1923 2237 2032 2285 suis
2072 2236 2373 2300 parabolam
2413 2235 2573 2284 hanc.
2628 2236 2711 2285 Si-

1668 2302 1792 2350 mile
1841 2307 1920 2350 cst
1961 2318 2181 2366 regnum
2227 2302 2479 2350 coelorum
2527 2302 2715 2351 decem

1668 2367 1984 2432 virginibus3
2026 2383 2142 2430 quae
2164 2368 2484 2431 accipientes
2508 2368 2713 2432 lampa-

1671 2431 1761 2481 des
1795 2448 1932 2494 suas,
1976 2434 2215 2482 exierunt
2255 2433 2467 2484 obviam
2507 2449 2712 2498 sponso

1671 2504 1723 2547 et
1745 2515 1966 2562 sponsae.
2000 2500 2068 2548 Et
2089 2498 2306 2561 reliqua.

1761 2565 2005 2613 Homelia
2027 2565 2177 2613 Beati
2201 2564 2442 2631 Gregorii
2466 2564 2644 2630 Papae.

1734 2629 1908 2679 Lectio
1930 2631 2016 2695 vij.
2053 2630 2200 2694 Saepe
2224 2647 2337 2691 vos,
2369 2632 2559 2680 fratres
2585 2631 2715 2680 cha-

1667 2697 1873 2756 rissimi,
1895 2696 2148 2744 admoneo
2161 2711 2323 2759 prava
2336 2712 2495 2761 opera
2506 2698 2714 2762 fugere,

1668 2761 1849 2810 mundi
1870 2762 2023 2825 hujus
2042 2761 2432 2824 inquinamenta
2444 2762 2716 2825 devitare3

1669 2826 1762 2876 sed
1794 2827 2048 2876 hodierna
2081 2829 2251 2876 sancti
2283 2827 2567 2893 Euangelii
2602 2827 2715 2878 lec·

1668 2894 1811 2942 tione
1845 2893 2130 2957 compellor
2159 2893 2311 2942 vobis
2333 2894 2523 2954 dicere,
2561 2900 2624 2943 ut
2660 2901 2718 2943 et

1667 2959 1809 3008 bona
1834 2975 1947 3023 quse
1975 2960 2131 3025 agitis
2151 2974 2270 3007 cum
2286 2975 2478 3024 magna
2498 2960 2720 3009 cautela

1667 3027 1918 3087 timeati33
1956 3041 2022 3074 ne
2056 3041 2149 3089 pro
2186 3024 2288 3073 hoc
2317 3024 2457 3089 quod
2489 3040 2520 3072 a
2551 3026 2717 3076 vobis

1667 3098 1867 3140 rectum
1900 3092 2119 3156 geritur,
2164 3090 2314 3140 favor
2352 3095 2443 3138 aut
2475 3090 2720 3141 humana

1706 3157 1837 3206 ratia
1855 3158 2170 3221 requiratur3
2200 3173 2267 3204 ne
2295 3157 2563 3221 appetitus
2595 3156 2720 3207 lau-

1667 3173 1750 3271 538
1779 3223 2039 3287 subrepat,
2068 3228 2121 3270 et
2150 3222 2290 3285 quod
2318 3223 2445 3270 foris
2473 3223 2721 3272 ostendi-

1670 3294 1771 3350 tur,
1800 3290 1942 3338 intus
1962 3288 2028 3337 ab
2047 3294 2239 3337 aeterna
2255 3288 2493 3337 mercede
2511 3303 2720 3338 vacue-

1667 3360 1767 3403 tur.
1814 3355 1952 3403 Ecce
1987 3355 2125 3402 enim
2166 3353 2528 3418 Redemptoris
2573 3369 2719 3404 voce

1669 3419 1848 3468 decem
1881 3420 2126 3484 virgines,
2164 3425 2216 3468 et
2249 3435 2430 3468 omnes
2461 3419 2721 3469 dicuntur

1668 3485 1929 3551 virgines3
1962 3485 2055 3534 sed
2076 3492 2250 3534 tamen
2269 3485 2407 3533 intra
2424 3484 2718 3535 beatitudi-

1670 3552 1750 3599 nis
1794 3552 2011 3614 januam
2066 3567 2174 3599 non
2238 3566 2418 3600 omnes
2480 3558 2719 3616 receptae

1670 3624 1805 3665 sunt.
1832 3615 1966 3676 Quia
1997 3631 2172 3674 earum
2198 3615 2450 3680 quaedam,
2486 3616 2614 3666 dum
2646 3618 2718 3667 de

1669 3683 1969 3747 virginitate
2003 3697 2100 3730 sua
2132 3681 2352 3747 gloriam
2387 3681 2516 3730 foris
2551 3699 2717 3748 expe·

1669 3754 1802 3809 tunt,
1832 3748 1887 3796 in
1912 3750 2053 3797 vasis
2073 3749 2182 3797 suis
2201 3748 2372 3798 oleum
2389 3747 2591 3798 habere
2615 3766 2722 3799 no·

1670 3813 1895 3868 luerunt.
