2910 4457
869 330 946 366 nn
971 331 1198 369 mouns
1222 334 1579 373 mom-nonen.
2066 330 2233 381 xxxix

253 461 325 513 P.
361 463 473 512 121
507 476 563 511 a.
595 458 727 511 Post
749 459 931 527 major.
957 459 1108 524 adde,
1135 460 1213 531 (p.
1235 467 1334 515 117
1357 461 1465 533 a.):
1490 474 1609 534 post
1630 467 1815 519 minor.
1845 469 1925 538 (p.
1960 474 2057 522 117
2081 471 2161 539 b.)

250 547 419 600 Ibid.
446 547 600 615 (bis),
623 564 655 596 v
680 545 932 597 dicuntur
958 546 1268 617 Orationem]
1334 550 1379 602 Ι.
1407 569 1451 604 e.
1481 562 1729 620 quattuor
1749 555 1861 608 alta
1881 574 2020 620 voce,
2046 559 2230 626 penul·

179 634 313 686 tima
361 642 566 686 autem
607 630 834 693 secreto,
871 634 1160 701 “privatim
1206 635 1274 687 ad
1312 634 1625 705 placitum”,
1668 649 1730 692 ut
1768 658 1817 710 p.
1869 646 1960 694 121
2007 644 2056 694 b.
2095 662 2226 713 prae·

177 730 413 788 ceptum
437 726 539 772 est.
619 716 709 768 Cf.
736 725 916 789 autem
943 717 1096 787 Vesp.
1123 736 1244 772 cum
1269 732 1452 774 annot.
1481 724 1678 777 nostri.

247 808 321 860 P.
358 812 465 859 121
496 807 559 858 b.
589 805 697 858 Pro
725 802 1029 875 [nostrum]
1056 825 1151 860 sor.
1180 802 1473 877 [nostrum.
1534 813 1761 883 Amen}

249 894 401 946 Post
424 903 525 945 etc.
555 891 716 956 adde,
744 890 835 961 [ut
857 911 1011 962 supra
1035 895 1104 945 ad
1136 895 1282 965 Vesp.
1308 914 1360 965 p.
1395 902 1494 951 118
1520 898 1603 968 a.]

758 1029 857 1091 Be
896 1029 1204 1101 :ffotmuliz
1248 1033 1685 1102 (communibus.

253 1151 349 1203 De
373 1148 664 1202 Fas-mulis
689 1148 1061 1202 Cmnmunibm
1083 1153 1237 1220 plura
1259 1153 1377 1207 vide
1402 1156 1461 1208 in
1485 1156 1696 1211 Monito
1721 1177 1772 1229 p.
1800 1161 1874 1213 iii.

251 1253 500 1305 quarum
519 1235 718 1287 nullibi
742 1237 798 1287 in
823 1235 936 1304 ipso
955 1236 1210 1292 Psalterio
1233 1241 1516 1310 plusquam
1543 1244 1691 1310 (corr.
1711 1247 1849 1316 plus)
1864 1250 2033 1316 prima
2060 1251 2216 1303 verba

177 1323 532 1393 eomparent]
569 1322 751 1375 Verba
787 1322 1002 1391 quidem
1039 1324 1111 1375 In
1143 1329 1350 1379 nomine
1384 1334 1469 1392 ᾁτ.
1503 1330 1572 1382 ad
1606 1334 1765 1386 finem
1802 1334 2011 1399 Primae,
2035 1337 2213 1390 verum

176 1409 249 1460 ihi
275 1411 410 1473 alio,
435 1410 552 1461 alio
579 1408 692 1471 hic,
717 1425 874 1460 sensu
899 1409 1038 1461 dicta
1060 1411 1341 1480 leguntur:
1379 1414 1454 1465 ibi
1478 1417 1619 1468 enim
1643 1418 2025 1473 benedictionis
2046 1422 2213 1474 forma

173 1504 322 1558 sunt„
362 1495 471 1547 hic
509 1502 697 1547 autem
741 1496 808 1547 ob
850 1511 1091 1549 caussam
1124 1514 1174 1566 p.
1215 1499 1300 1550 vii.
1340 1509 1687 1554 memoratam
1729 1503 1969 1557 formulis
2003 1508 2215 1575 reliquis

171 1590 596 1651 praeponuntur.

242 1671 305 1721 in
354 1671 487 1738 ipso
528 1666 817 1734 Psalterio]
862 1668 935 1721 Et
971 1674 1203 1740 exceptis
1234 1672 1448 1726 tannim
1488 1675 1561 1727 In
1595 1678 1803 1729 nomine
1841 1683 1924 1742 ᾂτ.
1963 1689 2017 1733 et
2053 1680 2212 1733 Pater

172 1766 368 1819 noster,
415 1773 546 1824 quae
591 1757 731 1807 inter
771 1766 1018 1825 excerpta
1055 1757 1119 1810 de
1161 1759 1371 1812 Missali
1413 1762 1588 1815 locum
1626 1764 1840 1828 habent,
1885 1782 1952 1819 ne
1996 1767 2053 1819 in
2099 1778 2209 1821 toto

169 1843 398 1910 quidem
427 1842 727 1896 Breviario.
803 1842 926 1896 Hoc
950 1842 1074 1896 vero
1098 1845 1164 1897 de
1189 1846 1477 1900 Communi
1508 1849 1715 1903 tantum
1743 1850 2013 1906 Breviario
2041 1853 2208 1907 Saris-

172 1929 426 1982 buriensi
465 1929 677 1981 dictum
702 1929 977 1993 volumus3
1012 1948 1137 1983 nam
1170 1934 1225 1985 in
1253 1932 1438 1988 Douce
1465 1928 1584 1988 Rei'.
1613 1936 1829 2007 (saltem
1854 1949 1978 1993 ante
2010 1941 2210 1994 Psalte-

173 2016 318 2067 rium
342 2013 522 2085 ejus),
550 2022 743 2084 praeter
766 2010 1046 2068 formulam
1083 2014 1155 2070 In
1186 2020 1392 2072 nomine
1425 2026 1511 2084 &a
1538 2021 1716 2090 (quam
1753 2040 1848 2077 nos
1885 2043 2092 2094 quoque
2130 2045 2209 2079 re-

171 2101 337 2170 liquis
369 2101 558 2172 potius
592 2103 931 2171 praepositam
962 2100 1146 2156 haberi
1177 2105 1339 2173 quinn
1372 2107 1429 2158 in
1453 2124 1635 2160 earum
1673 2109 1892 2162 omnino
1926 2128 2207 2165 numerum

181 2192 362 2245 venire
401 2191 693 2259 volumus),
727 2198 783 2243 et
817 2198 1166 2260 praeterquam
1211 2192 1355 2260 quod
1392 2191 1636 2246 Psalmus
1686 2192 1865 2246 Venite
1908 2196 2021 2248 sine
2061 2196 2207 2249 Invi-

181 2282 378 2333 tatorio
403 2279 570 2349 (quod
605 2297 704 2332 nos
740 2280 806 2331 ob
841 2280 1171 2332 intellectum
1207 2279 1498 2332 faciliorem
1535 2279 1881 2350 inseruimus)
1916 2293 2201 2352 comparet,

185 2382 372 2419 omnes
402 2369 559 2436 pleno
585 2366 962 2418 vocabulorum
987 2383 1211 2420 numero
1238 2365 1511 2436 descriptae
1535 2375 1673 2420 sunt.

256 2452 327 2504 In
363 2453 470 2505 Ave
500 2452 694 2504 Maria
724 2452 884 2504 verba
915 2451 1008 2504 illa
1044 2451 1242 2506 Sancta
1277 2452 1469 2505 Maria
1504 2454 1602 2507 διο.
1639 2471 1757 2523 quae
1794 2464 1904 2509 tam
1949 2456 2199 2511 Ecclesiae

189 2556 312 2607 erga
357 2540 648 2609 Deiparam
685 2540 855 2607 pietas
905 2539 1067 2607 quem
1111 2541 1497 2594 intercessionis
1538 2543 1651 2610 ejus
1693 2543 2037 2613 impetrandae
2076 2561 2202 2597 cura

192 2625 267 2677 ita
287 2643 379 2694 per
401 2626 608 2695 aliquot
629 2625 818 2678 saltem
843 2625 1038 2677 saeoula
1063 2625 1383 2679 Salutationi
1413 2628 1686 2696 Angelieae
1711 2627 1935 2691 addidit,
1958 2640 2019 2681 ut
2043 2629 2199 2681 Brev.

198 2709 341 2762 Rom.
387 2711 645 2773 hodierni,
688 2709 1116 2779 reliquorumque
1157 2713 1399 2765 omnium
1439 2711 1725 2781 (quantum
1766 2713 2030 2781 novimus)
2068 2712 2199 2765 Bre-

197 2798 462 2851 viariorum
496 2797 877 2850 hodiernorum
912 2814 1031 2866 pars
1067 2800 1353 2852 essentialis
1387 2799 1530 2853 facta
1565 2799 1843 2864 sin—ideo
1877 2800 2014 2853 inter
2050 2802 2198 2852 unci-

201 2899 283 2936 nos
323 2885 523 2938 inclusa
570 2893 713 2947 sunt,
759 2881 909 2951 quod
956 2901 1128 2953 neque
1172 2886 1230 2938 in
1276 2886 1523 2939 Manuali
1560 2886 1754 2939 Sarisb.
1797 2905 1967 2957 neque
2010 2889 2090 2941 vel
2140 2890 2193 2940 in

203 2969 412 3036 Rosario,
427 2968 891 3041 quemadmodum
915 2970 1128 3038 quidem
1153 2974 1211 3024 in
1234 2972 1434 3025 ‘Horis
1460 2973 1564 3037 §ch
1591 2973 1658 3041 (v,
1678 2992 1729 3043 p.
1755 2974 1866 3043 xvi)
1891 2978 2196 3028 memoratis

205 3054 485 3127 descriptum
517 3058 767 3111 vidimus
802 3055 1099 3120 Rosarium,
1124 3058 1282 3111 verba
1315 3058 1408 3111 illa
1440 3059 1708 3127 leg-untur,
1732 3060 1852 3114 ideo
1882 3069 2062 3114 autem
2087 3079 2193 3113 non

210 3146 364 3198 omissa
387 3147 624 3209 omnino,
645 3141 799 3213 quod
824 3158 931 3194 non
948 3141 1108 3196 modo
1127 3145 1184 3195 in
1210 3143 1497 3197 Breviariis
1508 3144 1775 3198 hodiernis
1793 3148 1988 3211 omnia„
2006 3145 2189 3201 verum

211 3230 333 3285 etiam
352 3234 403 3286 in
433 3235 570 3287 libro
595 3228 972 3284 [enchiridion
1009 3228 1210 3282 Sarisb.
1237 3239 1420 3284 vocato
1458 3249 1627 3301 usque
1649 3232 1717 3285 ad
1732 3234 2086 3303 peccatoribus
2110 3236 2190 3286 in-

210 3314 371 3384 clusive,
392 3322 445 3373 in
474 3320 675 3373 Douee
695 3312 821 3368 Ref.
847 3322 1024 3368 autem
1046 3316 1259 3384 (saltem
1275 3325 1398 3370 ante
1422 3317 1739 3371 Psalterium
1758 3321 1902 3389 ejus:
1930 3321 1988 3373 cf
2003 3323 2187 3390 supra)

208 3406 340 3462 omnia
357 3417 547 3481 praeter
569 3413 783 3461 nostrae
805 3402 999 3456 inserta
1030 3404 1386 3458 inveniuntur.
1461 3405 1597 3467 Quoe
1621 3406 1832 3475 quidem
1862 3409 2033 3472 verba,

1131 3507 1168 3543 E
1193 3496 1229 3544 2
