2910 4457
563 347 681 413 130
1163 365 1310 403 comm.
1338 365 1440 402 ΑΡΡ.
1468 364 1627 402 texum
1654 364 1839 403 murus
1866 363 2126 402 mscmm.
2444 347 2495 412 (ἓ
2523 350 2722 399 22-25

558 511 657 545 nus
684 494 897 559 eorum.]
928 493 992 548 V.
1017 496 1085 545 Et
1106 497 1161 544 in
1181 496 1312 545 fines
1338 496 1480 546 orbis
1494 501 1593 545 ter-

559 578 629 611 rae
651 561 814 611 verba
837 577 1038 610 eorum.
1084 563 1262 611 Exivit
1300 560 1481 627 [sonus
1508 577 1594 611 eo-

555 626 709 692 rum].
756 627 938 676 Gloria
971 628 1113 676 Patri
1140 626 1210 693 [et
1232 628 1393 690 Filio,
1429 634 1481 676 et
1506 627 1593 692 Sp.

563 692 799 759 Sancto}
840 695 903 742 In
949 710 1155 743 omnem
1189 691 1395 758 [terram
1415 694 1596 743 Exivit

563 775 726 810 sonus
751 759 973 826 eorum].

631 824 717 878 Va.
745 824 1058 874 Constitues
1097 822 1205 889 [eos
1230 826 1491 890 principes
1510 841 1594 875 su-

566 907 659 955 per
698 907 905 940 omnem
950 897 1155 940 terram.
1223 893 1314 950 B‘o.
1335 892 1595 941 Memores

569 962 721 1006 erunt
742 957 971 1005 nominis
995 957 1086 1018 tui,
1110 954 1228 1005 Dfio
1253 994 1264 1005 .

642 1020 820 1071 Oratio
843 1031 899 1071 at
921 1039 1081 1086 supra
1106 1020 1194 1087 [ad
1267 1021 1463 1088 audes}

633 1086 670 1152 ,δ
701 1085 851 1153 23.)
877 1089 963 1136 An
991 1087 1235 1150 Saxum,
1259 1088 1324 1137 A.
1341 1088 1449 1138 Vos
1470 1089 1594 1137 ami-

571 1156 618 1204 ci
643 1154 694 1217 (ἓ
719 1153 820 1218 21).
844 1152 931 1202 Ps.
956 1153 1176 1202 Defecit.
1205 1151 1311 1219 [esec.
1335 1161 1393 1203 ut
1416 1154 1446 1215 ἓ
1472 1152 1537 1220 6.]

742 1219 864 1283 Cap.
890 1219 1135 1282 (Actuum
1156 1222 1187 1268 5
1212 1219 1253 1266 Β
1276 1225 1327 1268 et
1345 1219 1424 1284 C.)

655 1300 729 1334 Es
767 1300 952 1333 manus
989 1284 1361 1348 Apostolorum
1399 1285 1597 1336 fiebant

569 1298 810 1417 Psigna
835 1358 883 1399 et
902 1350 1140 1415 prodigia
1157 1350 1321 1399 multa
1343 1353 1398 1399 in
1416 1352 1591 1416 plebe:

572 1427 623 1466 et
645 1417 1012 1481 magnificabat
1043 1432 1134 1466 eos
1167 1416 1411 1482 populus.
1461 1416 1594 1483 [Deo

633 1484 781 1532 atias.

571 1500 696 1613 grBa.
724 1482 1025 1598 Cdnstitues
1047 1563 1135 1597 eos
1151 1548 1414 1613 principes
1429 1548 1597 1613 Super

573 1631 779 1665 omnem
811 1621 1015 1662 terram.
1064 1611 1383 1678 [Constitues
1406 1643 1473 1651 —
1494 1621 1594 1663 ter-

570 1679 716 1746 ram.]
743 1679 809 1733 V.
833 1680 1091 1727 Memores
1104 1686 1254 1727 erunt
1266 1680 1493 1728 nominis
1503 1682 1595 1742 tui,

571 1745 706 1795 D‘fie.
735 1745 900 1809 Super
927 1742 1151 1808 [omnem
1167 1744 1391 1811 terram].
1416 1746 1597 1795 Gloria

575 1810 657 1876 [—
683 1812 769 1941 ]Sp.
796 1809 1026 1875 Sancto].
1064 1809 1363 1860 Constitues
1391 1810 1474 1877 [—
1495 1818 1594 1860 ter-

572 1893 683 1926 ram
709 1913 721 1925 .

638 1941 724 1995 Vs.
765 1943 930 1991 Nimis
976 1941 1219 1990 honorati
1260 1946 1383 1990 sunt
1426 1939 1598 2006 [amici

1692 496 1853 544 Deus,
1882 493 2062 560 [Nimis
2085 495 2209 545 hon.
2233 525 2297 533 -
2318 495 2499 561 Deus.]
2535 494 2598 549 V.
2623 497 2720 545 Ni·

1692 563 1790 610 mis
1816 561 2136 611 confortatus
2172 570 2250 611 est
2283 563 2600 626 principatus
2625 578 2721 610 eo-

1691 644 1820 676 rum.
1853 628 2024 676 Amici
2049 625 2167 692 [tui,
2200 626 2382 693 Deus].
2428 628 2605 677 Gloria
2630 626 2721 693 [—

1695 693 1783 758 Sp.
1811 691 1881 759 S.]
1907 694 2071 742 Nimis
2099 691 2238 758 [hon.
2262 722 2327 730 —
2349 691 2527 759 DeusJ.

1758 757 1847 811 Vs.
1871 759 2330 808 Annuntiaverunt
2354 759 2404 822 (ἓ
2430 759 2525 823 21).

1791 822 1969 873 Oratio
1992 832 2048 873 ut
2070 824 2265 938 supra)

1826 888 1981 957 24.)
2020 891 2107 939 An
2133 892 2185 939 11
2256 904 2370 939 asp,
2411 889 2470 939 A.
2502 889 2726 938 «Iuravit

1693 955 1837 1019 D‘fis,
1872 962 1924 1005 et
1947 972 2054 1005 non
2095 957 2368 1021 poenitebit
2392 972 2531 1005 eum:
2572 962 2632 1003 tu
2659 971 2723 1004 es

1696 1022 1949 1071 Sacerdos
1966 1023 2022 1070 in
2042 1030 2303 1072 aeternum.
2329 1020 2410 1071 Pe.
2428 1022 2574 1069 Dixit
2597 1020 2723 1069 Dfis

1694 1086 1814 1137 Dfio
1839 1104 1953 1136 meo
1980 1088 2051 1152 (p.
2076 1088 2176 1152 86).

1737 1154 1802 1203 A.
1816 1153 2053 1203 Collocct
2071 1170 2185 1203 eum
2199 1152 2313 1202 Dfis
2338 1169 2450 1202 cum
2467 1153 2721 1217 principi·

1694 1220 1793 1270 bus
1832 1220 2014 1285 populi
2043 1222 2141 1269 sui.
2187 1217 2274 1269 Pa.
2299 1218 2527 1268 Laudate
2567 1220 2724 1283 pueri

1693 1285 1834 1334 Dfim
1858 1285 1928 1350 (p.
1954 1286 2056 1350 87).

1760 1352 1823 1400 A.
1847 1352 2103 1415 Dirupisti
2120 1349 2239 1400 D‘fie
2261 1350 2469 1399 vincula
2485 1366 2626 1398 mea:
2656 1352 2723 1399 ti-

1693 1418 1748 1467 bi
1789 1415 2092 1467 sacrificabo
2133 1417 2354 1466 hostiam
2393 1416 2582 1465 laudis.
2630 1414 2722 1466 Ps.

1696 1483 1906 1532 Credidi
1931 1482 2002 1547 (p.
2028 1483 2130 1547 88).

1760 1548 1823 1597 A.
1848 1546 2048 1598 Euhtes
2087 1549 2236 1598 ibant
2259 1554 2307 1598 et
2340 1547 2560 1608 flebant,
2600 1548 2722 1596 mit-

1693 1619 1864 1664 tentes
1897 1615 2097 1663 semina
2130 1630 2241 1664 sua.
2285 1612 2371 1662 Ps.
2413 1614 2473 1661 In
2500 1629 2724 1663 conver·

1693 1680 1852 1729 tendo
1880 1681 1950 1745 (p.
1980 1680 2081 1743 90).

1759 1744 1823 1795 A.
1845 1745 2181 1795 Consortatus
2201 1751 2277 1795 est
2289 1745 2612 1809 principatus
2635 1760 2724 1793 eo-

1692 1828 1822 1871 rum,
1850 1821 1900 1861 et
1920 1813 2163 1861 honorati
2187 1818 2306 1861 sunt
2324 1812 2477 1859 amici
2499 1811 2591 1870 tui,
2617 1811 2726 1858 De·

1694 1892 1774 1926 us,
1798 1875 1886 1926 Ps.
1911 1876 2047 1940 Diis,
2071 1878 2305 1942 probasti
2328 1893 2409 1925 me
2435 1876 2505 1940 (p.
2531 1878 2636 1939 95).

1767 1942 1890 2007 Cap.
1912 1944 1950 1993 J
1953 1959 2035 1992 am
2058 1960 2165 1992 non
2192 1944 2313 1992 estis
2341 1943 2392 2006 (ἓ
2416 1944 2513 2003 15).
2542 1940 2603 1991 Si
2628 1941 2724 1990 du-

574 2010 666 2070 tui,
690 2009 852 2059 Deus.
877 2009 966 2071 Bo.
992 2008 1154 2057 Nimis
1180 2009 1504 2058 confortatus
1518 2016 1597 2059 est
1687 2009 1814 2073 pleat
1825 2010 2022 2075 festum
2048 2009 2241 2075 fuerit,
2276 2017 2396 2057 tunc
2436 2007 2629 2057 dicitur
2675 2008 2727 2065 B:

571 2075 893 2140 principatus
919 2071 1134 2139 eorum].

649 2139 828 2189 Oratio
851 2147 908 2188 ut
931 2155 1106 2203 supra.

637 2209 724 2256 An
743 2207 970 2267 NoNAM,
990 2206 1054 2255 A.
1072 2207 1133 2255 In
1153 2207 1405 2273 patientia
1423 2206 1475 2271 (ἓ
1495 2205 1596 2273 21).

571 2272 659 2322 Ps.
682 2272 958 2322 Mirabilia.
986 2270 1093 2336 [ὥσ.
1115 2281 1174 2323 ut
1197 2275 1226 2334 ἓ
1251 2272 1316 2338 6.]

808 2337 930 2401 Gap.
957 2336 1204 2401 (Actuum
1229 2340 1274 2387 5.
1300 2338 1386 2403 G.)

500 2488 503 2489 γ
570 2407 775 2518 ΠΞΑΝΤ
806 2403 1049 2467 Apostoli
1083 2403 1369 2468 gaudentes
1406 2420 1437 2452 a
1473 2419 1596 2453 con-

655 2475 810 2535 pectu
820 2468 1029 2518 concilii
1043 2486 1056 2529 3
1083 2471 1329 2532 quoniam
1339 2469 1485 2534 digni
1506 2470 1596 2518 ha·

571 2536 669 2585 biti
691 2541 814 2584 sunt
836 2551 930 2599 pro
954 2536 1165 2585 nomine
1176 2537 1212 2585 J
1216 2551 1307 2585 esu
1331 2542 1595 2585 contume-

571 2602 694 2651 liam
717 2602 842 2665 pati.
870 2599 1000 2666 [Deo
1025 2601 1121 2666 gn]

637 2668 698 2730 Β..
722 2668 885 2716 Nimis
909 2667 1152 2717 honorati
1176 2673 1299 2716 sunt
1310 2667 1480 2715 Amici
1502 2667 1594 2728 tui,

1698 2074 1852 2123 Cives
1876 2076 2274 2140 Apostolorum3
2298 2075 2380 2123 sin
2401 2080 2583 2135 autem,
2607 2073 2725 2121 nul-

1697 2142 1803 2191 lum
1825 2143 1871 2203 R
1895 2140 2103 2190 dicitur.

1759 2205 2020 2272 Hymnus,
2044 2205 2255 2257 Exultet
2278 2203 2330 2268 (ξ
2355 2203 2456 2270 21).

1761 2272 1850 2326 Vs.
1874 2275 2348 2322 Annunciaverunt
2372 2270 2541 2336 (ibid.)

1761 2337 1826 2388 A.
1850 2341 1912 2388 In
1936 2337 2343 2403 regeneratione,
2387 2352 2504 2385 cum
2530 2335 2728 2386 sederit

1695 2405 1859 2454 Filius
1899 2405 2141 2453 Hominis
2180 2404 2235 2452 in
2276 2402 2399 2452 sede
2431 2403 2726 2466 maiestatis

1698 2485 1833 2531 suae,
1888 2470 2136 2520 sedebitis
2179 2474 2231 2517 et
2272 2484 2370 2516 vos
2420 2468 2725 2531 judicantes

1698 2535 1971 2585 duodecim
1994 2536 2161 2585 tribus
2191 2534 2380 2597 Israel,
2422 2534 2549 2583 dicit
2586 2532 2725 2583 D‘fis.

1695 2599 1781 2650 Pe.
1806 2602 2125 2665 Magnificat.

1769 2665 1947 2717 Oratio
1968 2675 2025 2716 ut
2047 2681 2224 2731 supra.

813 2812 851 2881 §
886 2811 1041 2883 25.)
1097 2816 1168 2864 IN
1220 2816 1490 2865 NArAm
1545 2815 1755 2863 umus
1814 2786 2179 2864 MAners
2229 2814 2473 2864 Exi-BA

1289 2899 1564 2947 TEMPUS
1613 2897 2005 2948 PAsanLE.

635 2995 675 3044 ἵ
698 2994 837 3045 Nota
873 2997 1010 3062 quod
1031 2997 1359 3047 communiter
1390 3014 1492 3061 per
1525 3006 1595 3046 to-

569 3070 683 3116 tam⁴
702 3078 895 3112 annum
907 3063 1128 3128 infestis
1156 3063 1212 3111 icc
1228 3063 1499 3112 lectionum
1515 3079 1596 3112 320-

558 3144 661 3192 per
675 3128 900 3191 psalmos
933 3128 1150 3192 feriales
1173 3127 1366 3177 dicitur
1388 3128 1495 3177 ai‘ta
1517 3129 1594 3178 Is-

568 3202 621 3242 te
647 3193 894 3257 SanctuS,
931 3195 1032 3243 nwi
1060 3193 1276 3259 infesto
1313 3192 1368 3243 S.
1402 3193 1597 3244 Albani

567 3259 726 3308 Mart.
751 3259 957 3324 quando
987 3258 1281 3308 Tramlatio
1306 3259 1361 3309 S.
1376 3259 1596 3310 Edwar-

568 3325 626 3374 di
665 3342 776 3374 cam
797 3325 854 3374 ix
893 3325 1188 3375 lectionibus
1221 3325 1507 3374 celebratur
1538 3326 1598 3377 in

567 3391 743 3441 eadem
780 3390 1119 3451 hebdomada,
1156 3399 1204 3440 et
1246 3387 1491 3456 [infesto]
1537 3384 1593 3442 S.

566 3456 838 3506 Eclmundi
855 3457 1009 3522 Regis
1027 3465 1073 3507 et
1090 3455 1247 3505 Mart.
1266 3457 1472 3520 quando
1486 3457 1595 3522 fes-

560 3529 671 3571 tum
695 3521 750 3572 S.
781 3522 1048 3573 Clementis
1064 3523 1121 3573 in
1139 3522 1314 3573 eadem
1330 3522 1595 3573 hebdoma-

564 3586 636 3635 da
659 3589 942 3653 contiqerit.

626 3652 713 3700 An
736 3653 1046 3717 VmsPEaAS‚
1077 3670 1230 3719 super
1242 3653 1474 3705 Psalmos
1496 3653 1595 3705 Fe·

559 3717 716 3777 riolos
738 3717 873 3769 Α’ἧα.
931 3718 1039 3770 Iste
1078 3722 1301 3772 Sanctus
1342 3736 1437 3785 pro
1479 3721 1594 3787 lege

1694 2998 1796 3046 Dei
1816 2998 1897 3046 sui
1918 2998 2134 3047 certavit
2150 3013 2316 3061 usque
2334 2996 2400 3046 ad
2417 3003 2654 3059 mortem,
2674 3005 2731 3047 et

1695 3079 1727 3112 a
1747 3064 1923 3113 verbis
1947 3064 2226 3128 impiorum
2247 3080 2354 3112 non
2378 3064 2578 3113 timuit:
2604 3064 2728 3112 fun-

1695 3129 1846 3178 datus
1888 3130 2026 3178 enim
2066 3135 2176 3178 erat
2210 3145 2367 3195 supra
2398 3130 2602 3181 firmam
2634 3147 2729 3195 pe-

1694 3200 1842 3244 tram.

1774 3260 1864 3310 Vel
1886 3261 1993 3310 alia
2015 3259 2152 3310 Aria.
2177 3261 2371 3309 Beatus
2393 3261 2475 3308 vir
2500 3262 2592 3324 qui
2618 3263 2730 3310 suf-

1695 3327 1795 3376 fert
1816 3327 2181 3387 tentationem3
2208 3327 2456 3390 quoniam
2470 3342 2592 3375 cum
2605 3343 2729 3392 pro-

1692 3392 1845 3442 batus
1870 3392 2040 3453 fuerit,
2065 3392 2287 3457 accipiet
2310 3407 2560 3440 coronam
2583 3394 2731 3456 vitae,

1694 3474 1849 3522 quam
1880 3459 2173 3523 repromisit
2203 3459 2348 3507 Deus
2380 3457 2732 3522 diligentibus

1694 3540 1767 3574 se.

1759 3588 1877 3640 Hae
1885 3588 2155 3653 proedictae
2178 3588 2293 3638 duoe
2316 3588 2620 3652 antiphonae
2649 3591 2734 3641 di-

1694 3663 1879 3705 cantur
1896 3655 2111 3705 alternis
2127 3654 2315 3704 vicibus
2328 3670 2430 3717 per
2454 3654 2734 3706 hebdoma—

1694 3721 1814 3771 dam
1836 3737 1989 3785 super
2003 3721 2229 3784 psalmos
2266 3720 2324 3769 in
2335 3720 2489 3784 festis
2529 3721 2588 3770 ix
2629 3723 2733 3773 lec-
