2910 4457
1055 304 1127 343 m
1166 303 1491 346 uminis.
2259 292 2297 348 7

523 419 769 468 Fulmen
798 419 938 484 maij.

224 482 486 594 Domine
506 482 628 542 quis
648 482 897 531 habitabit
917 483 969 530 in
993 483 1225 532 taberna-

312 544 427 595 culo
453 546 579 593 tuo‘t
605 550 694 592 aut
722 546 840 606 quis
867 546 1141 605 requiescet
1168 546 1220 594 in

224 612 394 657 monte
409 611 589 656 sanc-to
598 610 721 656 tuo?

283 669 390 730 Qui
425 669 717 729 ingreditur
749 669 861 717 sine
890 670 1090 720 macula
1120 686 1133 719 z
1174 673 1222 717 et

224 738 460 791 operatur
480 732 754 791 justitiam.

285 794 391 855 Qui
425 794 655 853 loquitur
691 793 953 842 veritatem
987 794 1041 842 in
1075 793 1221 841 corde

224 870 334 907 suo:
344 857 436 918 qui
448 869 548 905 non
563 856 664 915 egit
675 856 845 905 dolum
859 856 913 903 in
925 856 1099 916 lingua
1109 867 1218 903 sua.

284 919 390 969 Nec
417 918 535 966 fecit
556 919 782 978 proximo
810 930 902 966 suo
923 919 1149 967 malum:
1172 922 1220 965 et

223 982 557 1043 opprobrium
599 992 702 1028 non
748 981 934 1040 accepit
979 981 1222 1029 adversus

227 1044 485 1104 proximos
499 1055 637 1090 suoS.

289 1106 374 1155 Ad
399 1104 625 1153 nihilum
650 1104 895 1153 deductus
923 1107 997 1152 est
1019 1103 1071 1151 in
1100 1115 1220 1152 eon-

227 1172 396 1228 spectu
420 1168 534 1226 eJus
555 1166 847 1227 malignus:
871 1166 1106 1214 timentes
1128 1177 1219 1213 au-

225 1237 326 1279 tem
347 1229 634 1277 Dominum
658 1227 901 1288 glorificat
925 1243 938 1277 ε

288 1291 393 1352 Qui
406 1292 549 1350 jurat
564 1291 791 1350 proximo
807 1301 900 1337 suo
912 1326 925 1348 ‚
949 1294 999 1339 et
1015 1302 1113 1337 non
1132 1290 1220 1337 de-

226 1355 375 1414 cipit:
392 1353 484 1412 qui
503 1353 770 1412 pecuniam
792 1363 938 1400 suam
963 1365 1061 1399 non
1084 1351 1221 1400 dedit

225 1416 288 1464 ad
318 1426 534 1463 usuram
549 1450 561 1472 ,
586 1419 634 1462 et
659 1426 874 1462 munera
894 1425 1043 1473 super
1073 1414 1221 1461 inno-

223 1482 420 1527 centem
442 1489 541 1524 non
565 1475 771 1535 accepit.

288 1539 397 1600 Qui
420 1538 538 1587 lacit
561 1538 700 1586 haec:
729 1549 829 1586 non
860 1537 1141 1585 movebitur
1164 1538 1218 1585 in

222 1607 494 1651 aeternum.

285 1664 463 1716 Gloria
486 1662 648 1711 Patri.

288 1726 393 1774 Per
404 1726 535 1772 Adv.
548 1726 611 1772 A.
625 1723 948 1773 Pulchr-iores
959 1722 1220 1771 suntoculi

224 1788 339 1847 eJus
367 1787 515 1844 vino,
535 1792 584 1835 et
611 1787 786 1835 dentes
815 1786 925 1845 eJus
951 1785 1074 1833 lacte
1102 1796 1221 1832 ean-

218 1850 465 1898 didiores,
485 1846 546 1908 ils.
569 1848 644 1896 Ex
672 1848 791 1914 Sion
810 1847 998 1907 species
1027 1847 1221 1894 decoris

220 1911 423 1973 ejus.132.
434 1911 573 1958 Deus
584 1915 750 1958 noster
763 1909 1026 1957 manifeste
1038 1908 1218 1956 veniet.

289 1973 395 2020 Per
426 1973 641 2019 Octavus
659 1972 962 2032 Epiphanioe
981 1981 1134 2030 usque
1151 1972 1221 2018 ad

223 2035 380 2082 Pass.
403 2034 516 2082 Dru·
533 2035 595 2082 A.
611 2034 824 2092 Respice
839 2038 886 2081 et
906 2034 1084 2081 exaudi
1108 2044 1188 2080 me
1202 2068 1214 2089 ‚

219 2098 334 2145 Dfie
351 2097 494 2145 Deus
509 2108 672 2143 mens,
688 2094 750 2157 ils·
772 2095 969 2145 Memor
988 2093 1059 2141 sui
1078 2099 1220 2142 nocte

221 2158 459 2207 nominis
480 2158 557 2205 tui
576 2158 701 2207 Dne.
725 2168 789 2221 132.
808 2157 872 2206 Et
886 2156 1134 2205 custodivi
1149 2157 1218 2204 le-

221 2234 340 2282 gem
364 2225 533 2268 tuam.

284 2283 397 2331 Per
413 2282 670 2330 AEstatem
681 2283 745 2329 A.
762 2281 924 2341 Surge
940 2285 988 2330 et
1005 2281 1058 2328 in
1076 2285 1219 2329 aeter-

225 2356 354 2393 num
379 2356 526 2392 serva
549 2342 835 2392 munimine
854 2356 1020 2400 sacro,
1053 2346 1220 2391 custo—

221 2407 379 2467 dique
415 2411 534 2453 tuos
567 2406 867 2464 astripotens
898 2404 1127 2453 famulos,
1153 2402 1214 2462 ip.

223 2467 428 2517 Memor
463 2467 536 2515 fui
569 2472 708 2515 nocte
735 2467 958 2515 nominis
989 2468 1065 2513 tui
1086 2467 1214 2516 Dne.

232 2528 324 2591 [152.
347 2530 413 2578 Et
434 2530 685 2579 custodivi
704 2529 863 2590 legem
878 2528 1065 2589 tuam.]

301 2626 419 2715 [In
463 2627 717 2691 secundo
762 2625 831 2689 N
827 2637 1104 2690 octurm).
1126 2623 1144 2712 ]

541 2714 782 2760 Psalmus
815 2724 904 2761 aev.

312 2788 525 2826 onserva
556 2788 638 2824 me
669 2775 803 2833 Dine,
834 2774 1077 2835 quoniam
1108 2786 1219 2834 spe—

311 2838 423 2888 ravi
438 2841 491 2888 in
509 2843 557 2887 te
570 2854 583 2887 z
596 2837 700 2885 dixi
714 2838 842 2894 Dim,
858 2838 993 2885 Deus
1006 2848 1150 2884 meus
1165 2850 1218 2887 es

229 2904 284 2948 tu
297 2937 311 2960 ,
330 2902 572 2962 quoniam
590 2901 838 2947 bonorum
860 2911 1091 2948 meorum
1115 2911 1216 2946 non

232 2975 362 3023 eges.

289 3025 489 3075 Sanctis
517 3024 607 3085 qui
636 3027 758 3071 sunt
792 3023 847 3071 in
892 3026 1027 3070 terra
1073 3022 1218 3082 eius:

231 3087 520 3137 mirificavit
547 3097 725 3136 omnes
757 3086 1042 3134 voluntates
1078 3095 1219 3134 meas

228 3163 281 3198 1n
304 3163 393 3199 eis,

289 3209 641 3270 Multiplicatae
658 3212 780 3257 sunt
801 3207 1122 3256 infirmitates
1137 3220 1217 3256 eo-

227 3285 340 3323 rum
358 3291 372 3324 ε
395 3277 565 3334 postea
580 3272 1000 3320 acceleraverunt.

287 3338 396 3387 Non
419 3334 737 3394 congregabo
764 3332 1107 3381 conventicula
1136 3344 1219 3380 eo-

227 3412 340 3449 rum
379 3400 439 3447 de
475 3396 821 3456 sanguinibus
850 3411 863 3444 z
901 3406 992 3442 nec
1022 3405 1217 3441 memor

226 3476 307 3512 ero
329 3459 606 3510 nominum
623 3468 800 3507 eorum
822 3469 909 3516 per
932 3455 1062 3504 labia
1085 3467 1214 3503 mea.

1373 422 1625 474 Dominus
1645 433 1764 484 pars
1774 423 2081 473 haereditatis
2102 437 2240 484 mete,
2254 432 2301 474 et

1313 483 1485 534 calicis
1520 487 1622 535 mei
1648 503 1661 535 ε
1684 492 1740 534 tu
1762 499 1815 536 es
1836 488 1924 546 qui
1949 488 2184 536 restitues
2204 489 2303 538 hae-

1313 547 1577 597 reditatem
1595 560 1761 597 meam
1778 549 1926 597 mibi.

1376 608 1548 658 Funes
1568 611 1853 659 ceciderunt
1874 611 2006 659 mihi
2023 612 2076 660 in
2101 612 2304 670 praeela-

1315 670 1419 778 risz
1441 673 1629 780 eine-nim
1650 673 1914 721 haereditas
1934 685 2047 722 mea
2063 675 2302 733 praeclara

1312 742 1367 780 es
1405 746 1480 780 mi
1520 747 1555 781 1.
1662 770 1687 790 ,

1376 795 1677 842 Benedicam
1693 796 1829 844 Dium
1843 832 1855 854 ,
1874 797 1964 855 qui
1979 797 2157 846 tribuit
2173 798 2302 846 mihi

1317 857 1874 915 intellectumtinsuper
1887 864 1934 905 et
1958 872 2115 918 usque
2131 861 2193 907 ad
2221 874 2304 909 no-

1314 923 1447 966 ctem
1465 918 1825 977 increpuerunt
1838 932 1917 967 me
1932 932 2074 969 renes
2090 923 2209 970 mei.

1375 980 1708 1029 Providebam
1756 981 1890 1029 Dum
1936 982 1989 1029 in
2037 990 2301 1042 conspectu

1312 1053 1426 1090 meo
1452 1054 1678 1103 semper:
1704 1043 1944 1103 quoniam
1967 1057 1996 1091 a
2024 1045 2211 1094 dextris
2230 1052 2304 1095 est

1314 1105 1443 1152 mihi
1464 1117 1526 1152 ne
1541 1117 1875 1155 commovear.

1375 1166 1585 1226 Propter
1642 1168 1735 1216 hoc
1799 1168 2021 1216 laetatum
2083 1173 2158 1218 est
2220 1181 2304 1219 cor

1313 1240 1486 1276 meum
1501 1266 1513 1286 ‚
1537 1234 1585 1278 et
1606 1230 1845 1279 exultavit
1867 1231 2042 1289 lingua
2064 1243 2204 1282 mea:
2226 1234 2304 1281 in-

1313 1302 1464 1349 super
1486 1296 1534 1339 et
1554 1305 1669 1342 caro
1690 1305 1802 1341 mea
1828 1294 2099 1351 requiescet
2117 1295 2168 1340 in
2197 1307 2301 1353 spe.

1379 1351 1637 1412 Quoniam
1687 1367 1786 1402 non
1830 1354 2148 1413 derelinques
2192 1357 2305 1403 ani-

1313 1426 1454 1462 mam
1490 1427 1656 1463 meam
1688 1416 1741 1462 in
1775 1415 2004 1463 inferno:
2039 1429 2129 1462 nec
2159 1417 2304 1465 dabis

1312 1481 1547 1524 sanctum
1564 1482 1710 1523 tunm
1729 1477 1897 1523 videre
1911 1477 2300 1535 corruptionem.

1378 1537 1534 1587 Notas
1548 1538 1677 1585 mihi
1695 1537 1855 1585 fecisti
1869 1539 1980 1585 vias
1994 1539 2131 1585 vitae:
2145 1539 2302 1588 adini-

1311 1599 1472 1658 plebis
1493 1612 1575 1647 me
1591 1599 1758 1647 laetitia
1782 1613 1898 1647 cum
1923 1601 2065 1647 vultu
2085 1606 2195 1660 tu03
2221 1602 2300 1651 de-

1313 1660 1602 1770 {potationes
1632 1663 1685 1709 in
1713 1663 1910 1711 dextera
1935 1667 2021 1710 tua
2054 1677 2212 1724 usque
2245 1665 2297 1713 in

1351 1737 1487 1772 nem.

1314 1786 1551 1895 SaGloria
1567 1787 1732 1846 Patri,
1751 1790 1800 1835 et
1821 1786 1952 1835 Filio
1977 1802 1989 1835 z
2013 1792 2060 1837 et
2083 1787 2297 1849 Spiritui

1385 1854 1516 1897 nct0.

1374 1910 1515 1958 Sicut
1534 1914 1641 1957 erat
1663 1911 1715 1958 in
1740 1910 2012 1970 principio,
2044 1911 2109 1974 [et
2139 1926 2295 1971 nunc,

1310 1975 1360 2080 {t
1381 1984 1606 2093 semper:
1629 1975 1678 2020 et
1700 1972 1752 2019 in
1775 1974 1955 2021 saecula
1976 1974 2296 2022 saeculorum.

1363 2046 1501 2081 men.

1375 2094 1657 2141 Dominicis
1677 2093 1847 2141 diebus
1868 2107 1961 2153 per
1987 2096 2117 2142 Adv.
2144 2109 2297 2157 usque

1311 2158 1382 2204 ad
1399 2155 1573 2204 Nativ.
1600 2154 1724 2212 Diti,
1744 2156 1809 2201 In
1829 2157 2044 2202 secundo
2063 2158 2205 2205 Noct.
2232 2161 2295 2206 A.

1311 2217 1586 2271 Bethleem,
1604 2230 1703 2264 non
1720 2230 1775 2266 es
1795 2217 2011 2266 minima
2036 2218 2086 2267 in
2110 2219 2301 2278 princi-

1311 2282 1464 2341 pibus
1481 2280 1614 2327 Juda
1630 2295 1642 2329 :
1660 2292 1717 2328 ex
1735 2285 1781 2328 te
1795 2280 1933 2327 enim
1950 2280 2073 2329 exiet
2089 2282 2190 2329 dux
2207 2283 2296 2342 qui

1312 2348 1452 2404 regat
1488 2343 1731 2402 populum
1768 2355 1940 2390 meum
1974 2344 2152 2406 Israffl3
2192 2345 2298 2404 ipse

1309 2407 1446 2455 enim
1461 2406 1659 2453 salvum
1680 2404 1822 2454 saciet
1838 2405 2078 2465 populum
2096 2419 2247 2455 suum
2266 2420 2295 2455 a

1308 2468 1521 2527 peccatis
1537 2479 1733 2515 eorum.

1374 2528 1560 2576 Diebus
1572 2529 1722 2576 Dom.
1739 2527 1802 2575 ab
1817 2529 1925 2576 Oct.
1940 2530 2127 2590 Epiph.
2141 2544 2297 2592 usque

1308 2592 1377 2639 ad
1403 2591 1555 2637 Pass.
1574 2590 1698 2647 Dat,
1730 2591 1793 2636 In
1813 2590 1856 2650 ij
1872 2591 2013 2638 Nost.
2044 2593 2103 2637 A.
2134 2592 2297 2639 Bono-

1311 2665 1428 2700 rum
1468 2663 1698 2698 meorum
1739 2663 1839 2697 non
1878 2651 2075 2709 indiges
2108 2667 2120 2700 :
2156 2653 2210 2699 in
2249 2657 2297 2701 te

1310 2713 1534 2774 speravi;
1553 2723 1789 2759 conserva
1808 2723 1890 2758 me
1905 2712 2030 2759 Dne.

1374 2775 1524 2822 Dom.
1551 2772 1720 2820 diebus
1745 2771 1807 2819 ab
1836 2773 1944 2820 Oct.
1981 2774 2124 2821 Trin.
2144 2787 2297 2835 usque

1309 2838 1379 2885 ad
1400 2838 1530 2884 Adv.
1554 2835 1676 2893 Diti,
1696 2835 1759 2881 In
1780 2834 1821 2896 ij
1841 2835 1984 2884 Noct.
2006 2838 2068 2884 A.
2093 2837 2297 2887 Naturae

1309 2899 1523 2959 genitor,
1547 2910 1786 2946 conserva
1808 2903 1968 2947 morte
1984 2899 2292 2960 redemptos3

1311 2962 1486 3021 facque
1506 2966 1593 3008 tuo
1623 2960 1803 3021 dignos
1827 2962 2030 3010 servitio
2061 2962 2293 3011 famulos

1613 3023 1853 3070 Psalmus
1883 3023 1993 3085 aevj.

1313 3085 2167 3207 Eissssssgdssssffessffiffssfflmffim
2185 3100 2198 3134 ²
2216 3085 2296 3133 ³¹¹·

1372 3210 1604 3258 Auribus
1617 3210 1808 3268 percipe
1820 3209 2096 3257 orationem
2109 3220 2294 3257 meam:

1311 3285 1412 3320 non
1439 3273 1493 3319 in
1521 3272 1666 3320 labiis
1689 3271 1891 3320 dolosis.

1373 3334 1446 3382 De
1462 3334 1605 3381 vultu
1624 3338 1709 3381 tuo
1721 3333 1974 3392 judicium
1991 3344 2163 3379 meum
2182 3342 2296 3389 pro-

1310 3396 1452 3445 deat:
1475 3396 1606 3444 oculi
1622 3395 1698 3442 tui
1723 3395 1928 3442 videant
1954 3394 2229 3452 aequitates

1370 3456 1601 3506 Probasti
1639 3469 1721 3505 cor
1758 3467 1967 3515 rneum,-
1996 3460 2045 3502 et
2080 3452 2294 3500 visitasti
