2910 4457
105 394 110 483 ¹
733 391 807 428 nr:
833 390 1105 428 muninus
1128 389 1576 428 nommAmnus.
2059 378 2159 431 xiii

105 510 110 561 1'
146 522 246 574 Ave
279 521 492 584 Maria,
533 527 660 574 ante
692 520 991 572 Nocturnus
1028 527 1082 572 et
1116 518 1353 572 Primam
1389 526 1504 572 tam
1546 518 1708 571 Pater
1746 528 1917 571 noster
1949 528 2005 573 et
2044 519 2156 574 Ave

105 566 108 643 f
143 610 327 662 Maria
378 609 544 679 quam
589 609 895 678 Symbolum
941 608 1299 676 Apostolicum
1339 623 1542 676 semper
1590 606 1814 660 dicenda
1853 616 1990 661 sunt.
2066 608 2153 662 Do

103 690 108 755 i*
142 714 240 749 usu
267 697 468 749 Sarisb.
496 696 653 765 plura
677 695 793 747 vide
817 693 885 747 ad
910 693 995 745 Pr.
1022 698 1054 745 4
1081 711 1130 746 a.

103 764 106 843 f
220 780 515 833 Versiculus
556 791 677 833 ante
715 780 934 843 Laudes,
961 778 1313 837 Sacerdotalis
1336 778 1455 832 ideo
1480 788 1712 844 vocatus,
1748 779 1895 848 quod
1930 782 1998 834 ab
2032 783 2148 851 ipso

103 866 106 923 ὲ
139 867 425 920 Sacerdote
451 866 626 919 Officii
652 874 926 918 executore
953 865 1405 933 dicebatur,—-qui
1438 866 1495 916 in
1522 865 1676 918 BreV.
1704 866 1945 919 Romano
1969 868 2146 921 nullus

137 952 547 1022 est,—ejusdem
594 953 811 1004 omnino
860 952 1070 1020 generis
1111 968 1222 1003 esse
1264 950 1488 1014 videtur,
1524 951 1678 1019 cujus
1724 960 1851 1003 sunt
1885 952 2145 1006 Versiculi

137 1038 367 1091 Domine
392 1037 535 1089 labia
559 1056 669 1089 mea
696 1039 788 1105 qui
823 1037 880 1088 in
902 1036 1192 1088 Matutinis
1229 1044 1283 1089 et
1321 1036 1565 1089 Converte
1586 1054 1678 1088 nos
1702 1038 1793 1105 qui
1815 1039 1873 1089 in
1900 1038 2145 1107 Comple-

132 1126 272 1177 torio
292 1123 566 1176 Versiculo
600 1122 744 1174 Deus
775 1123 836 1174 in
871 1122 1194 1192 adjutorium
1218 1122 1315 1174 &c.
1341 1130 1740 1191 praeponuntur,
1765 1124 1867 1175 nisi
1891 1122 2032 1192 quod
2054 1124 2142 1177 ille

128 1211 378 1273 variatur,
395 1209 452 1261 hi
470 1208 803 1260 invariabiles
819 1216 958 1259 sunt.
979 1207 1062 1260 Cf.
1083 1216 1260 1260 autem
1285 1218 1468 1261 notam
1487 1208 1554 1260 ad
1574 1217 1753 1261 annot.
1772 1208 1839 1262 ad
1860 1226 1910 1278 p.
1936 1214 2037 1261 117
2054 1211 2138 1263 tit.

211 1294 353 1346 Deus
375 1295 430 1346 in
456 1293 778 1362 adjutorium
806 1293 929 1360 &c.]
984 1292 1095 1344 Hic
1118 1292 1419 1345 Versiculus
1439 1279 1617 1359 (hodie
1641 1295 1855 1364 saltem)
1878 1295 2135 1365 signando

126 1396 189 1432 se
212 1381 359 1449 signo
385 1379 570 1433 Crucis
593 1396 627 1430 a
651 1379 820 1431 fronte
845 1378 912 1431 ad
937 1386 1121 1447 pectus
1146 1377 1355 1430 dicitur.
1428 1379 1567 1433 Vide
1591 1396 1748 1449 supra
1770 1398 1821 1449 p.
1848 1382 1940 1445 vii,
1964 1382 2076 1433 viii.

191 1484 293 1535 pro
330 1466 566 1534 temporis
613 1462 945 1529 diversitate]
1022 1462 1167 1523 Quia
1200 1480 1234 1515 a
1267 1464 1509 1531 Vesperis
1539 1465 1721 1532 primis
1748 1465 2045 1517 Dominicae
2076 1467 2134 1520 in

125 1553 531 1623 Septuagesimfi.
568 1552 621 1620 (i.
649 1570 697 1605 e.
732 1570 763 1604 a
787 1552 1027 1621 Vesperis
1059 1550 1495 1622 praecedentibus)
1521 1568 1686 1620 usque
1710 1551 1781 1604 ad
1808 1552 2033 1605 Missam
2075 1554 2132 1605 in

119 1640 327 1710 vigilia
375 1639 591 1692 Paschae
643 1638 780 1707 (quae
837 1648 953 1707 post
1010 1639 1063 1690 N
1066 1655 1222 1691 onam
1280 1637 1499 1690 demum
1552 1638 1728 1694 locum
1786 1638 1964 1711 habet)
2022 1656 2129 1694 non

120 1726 320 1778 dicitur
342 1722 590 1794 Alleluja.

194 1809 260 1861 P.
308 1814 372 1861 12
410 1810 465 1873 b,
500 1809 586 1863 Ps.
621 1814 708 1874 99,
740 1826 833 1879 pro
863 1811 924 1864 in
952 1812 1328 1879 qenerationem
1359 1820 1407 1864 et
1443 1812 1835 1880 ymen-ationem,
1869 1827 1986 1881 quae
2019 1811 2126 1865 Ro·

117 1913 282 1948 mana
311 1905 391 1948 est
423 1896 593 1961 lectio,
626 1913 724 1948 sec.
762 1896 914 1949 Brev.
953 1896 1143 1949 Sarisb.
1177 1897 1460 1968 legendum
1493 1899 1554 1950 in
1570 1900 1894 1966 qeneratione
1911 1908 1959 1951 et
1978 1916 2125 1967 qene-

114 1983 385 2044 ναιίοηεηι,
428 1980 569 2049 quod
608 1981 750 2033 idem
791 1982 1054 2051 significat
1094 2000 1156 2035 ac
1191 1984 1236 2035 si
1279 1982 1486 2036 dicatur
1525 1985 1585 2035 in
1621 1985 1944 2051 yeneratione
1978 1994 2028 2036 et
2063 1986 2125 2037 in

109 2068 501 2133 yenerationem.
575 2065 829 2119 Similiter
851 2076 904 2120 et
928 2069 984 2119 in
1011 2068 1096 2120 Ps.
1122 2072 1206 2120 30.
1231 2086 1283 2138 p.
1313 2074 1413 2120 100
1435 2070 1490 2131 b,
1513 2085 1606 2137 pro
1626 2068 1851 2121 lectione
1878 2069 2122 2121 Romanii

114 2150 299 2220 laqueo
345 2152 458 2215 hoe,
498 2169 596 2205 sec.
638 2152 793 2205 Brev.
831 2153 1024 2206 Sarisb.
1056 2154 1343 2223 legendum
1383 2152 1465 2219 (ut
1506 2170 1557 2220 p.
1600 2156 1690 2203 32.
1728 2155 1865 2205 recte
1906 2154 2120 2221 legitur)

113 2237 474 2306 laquem—De
503 2238 804 2306 hujusmodi
837 2247 1017 2294 autem
1052 2238 1236 2290 erratis
1270 2236 1371 2288 hoc
1402 2238 1460 2287 in
1493 2237 1794 2288 universum
1827 2236 2118 2290 notandum

110 2331 456 2389 est,—quum
497 2321 551 2373 in
593 2322 817 2375 Psalmis
862 2330 917 2375 et
955 2323 1156 2374 caeteris
1205 2320 1520 2389 quibusdam
1561 2321 1922 2390 imprimendis
1969 2330 2117 2393 typo-

111 2408 352 2477 graphus
387 2407 636 2467 Breviarii
671 2409 903 2462 Romani
940 2407 1080 2461 foliis
1127 2409 1369 2460 correctis
1415 2414 1666 2471 uteretur,
1711 2409 1945 2477 pericula
1991 2411 2113 2463 vero

109 2493 487 2564 typographica
521 2512 642 2547 cum
685 2495 839 2554 BreV.
882 2494 1074 2548 Sarisb.
1112 2495 1484 2559 conferrentur,
1520 2496 1826 2548 varietatem
1862 2511 2027 2550 unam
2059 2508 2114 2552 et
2211 2559 2219 2566 ,

106 2582 327 2634 alteram
345 2591 688 2636 correctorum
708 2582 885 2634 oculos
902 2582 1164 2651 effugisse:
1192 2599 1322 2650 quas
1334 2599 1457 2633 cum
1475 2581 1687 2649 reliquis
1705 2583 1947 2635 omnibus
1961 2599 2111 2636 men-

93 2664 185 2720 ,dn
209 2676 273 2719 ut
296 2667 498 2719 calamo
522 2668 749 2736 corrigat
772 2674 826 2719 et
851 2668 1001 2719 nobis
1022 2669 1261 2736 ignoscat
1283 2684 1317 2718 a
1336 2666 1531 2719 lectore
1553 2666 1806 2718 benevolo
1829 2667 2074 2733 petimus,

170 2751 234 2803 P.
273 2756 341 2804 13
375 2769 422 2804 a.
458 2760 512 2805 et
540 2757 603 2804 14
629 2770 663 2805 a
686 2759 740 2805 et
761 2752 813 2803 b.
840 2752 1150 2806 Meminerit
1170 2754 1334 2805 lector
1357 2768 1475 2819 quae
1509 2749 1574 2803 de
1603 2749 1795 2803 Gloria
1817 2750 1975 2802 Patri
1990 2752 2106 2820 jam

107 2850 255 2904 supra
281 2837 354 2905 (p.
380 2838 458 2905 ix)
483 2836 732 2889 diximus.

167 2920 227 2971 P.
268 2926 336 2974 14
369 2921 422 2983 b,
460 2920 548 2972 Ps.
587 2924 706 2984 149,
739 2937 830 2989 pro
851 2920 992 2991 filie,
1026 2929 1080 2974 et
1110 2939 1161 2990 p.
1198 2925 1265 2973 54
1299 2922 1352 2985 b,
1386 2920 1474 2973 Ps.
1510 2923 1597 2984 64,
1620 2937 1714 2989 pro
1738 2939 1949 2991 vespere,
1972 2922 2103 2977 vitia

106 3019 210 3071 quae
243 3023 318 3059 ex
351 3008 572 3074 antiquo
606 3007 861 3059 scribendi
893 3008 1051 3060 modo
1084 3016 1213 3060 nata
1245 3008 1504 3073 videntur,
1537 3025 1665 3061 corr.
1679 3007 1819 3078 filioe
1850 3007 1963 3078 (pro
1997 3027 2101 3078 quo

104 3095 270 3144 tamen
290 3090 448 3142 Brev.
469 3090 623 3142 Rom.
643 3108 764 3143 cum
791 3100 938 3144 textu
965 3093 1172 3145 Biblico
1183 3091 1324 3163 filii)
1340 3101 1394 3146 et
1405 3111 1614 3164 vesperae
1630 3102 1778 3156 ;—et
1793 3094 1907 3146 loco
1931 3097 2101 3164 priore

102 3188 180 3240 pro
202 3194 320 3245 reqe
341 3194 436 3227 suo
461 3176 628 3228 scribe
645 3178 808 3229 etiam
832 3176 972 3245 Reye
994 3196 1100 3229 suo.

162 3261 219 3314 Ρ.
258 3268 329 3316 15
362 3265 416 3315 b.
455 3262 545 3314 De
581 3263 882 3331 Antiphona
912 3264 981 3316 ad
1015 3265 1341 3330 Benedictus,
1375 3273 1429 3318 et
1460 3262 1710 3317 Oratione
1740 3263 1950 3335 propria
1980 3273 2101 3334 post

102 3346 310 3403 eandem
326 3347 663 3415 (interposito
678 3346 885 3401 tantUm
905 3353 937 3379 “
952 3349 1214 3402 Dominus
1237 3349 1506 3402 vobiscum.
1544 3350 1624 3402 Ec
1648 3369 1763 3403 eum
1779 3351 1972 3420 spiritu
1992 3360 2093 3402 tuo.

105 3427 369 3503 Oremmf)
398 3432 651 3497 dicenda,
673 3452 720 3486 v.
740 3452 855 3504 quae
880 3437 1020 3489 inter
1043 3436 1315 3491 Formulas
1339 3438 1663 3492 Communes
1685 3437 1755 3512 (p.
1786 3439 1906 3511 122)
1932 3454 2094 3491 anno·

1077 3539 1108 3578 0

2064 3991 2409 4346 s

2778 3737 2801 4016 ¹²²⁴fflfi'lffl-
2790 3675 2795 3694 .-
