2910 4457
179 339 623 406 An5148—150)
733 354 877 394 itm-:a
902 355 1052 397 ruane.
1079 358 1140 397 Ετ
1165 357 1302 407 ΑΜ,
1329 356 1489 397 xxm
1516 357 1703 399 ramus
1729 358 1990 399 Piscium.
2190 343 2347 434 lxvij

182 488 561 542 “Conditor-is’'.
588 489 714 554 (Ubi
737 488 802 539 de
829 487 1058 539 “uernis''
1081 490 1252 540 notari
1274 496 1466 556 potest,
1492 490 1675 558 culpas
1700 491 1849 554 tales,
1885 506 2002 557 quoe
2019 492 2130 558 jam
2151 494 2205 544 in
2231 494 2275 546 L
2299 501 2352 545 et

175 574 266 624 Pr.
289 574 333 623 L
364 573 452 623 hic
483 573 594 623 illic
631 577 926 635 occurrunt,
959 574 1451 638 pronunciationem
1484 574 1808 638 hodiernam,
1845 589 1948 638 qua
1971 581 2091 626 ante
2113 577 2157 627 E
2183 583 2236 628 et
2257 579 2283 627 I
2307 578 2348 630 C

173 661 237 706 ut
272 657 306 706 S
339 658 612 723 profertur,
647 656 774 705 satis
801 653 942 719 apud
975 658 1235 704 nostrates
1265 656 1537 721 antiquam
1563 656 1787 722 probare
1823 655 2104 724 videntur.)

276 739 338 788 In
371 738 661 803 posteriore
690 752 815 787 vero
848 736 1116 786 Lectionis
1152 740 1180 785 2
1205 743 1369 802 parte,
1408 737 1806 802 “consequitur''
1831 754 1991 789 sensu
2014 742 2230 806 passivo
2258 756 2349 791 ca-.

171 819 442 885 piendum,
469 823 519 870 et
546 821 834 870 “certamen
860 817 1188 868 orationum''
1214 825 1293 869 est
1314 819 1451 885 quod
1473 821 1733 871 orationes
1754 821 2035 886 impetrare
2060 830 2279 875 certant.

279 901 318 969 ξ
346 900 544 969 1219.)
570 904 652 953 De
676 901 797 952 libri
820 901 864 951 L
887 900 1137 967 Legenda
1161 902 1394 951 secunda
1416 920 1468 952 v.
1493 902 1559 952 ad
1584 904 1613 964 5
1642 905 1751 953 152.

278 985 341 1034 In
364 987 449 1036 Pr.
473 985 516 1035 L
544 990 585 1048 1,
608 985 766 1049 hujus
789 983 1049 1050 Legendae
1076 984 1355 1035 Lectiones
1379 985 1529 1034 initia
1566 985 1774 1050 quidem
1810 1000 1926 1035 cum
1961 986 2171 1050 nostris,
2212 984 2345 1037 fines

174 1085 307 1120 vero
334 1069 401 1120 ad
422 1069 585 1121 verba
611 1065 1014 1134 “dignitatem.''‚
1041 1066 1360 1130 “violaret.'’,
1385 1072 1437 1116 et
1465 1066 1750 1132 “pietatis.''
1773 1067 1986 1118 habent.

283 1152 478 1203 Contra
511 1152 568 1201 in
602 1150 689 1199 Pr.
721 1149 765 1199 L
797 1154 841 1213 2,
878 1150 1043 1215 prima
1068 1155 1120 1198 et
1142 1148 1375 1199 secunda
1397 1145 1536 1214 (haec
1570 1165 1689 1200 cum
1715 1150 1846 1201 “Cui
1866 1150 2045 1202 novo''
2067 1151 2347 1218 incipiens)

175 1234 350 1300 prima
387 1237 511 1285 sunt
543 1239 740 1296 nostra,
775 1233 926 1282 tertia
959 1231 1147 1297 (usque
1181 1230 1249 1282 ad
1289 1232 1563 1296 “potencia
1597 1231 1856 1283 Creatoris
1894 1231 2080 1301 [eic].'')
2106 1235 2349 1287 socundae

175 1322 375 1367 nostrae
398 1322 479 1366 est
499 1314 793 1380 initium.(⁰)

280 1397 345 1447 In
366 1398 489 1448 Lec.
518 1401 561 1447 1.
584 1415 679 1464 pro
709 1397 992 1464 “singulari
1014 1397 1324 1465 privilegio”
1346 1398 1430 1448 Pr.
1455 1398 1500 1448 L
1517 1398 1573 1447 in
1592 1401 1811 1464 utraque
1827 1401 2088 1466 scriptura
2109 1400 2347 1468 “privile-

180 1481 305 1547 “gio
328 1479 631 1547 singulari'’.

281 1561 441 1628 Ibid.)
467 1562 779 1629 comparem]
808 1563 895 1613 Sic
916 1568 1056 1613 recte
1081 1564 1166 1613 Pr.
1189 1565 1233 1614 L
1261 1569 1283 1615 1
1313 1569 1364 1614 et
1388 1569 1443 1615 2:
1467 1566 1522 1614 in
1546 1563 1595 1614 A
1619 1563 1754 1614 male
1783 1563 2161 1630 “comparere''.

282 1644 393 1723 Ιῤ.)
419 1645 561 1711 quod
583 1645 738 1712 absit]
765 1646 829 1697 de
850 1663 947 1712 quo
971 1646 1101 1696 absit
1122 1654 1180 1697 ut
1202 1647 1485 1713 coquemus.

283 1726 391 1792 Ib.)
417 1728 557 1791 quod
581 1757 643 1765 —
669 1729 980 1779 sacrificium
1004 1727 1227 1794 obtulit.]
1252 1730 1561 1796 sacraficium
1584 1729 1720 1798 quod
1741 1758 1812 1769 -
1835 1728 2029 1782 obtulit.

280 1809 320 1879 β
351 1808 553 1879 150.)
577 1811 660 1861 De
683 1811 857 1861 verbis
885 1812 1008 1876 “per
1030 1811 1314 1862 AEetatem”
1338 1828 1388 1862 v,
1413 1813 1480 1862 ad
1504 1815 1533 1875 5
1562 1816 1670 1864 148.

279 1896 343 1947 In
375 1897 460 1946 Pr.
493 1896 538 1945 L
577 1898 619 1958 1,
654 1894 949 1966 LectioneS,
992 1892 1130 1958 (quae
1162 1909 1220 1943 se
1253 1899 1432 1945 mutuo
1468 1895 1581 1945 sine
1613 1895 1893 1946 intervallo
1938 1895 2246 1965 excipiunt‚)
2281 1895 2349 1947 ad

177 1980 347 2031 verba
384 1975 680 2040 “invenit.''‚
720 1975 1245 2027 “reconsiliacionis.’'
1261 1977 1328 2041 (v.
1352 1976 1540 2042 infra),
1567 1983 1617 2027 et
1650 1978 1859 2029 “sexu.''
1891 1979 2257 2032 terminantur:
2291 1981 2349 2031 in

175 2062 267 2112 Pr.
292 2061 336 2111 L
363 2066 407 2124 2,
433 2068 488 2111 ut
514 2074 673 2125 supra
698 2058 892 2109 dictum
912 2064 1005 2121 est,
1030 2059 1143 2109 haec
1166 2063 1217 2109 et
1241 2074 1467 2124 sequens
1490 2059 1740 2125 Legenda
1760 2061 1975 2126 integrae
1997 2062 2350 2114 inveniuntur.

277 2144 403 2194 Lec.
432 2144 495 2210 1.)
529 2144 604 2194 “O
629 2143 793 2193 Beata
814 2142 995 2205 Maria,
1028 2142 1145 2206 quis
1188 2141 1286 2192 tibi
1321 2141 1481 2208 digne
1521 2142 1697 2192 valeat
1712 2143 1834 2206 jura
1857 2144 2139 2209 gratiarum
2163 2149 2215 2194 et
2237 2144 2347 2196 lau-

180 2228 339 2279 “dum
369 2228 636 2294 praeconia
663 2226 990 2295 impendere3
1030 2242 1145 2290 quae
1180 2225 1436 2293 singulari
1468 2231 1559 2276 tuo
1586 2242 1805 2277 assensu
1827 2227 2022 2278 mundo
2049 2228 2350 2279 succurristi

175 2311 413 2379 “perdito
426 2310 528 2377 ⁴?'’))
563 2311 625 2360 In
649 2311 734 2362 Pr.
760 2310 803 2360 L
832 2315 874 2372 1,
899 2326 992 2376 pro
1019 2309 1306 2375 “singulari
1327 2316 1417 2360 tuo
1442 2309 1714 2373 assensu’'‚
1738 2311 1804 2360 “t.
1830 2325 1872 2360 s·
1898 2309 1981 2360 a.”

278 2396 363 2445 De
395 2394 495 2445 hac
529 2400 701 2445 autem
735 2392 1112 2444 exclamatione
1151 2394 1209 2443 R.
1250 2394 1310 2443 P.
1350 2394 1607 2456 Rothaan,
1648 2393 1861 2444 ultimus
1902 2393 2178 2446 societatis
2212 2395 2250 2447 J
2252 2411 2348 2447 esu

169 2478 497 2543 Praepositus
531 2476 817 2540 Generalis,
849 2477 905 2525 in
937 2476 1201 2541 praeclaris
1235 2476 1303 2526 ad
1329 2476 1381 2526 S.
1405 2477 1466 2526 P.
1502 2477 1696 2542 Ignatii
1728 2475 2000 2527 Exercitia
2033 2476 2348 2542 Spiritualia

170 2559 643 2622 Annotationibus‚
683 2559 820 2609 “Nos
852 2573 978 2608 vero
1012 2559 1193 2608 merito
1231 2573 1350 2609 cum
1380 2558 1623 2609 Ecclesia
1654 2558 1760 2608 illis
1788 2559 1840 2609 S.
1864 2559 2150 2624 Augustini
2172 2562 2345 2613 verbis

175 2644 268 2692 “B.
306 2642 578 2708 Virginem
611 2640 1010 2705 compellamus:
1054 2639 1096 2689 0
1119 2640 1288 2691 Beata
1321 2640 1516 2704 Maria,
1558 2641 1669 2706 quie
1709 2640 1801 2692 tibi
1839 2641 1994 2707 dique
2025 2641 2195 2693 valeat
2213 2642 2348 2708 jwra

178 2723 502 2791 “qratiarum
545 2740 606 2773 ae
645 2724 857 2775 laudum
903 2723 1166 2787 praeconia
1202 2723 1490 2788 rependere
1500 2741 1520 2785 ‚·
1561 2740 1674 2789 quce
1717 2723 1975 2791 singulari
2015 2730 2100 2775 tuo
2139 2741 2347 2777 assensa

179 2804 404 2857 “mundo
427 2806 725 2856 succurristi
736 2806 948 2873 perdito
961 2804 1015 2854 ’.θ’
1035 2802 1144 2871 (Ad
1164 2806 1304 2855 Med.
1334 2806 1397 2855 de
1420 2806 1651 2872 Incarn.)

276 2888 321 2938 I
321 2887 452 2957 bzd)
469 2890 572 2939 Pro
601 2887 927 2954 “persolvat'’
947 2889 1031 2938 Pr.
1056 2889 1099 2937 L
1127 2893 1150 2938 1
1179 2894 1230 2938 et
1254 2893 1282 2938 2
1306 2887 1623 2955 persolvet''.

276 2969 339 3018 In
360 2969 541 3020 eadem
551 2971 815 3034 Lectione,
834 2972 1150 3022 Beatissimae
1163 2972 1394 3038 Virginis
1413 2971 1847 3038 commerciumff),
1871 2973 2037 3040 primo
2057 2974 2265 3039 quidem
2282 2975 2347 3026 de

174 3053 374 3104 foedere
397 3055 534 3104 inter
550 3055 721 3103 Deum
749 3058 800 3103 et
827 3069 993 3119 genus
1018 3054 1304 3103 humanum
1326 3070 1420 3120 per
1438 3054 1663 3104 eundem
1680 3056 1829 3106 illum
1846 3072 2104 3108 assensum
2119 3058 2346 3125 sinqula·

173 3153 285 3188 rem
308 3137 440 3187 inito
472 3136 886 3203 intelligendum,
921 3153 1014 3202 per
1039 3152 1207 3202 quem,
1233 3152 1353 3188 cum
1372 3137 1552 3205 gladio
1575 3155 1719 3213 mam.
1740 3140 1902 3205 {peius
1922 3141 2149 3191 animam
2176 3149 2344 3192 tram-

159 3222 347 3287 fiaemo
359 3216 437 3286 (S,
462 3221 619 3270 Lucae
644 3224 688 3269 2.
713 3219 815 3283 35),
839 3235 1097 3270 summum
1121 3220 1221 3271 sibi
1246 3221 1326 3286 (ut
1351 3221 1451 3271 soli
1475 3236 1644 3286 neque
1668 3238 1761 3288 per
1780 3223 2033 3290 originale
2058 3239 2229 3289 neque
2253 3239 2345 3289 per

174 3303 382 3354 actuale
406 3308 677 3368 peccatum
701 3303 993 3367 maculatae)
1018 3319 1207 3354 munus
1233 3304 1483 3368 oblatum,
1505 3333 1569 3342 —
1594 3322 1702 3356 non
1737 3310 1799 3356 ut
1831 3306 2125 3368 ambitiosa,
2160 3305 2253 3356 sed
2287 3310 2347 3355 ut

171 3385 468 3436 humilitate
495 3386 740 3451 perfecta,
768 3385 992 3449 ideoque
1016 3385 1340 3436 voluntatem
1364 3388 1627 3453 propriam
1645 3387 1905 3438 voluntati
1924 3387 2114 3437 divinae
2131 3389 2343 3439 omnino

173 3469 405 3520 deditam
446 3474 498 3518 et
536 3484 749 3533 prorsus
790 3468 844 3517 in
890 3485 1052 3518 unum
1101 3470 1432 3533 conjunctam
1462 3458 1679 3535 habene,
1723 3499 1780 3509 -
1813 3471 2030 3535 accepit,
2071 3477 2233 3535 atque
2270 3470 2344 3521 ita

248 3593 294 3658 ⁰)
329 3592 411 3642 Ex
452 3591 728 3642 verborum
767 3593 1000 3658 ipsorum
1039 3593 1207 3642 varia·
1309 3594 1439 3645 alias
1476 3600 1658 3645 notatu
1695 3593 1935 3660 digniora
1967 3594 2230 3647 videntur:
2275 3598 2340 3647 cf.

172 3658 408 3709 tionibus
461 3672 548 3708 eas
588 3664 787 3709 tantum
827 3659 1049 3724 profem,
1093 3675 1208 3725 quae
1310 3660 1376 3710 ad
1402 3664 1431 3723 §
1458 3662 1535 3711 29.

173 3733 265 3776 aut
290 3725 598 3776 auctoritate
623 3725 819 3793 duplici
841 3725 1093 3790 nituntur,
1117 3731 1207 3779 aut
1384 3726 1429 3792 b)
1458 3726 1536 3777 Cf.
1562 3726 1629 3776 ad
1652 3730 1683 3790 g
1712 3726 1821 3790 152,
1843 3725 1897 3776 in
1924 3726 2046 3779 Lec.
2072 3732 2101 3778 2
2126 3743 2190 3780 ex
2212 3729 2271 3781 L.

1749 3841 1821 3881 112
