2910 4457
167 401 250 453 An
268 402 296 465 ς
316 401 430 468 100)

800 420 844 460 S.
871 418 1054 460 CEDDAE
1080 419 1302 461 EPISCOPI
1326 419 1386 459 ΕΤ
1414 418 1762 462 CONFESSORIS.
2117 404 2320 473 xxxix

259 552 399 602 Anni
429 555 599 601 autem
634 554 759 603 1643
786 552 955 617 initio,
981 557 1042 604 ut
1071 553 1209 604 idem
1235 552 1523 604 Annalium
1552 552 1775 620 scriptor
1801 551 2132 608 doctissinms
2155 555 2229 624 (v.
2254 560 2320 610 ad

166 635 355 685 calcem
377 651 427 701 p.
451 635 653 701 xxxvij)
681 636 848 700 capite
867 639 894 685 7
915 651 1125 686 narrare
1143 637 1328 703 pergit,
1351 638 1488 688 Baro
1508 635 1908 699 illustrissimus,
1936 639 2026 703 qui
2044 638 2139 691 sub
2164 641 2320 691 finem

163 718 284 767 anni
308 718 604 784 superioris,
628 733 904 784 procerum
922 720 1122 771 animos
1142 719 1210 769 ad
1225 719 1424 771 bellum
1443 725 1627 770 contra
1642 720 1994 786 Episcopatus
2022 721 2320 774 defensores

162 815 514 866 quoscunque,
539 800 788 865 imprimis
806 817 930 852 vero
958 800 1208 867 Pap-istas,
1236 801 1547 865 accendens,
1568 803 1643 852 ita
1664 809 2010 869 peroraverat,
2034 805 2319 855 “Proceda-

164 884 304 934 “mus
346 884 584 934 alacriter
624 884 692 934 ad
723 883 1046 935 fundendum
1080 887 1391 951 sanguinem
1428 884 1752 951 impiorum'',
1791 886 1987 936 irarum
2025 887 2229 952 plenus,
2271 893 2323 939 et

159 965 466 1016 Sanctorum
485 981 707 1032 quoque,
733 984 1014 1032 eorumque
1033 973 1488 1019 monumentorum
1504 968 1688 1032 hostis,
1713 969 1780 1019 ad
1797 969 2220 1022 Lichfeldensem
2237 988 2322 1022 ur-

158 1049 277 1101 bem
298 1052 460 1114 venit,
484 1050 662 1116 ibique
683 1056 853 1102 eastra
870 1055 1107 1114 metatus,
1136 1050 1285 1101 nulla
1308 1055 1399 1101 aut
1423 1051 1530 1101 loci
1558 1056 1649 1101 aut
1680 1052 1782 1102 diei
1808 1055 2103 1104 reverentia
2129 1054 2324 1120 habita,

159 1134 273 1198 ipso
305 1135 483 1184 Martii
514 1134 597 1185 die
621 1134 870 1198 secundo,
897 1133 1162 1186 S.=Ceddae
1185 1133 1386 1185 scilicet
1409 1136 1770 1200 Depositionis
1793 1138 1942 1200 festo,
1970 1137 2026 1186 in
2055 1138 2328 1203 supradic-

157 1222 268 1267 tum
296 1218 532 1282 ejusdem
561 1218 739 1270 Sancti
766 1217 1053 1269 claustrum
1077 1219 1442 1284 cataphractus
1480 1219 1763 1284 irrumpere
1798 1225 1974 1285 parat3
2012 1220 2120 1283 sed,
2153 1236 2328 1285 quum,

160 1300 298 1351 elata
318 1301 616 1369 paullulum
640 1301 857 1365 casside,
883 1303 1016 1352 aenei
1038 1303 1297 1364 tormenti,
1329 1303 1385 1351 in
1410 1302 1579 1366 ipsam
1609 1302 1661 1352 S.
1697 1302 1893 1353 Ceddae
1922 1302 2218 1353 Ecclesiam
2242 1319 2328 1352 ex-

157 1383 424 1449 plodendi,
449 1387 607 1435 situm
628 1386 837 1435 visurus
863 1389 1016 1449 esset,
1045 1385 1130 1434 “in
1154 1383 1323 1448 ocu10,
1350 1385 1439 1449 qui
1457 1384 1602 1435 solus
1625 1383 1831 1434 vulneri
1852 1384 2078 1449 patebat,
2105 1384 2327 1450 sclopeti

162 1468 299 1517 “ictu
330 1484 628 1535 percussus,
644 1498 716 1506 —
734 1468 1010 1519 confestim
1033 1468 1257 1518 animam
1281 1467 1475 1530 emisit;
1517 1472 1672 1532 atque
1694 1468 1770 1518 ita
1792 1467 1875 1517 vir
1897 1457 2204 1534 sanquinubz
2223 1484 2329 1518 ‘non

163 1550 488 1603 “dimidiavit
512 1551 621 1603 dies
652 1550 797 1603 8u03''
818 1548 929 1618 (Ps.
953 1552 1033 1614 54,
1061 1551 1161 1616 24).

251 1634 428 1701 Hujus
467 1641 640 1686 autem
670 1634 894 1686 infelicis
929 1650 1138 1697 nomen,
1174 1635 1302 1684 satis
1337 1632 1416 1699 (ut
1450 1634 1592 1684 credi
1625 1633 1818 1699 potest)
1854 1634 2174 1700 temporibus
2209 1637 2323 1688 istis

156 1722 337 1768 notum
353 1757 367 1783 ‚
411 1718 597 1770 eodem
629 1734 767 1768 anno
809 1718 1042 1769 scribens
1081 1733 1191 1767 non
1228 1718 1426 1783 profert
1465 1721 1673 1779 auctor3
1723 1716 1786 1767 de
1825 1715 2107 1768 furibundo
2151 1723 2322 1768 autem

1291 1856 1390 1891 nos
1413 1842 1531 1903 feci,
1568 1840 1707 1906 quod
1731 1841 1939 1906 scripsit
1961 1841 2189 1892 scribere
2215 1857 2322 1891 non

1292 1909 1562 1973 potuisset.

1359 1974 1512 2023 Unde
1533 1975 1687 2023 etiam
1697 1974 1885 2024 Bollan
1893 1974 2054 2038 distae,
2066 1977 2323 2026 visionem

223 1842 377 1892 “Scio
403 1842 673 1893 hominem
704 1842 756 1891 in
782 1842 882 1893 hac
904 1841 1079 1891 insula
1103 1841 1193 1892 ad-

156 1907 288 1958 “huc
321 1909 379 1958 in
412 1925 570 1960 carne
603 1914 914 1971 manentem,
952 1910 1040 1973 qui
1076 1923 1194 1958 cum

153 1974 264 2025 “vir
296 1975 389 2025 ille
426 1976 493 2025 de
520 1975 716 2025 mundo
758 1976 1015 2037 transiret,
1060 1974 1195 2023 vidit

150 2041 412 2092 “animam
449 2041 617 2092 Ceddi
655 2041 827 2091 fratris
866 2041 1031 2106 ipsius
1075 2056 1194 2090 cum

153 2107 394 2174 “agmine
433 2108 741 2172 angelorum
776 2107 1090 2157 descendere
1130 2108 1193 2157 de

151 2173 335 2238 “coe10,
388 2180 442 2224 et
489 2174 765 2240 adsumpta
803 2189 979 2223 secum
1021 2174 1194 2223 anima

152 2241 297 2304 “ejus
324 2240 393 2291 ad
422 2241 658 2291 coelestia
679 2256 842 2305 regna
864 2241 1049 2291 redire.

217 2307 408 2369 “Quod
431 2314 609 2357 utrum
634 2307 697 2356 de
722 2322 778 2356 se
802 2323 870 2356 an
895 2307 958 2356 de
976 2307 1080 2356 alio
1099 2305 1192 2356 ali-

150 2374 284 2438 “quo
305 2375 524 2437 diceret,
544 2373 699 2423 nobis
715 2378 893 2423 manet
908 2374 1161 2423 incertum
1176 2390 1190 2434 ς

150 2439 305 2490 “dum
344 2446 527 2491 tamen
568 2439 672 2489 hoc
711 2439 852 2504 quod
897 2445 1072 2490 tantus
1112 2440 1191 2489 vir

149 2506 325 2571 “dixit,
366 2508 497 2573 quia
535 2505 587 2572 [i.
624 2522 665 2556 e.
696 2503 855 2572 quod]
892 2522 1074 2556 verum
1107 2506 1191 2569 sit,

146 2574 294 2623 “esse
313 2590 428 2624 non
445 2574 622 2638 possit
642 2570 945 2622 incertum.’'

211 2639 370 2701 Quod
425 2640 652 2700 etiamsi,
712 2638 920 2689 collatis
975 2654 1090 2704 quae
1137 2637 1189 2688 S.

141 2704 346 2757 Paulus
379 2708 439 2756 in
465 2707 570 2771 Ep.
595 2706 647 2753 II
672 2705 738 2754 ad
765 2705 897 2767 Cor„
936 2720 1048 2769 cap.
1072 2704 1192 2767 XII,

139 2773 389 2824 versibus
419 2778 443 2822 1
470 2799 536 2808 --
558 2776 604 2836 7,
616 2771 726 2835 jam
746 2776 865 2821 ante
885 2771 1102 2833 dixerat,
1128 2771 1193 2820 de

141 2840 318 2905 seipso
365 2840 549 2891 virum
601 2839 988 2888 sanctissimum
1033 2837 1190 2887 dixis-

140 2921 213 2969 se,
251 2922 363 2957 non
398 2906 595 2972 paucis
630 2905 758 2954 satis
795 2909 990 2955 certum
1026 2903 1194 2952 videri

137 2976 330 3036 potest,
375 2979 585 3035 tamen,
632 2986 788 3034 quum
829 2971 995 3037 ipsius
1034 2969 1193 3019 Bedae

138 3040 518 3089 auctoritatem
565 3036 852 3087 Annalium
894 3043 1192 3086 nostrorum

136 3111 324 3156 auctor
358 3107 619 3171 proferat,
656 3103 702 3153 si
736 3103 801 3153 ob
828 3102 1009 3152 oculos
1033 3101 1191 3151 Bedae

136 3172 302 3223 verba.
335 3171 637 3232 habuisset,
661 3196 726 3205 —-
749 3170 851 3219 nisi
878 3184 971 3233 per
1005 3167 1193 3218 calami

136 3237 364 3303 lapsum,
402 3254 504 3288 seu
537 3237 717 3302 potius
750 3236 939 3284 mentis
963 3235 1191 3284 nutatio-

136 3320 274 3368 nem,
301 3330 365 3338 —
392 3305 555 3355 aliter
598 3318 753 3366 quam
789 3317 905 3351 cum
937 3302 1031 3351 tali
1066 3315 1190 3365 qua-

139 3370 258 3420 dam
294 3372 602 3422 insertione
637 3367 844 3433 qualem
876 3369 1012 3418 inter
1044 3368 1190 3437 unci-

1291 2040 1548 2104 integram
1594 2040 1676 2089 die
1726 2041 1902 2090 Martii
1950 2046 1978 2091 2
2018 2043 2147 2107 ipsis
2188 2043 2320 2092 Ven.

1291 2106 1448 2156 Bedae
1480 2106 1654 2156 verbis
1688 2108 1962 2170 narraturi,
2003 2109 2221 2158 eandem
2243 2109 2321 2156 in-

1291 2173 1457 2237 terim,
1491 2172 1546 2221 in
1575 2172 1624 2222 S.
1653 2173 1816 2224 Ceddi
1849 2172 1982 2236 Vita,
2014 2175 2096 2223 die
2120 2174 2242 2224 Jan.
2275 2179 2322 2236 7,

1291 2255 1401 2290 non
1429 2238 1512 2289 ‘ab
1533 2239 1584 2288 S.
1603 2239 1862 2327 Egberto',
1892 2240 1984 2290 sed
2018 2242 2078 2290 “a
2097 2241 2322 2305 quodam

1296 2305 1438 2355 “viro
1466 2310 1648 2355 sancto
1670 2306 1698 2368 '‚
1722 2308 1890 2356 visam
1913 2322 2026 2357 esse
2047 2307 2239 2357 dicunt.

1357 2372 1478 2436 Ipse
1505 2371 1629 2422 verb
1658 2373 1918 2439 Egbertus
1952 2390 2090 2423 anno
2118 2374 2324 2425 demum

1294 2441 1404 2501 729,
1426 2440 1591 2488 aetatis
1611 2454 1719 2488 suae
1737 2442 1815 2501 90,
1834 2444 1954 2504 post
1967 2440 2019 2490 S.
2033 2440 2324 2491 Willibror-

1294 2504 1415 2554 dum
1444 2503 1656 2568 (rectius
1677 2505 2033 2556 Wilbrordum
2045 2505 2099 2572 ἦε)
2127 2513 2177 2556 et
2206 2524 2323 2558 cum

1293 2587 1353 2620 eo
1402 2571 1642 2621 undecim
1689 2571 1822 2621 alios
1864 2573 2226 2623 Missionarios
2267 2575 2322 2622 in

1290 2638 1523 2687 Fresiam
1557 2638 1764 2700 missos,
1801 2642 1851 2687 et
1883 2642 2005 2703 post
2037 2640 2322 2689 monachos

1290 2704 1518 2753 Hienses
1547 2703 1614 2753 ad
1640 2705 1930 2754 Romanum
1954 2705 2161 2754 Pascha
2189 2707 2322 2756 cele-

1290 2769 1547 2819 brandum
1586 2771 1804 2820 feliciter
1843 2787 2136 2834 persuasos,
2184 2773 2322 2837 apud

1291 2835 1405 2898 hos,
1440 2837 1556 2901 ipso
1584 2836 1654 2900 (et
1690 2836 1793 2887 hoc
1825 2837 2082 2903 Romano)
2107 2839 2324 2888 Paschae

1293 2902 1429 2964 die-13
1467 2918 1624 2966 quum
1649 2904 1791 2968 prius
1821 2903 2112 2954 Dominicae
2137 2906 2324 2956 Resur-

1292 2969 1539 3018 rectionis
1567 2968 1886 3019 Sacrificium
1907 2970 2222 3020 Matutinum
2241 2987 2322 3021 ce·

1291 3034 1545 3085 lebrasset
1591 3036 1918 3085 “meritorum
1967 3037 2171 3088 cumulo
2213 3037 2323 3102 ple-

1291 3099 1515 3162 nus'’††,
1540 3100 1606 3151 ab
1632 3102 1787 3151 exilio
1813 3101 2056 3152 diuturno
2076 3103 2142 3152 ad
2158 3120 2323 3170 regna

1291 3166 1525 3217 coelestia
1557 3169 1815 3233 migravit.
1836 3196 1900 3204 —
1921 3169 2002 3218 De
2032 3170 2207 3233 quoin
2240 3186 2322 3219 ea-

1293 3233 1409 3282 dem
1431 3234 1590 3283 Bedae
1606 3235 1842 3284 Historia
1856 3231 1968 3301 (lib.
1986 3236 2077 3299 III,
2099 3251 2212 3302 cap.
2232 3240 2290 3285 27
2307 3253 2320 3297 ;

1289 3299 1379 3349 lib.
1398 3299 1488 3361 IV,
1510 3315 1658 3365 capp.
1680 3304 1708 3351 3
1728 3308 1779 3351 et
1798 3305 1885 3364 263
1912 3307 1963 3350 et
1978 3301 2070 3352 lib.
2090 3303 2153 3365 V,
2173 3318 2322 3368 capp.

1294 3369 1372 3429 10,
1400 3369 1476 3429 11,
1502 3371 1552 3416 et
1570 3366 1658 3436 23)
1675 3367 1825 3433 plura
1848 3368 2016 3418 videri
2036 3377 2277 3433 possunt.

235 3487 265 3516 '¹'
285 3489 436 3530 Colitur
462 3491 529 3530 die
559 3486 662 3529 Nov.
688 3488 732 3526 7:
762 3487 814 3525 ef.
843 3486 1003 3525 missalis
1041 3485 1198 3524 Romani
1238 3485 1548 3534 supplementum
1576 3486 1845 3527 nonandieum.

235 3558 427 3609 -l-Aprilis
453 3558 524 3604 24,
567 3566 644 3604 quo
670 3554 733 3592 die
758 3554 906 3592 colitur:
945 3554 994 3592 cf.
1020 3553 1186 3590 missalis
1211 3551 1371 3589 Romani
1408 3553 1714 3600 supplementum
1748 3552 2020 3591 nullamne-um.
2059 3550 2176 3590 Vetus
2201 3559 2323 3590 autem

133 3609 312 3648 Pascha
355 3608 697 3646 Britannicum
732 3615 920 3652 nunquam
963 3610 1046 3652 post
1073 3603 1169 3641 diem
1196 3602 1331 3650 Aprilis
1360 3600 1404 3642 21
1437 3602 1669 3641 celebratum
1703 3610 1800 3641 erat:
1843 3614 1879 3640 v.
1905 3602 2042 3640 ldeleri
2068 3601 2323 3641 uandbuch

134 3662 215 3699 der
240 3659 592 3705 Chronologic
622 3654 829 3703 (Berouni,
858 3654 972 3701 1825,
1002 3653 1144 3701 182⁶„
1171 3653 1245 3690 vol.
1271 3652 1321 3699 11,
1350 3663 1384 3700 p.
1409 3651 1495 3690 295.

233 3729 302 3778 ††
320 3730 404 3775 Sic,
432 3726 508 3763 sub
538 3732 645 3761 anno
663 3721 751 3768 7¹29,
775 3719 871 3769 Cap.
890 3720 930 3765 3.,
950 3721 1245 3769 supradictorum
1264 3719 1450 3757 Ecclesia!
1470 3718 1814 3767 Angla-Saxonicae
1834 3718 2034 3757 Annalium
2055 3727 2195 3759 auctor,
2224 3720 2324 3758 mem

131 3789 225 3817 vero
253 3778 425 3817 Sanctus
456 3776 504 3813 ab
535 3775 623 3822 ipso
660 3772 738 3816 jam
764 3770 865 3808 Beda

906 3770 971 3819 (V.
999 3770 1070 3819 10)
1098 3770 1453 3817 “venerabilis,
1484 3776 1527 3806 et
1553 3781 1647 3807 cum
1674 3770 1799 3808 omni
1825 3769 2213 3809 honorificentia
2238 3783 2325 3809 no-

131 3829 452 3875 “minandns‚
483 3822 700 3863 ramulus
728 3820 913 3861 Christi
939 3825 987 3860 όι
1012 3816 1278 3860 suendae*
1304 3825 1459 3859 vocatus
1489 3826 1578 3860 erat.

1994 4154 2011 4175 ι
2356 4164 2359 4169 .
2742 4124 2747 4143 4

2218 4166 2457 4301 f
2566 4204 2661 4257 ⁴¹¹2„-

1948 4294 1961 4301 n
2028 4284 2097 4301 A.
2662 4246 2748 4302 Ἣ
