2910 4457
539 383 740 473 xxxvj
1301 396 1349 437 m
1368 395 1600 439 omcmn
1626 393 1996 448 rmsunoms
2369 378 2484 446 (An
2506 383 2543 446 ἓ
2560 384 2639 449 98,
2653 385 2706 444 99

641 535 705 586 ln
748 531 856 587 aiia
898 530 1338 586 “Germanorum”
1380 529 1565 583 Coma.
1607 529 1664 596 (i.
1706 545 1752 580 e.
1794 528 2153 596 supradictum
2191 528 2708 586 Commemorationis

547 616 819 687 Officium)
840 617 1033 676 omittit
1057 614 1196 667 “est''
1210 632 1225 679 ;
1251 614 1392 680 quod
1419 614 1554 679 Dep.
1589 612 1752 679 Prop.
1770 610 1831 680 (i.
1857 630 1902 665 e.
1927 611 2215 678 Proprium
2234 613 2607 680 Depositionis
2630 618 2708 669 Os·

544 702 724 754 ficium
748 700 891 767 quod
912 700 969 749 in
993 699 1042 749 A
1065 703 1118 749 et
1139 699 1226 749 Pr.
1248 698 1310 761 L,
1332 703 1392 748 ut
1413 712 1572 763 supra
1595 714 1646 763 p.
1670 697 1833 746 xxxiv
1868 696 2064 756 dictum
2097 699 2193 760 est,
2225 698 2524 765 invenitur)
2551 699 2709 753 habet.

646 784 710 835 In
739 784 845 834 hoc
877 788 1053 834 autem
1086 780 1315 847 Propria
1348 780 1712 847 Depositionis
1746 781 1939 832 Officio
1963 807 2031 818 -
2064 794 2186 830 cum
2219 780 2455 846 quinque
2487 783 2711 848 psalmis,

546 882 734 932 nempe
756 881 876 916 cum
886 863 1127 917 Laudate
1138 864 1300 930 pueri
1315 860 1392 932 (p.
1405 863 1514 932 87),
1531 862 1925 916 Εαιιᾶαιοῦἥηι
1940 879 2111 915 omme
2121 872 2298 930 ⁸cemes
2312 861 2393 930 (p.
2406 865 2519 931 89),
2534 864 2714 920 Lauda

544 949 725 1001 anima
755 963 871 998 mea
902 946 1045 998 mm
1076 945 1147 1014 (p.
1172 946 1275 1013 98),
1305 945 1549 998 Laudate
1577 946 1735 1011 Dnm,
1756 945 1997 1012 quoniam
2015 941 2195 1015 (ibid.)
2221 952 2274 997 et
2298 946 2502 999 Lauda
2534 947 2714 1015 Hjeru-

544 1032 704 1085 salem
731 1026 874 1098 (ib.),
904 1027 1122 1079 totidem
1153 1029 1397 1081 dicuntur
1431 1029 1759 1096 antiphonae3
1795 1033 1981 1080 ceterae
2005 1027 2217 1094 quidem
2237 1031 2364 1093 una,
2387 1029 2581 1086 ultima
2600 1048 2714 1084 vero

549 1114 754 1166 duabus
795 1113 1219 1163 terminationum
1259 1111 1690 1164 similitudinibus
1712 1110 2019 1179 gaudentes.

645 1199 710 1248 In
741 1198 858 1262 ipso
894 1199 1068 1247 autem
1099 1195 1369 1246 Breviario
1397 1194 1460 1258 L,
1493 1210 1665 1260 neque
1703 1195 1808 1245 hoc
1840 1194 2222 1246 Translationis
2250 1195 2521 1261 Officium,
2558 1214 2719 1264 neque

557 1279 1062 1332 Commemorationes
1084 1279 1281 1344 quaevis
1304 1279 1674 1343 inveniuntur,
1661 1296 1674 1309 ·
1700 1284 1766 1342 et,
1789 1283 1848 1329 ut
1867 1293 2026 1344 supra
2040 1277 2113 1343 (p.
2131 1277 2314 1344 xxxiv)
2335 1277 2543 1330 dictum
2560 1287 2655 1345 est,
2669 1282 2720 1331 in

552 1363 735 1416 Sancti
763 1363 931 1414 nostri
959 1363 1320 1429 Depositionis
1338 1362 1609 1426 honorem,
1638 1367 1824 1428 proeter
1853 1361 2174 1424 Orationem,
2200 1360 2264 1412 de
2283 1377 2409 1428 qua,
2434 1369 2492 1414 et
2506 1365 2719 1416 Noctur-

547 1463 736 1502 norum
767 1445 794 1496 1
826 1451 879 1496 et
903 1445 955 1495 H
985 1445 1280 1508 Lectiones,
1316 1444 1381 1496 de
1404 1445 1611 1511 quibus,
1643 1460 1694 1496 v.
1717 1444 1864 1509 ibid„
1887 1473 1954 1483 -—
1975 1451 2029 1500 et
2055 1450 2241 1511 preter
2271 1443 2422 1497 Afras
2452 1446 2528 1497 ad
2552 1448 2719 1516 Magn.

548 1531 607 1582 in
625 1530 784 1597 Vesp.
806 1528 834 1577 I
857 1532 910 1578 et
928 1527 995 1582 ad
1011 1527 1338 1594 Benedictus,
1364 1528 1428 1580 de
1452 1528 1642 1594 quibus
1667 1546 1718 1580 v,
1742 1529 1893 1591 infra,
1919 1554 1979 1564 —
1998 1527 2131 1582 nihil
2144 1529 2424 1594 propo-ium
2437 1529 2719 1588 invenitur.

650 1613 788 1677 120
813 1615 1007 1677 pastor.
1030 1610 1216 1677 absque
1238 1609 1444 1678 Proca]
1471 1612 1605 1662 Vide
1627 1610 2003 1664 Annotationes
2024 1610 2326 1679 Lonqioree.

646 1695 711 1746 In
738 1693 841 1745 ana
868 1695 936 1746 ad
961 1693 1279 1761 Maqnificat‚
1308 1711 1403 1762 pro
1435 1693 1750 1760 “patronus”
1754 1732 1768 1758 ‚
1798 1694 1940 1759 quod
1973 1696 2022 1745 A
2054 1701 2162 1746 tam
2184 1696 2242 1745 in
2272 1695 2464 1752 Comm.
2492 1714 2655 1763 quam
2673 1699 2721 1749 in

552 1778 690 1844 Dep.
712 1776 886 1842 habet,
910 1776 954 1827 L
984 1782 1036 1827 et
1050 1776 1136 1827 Pr.
1161 1777 1204 1827 L
1223 1777 1299 1842 (in
1315 1777 1476 1842 Dep.:
1501 1795 1552 1827 v.
1571 1776 1752 1842 supra)
1774 1777 2100 1843 “rogamus'';
2129 1793 2226 1844 pro
2259 1779 2343 1828 “in
2359 1781 2721 1846 perpetuum”,

548 1859 696 1927 quod
730 1858 915 1911 C'omm.
947 1858 1121 1922 habet,
1154 1859 1304 1927 Πομ,
1335 1865 1444 1910 tam
1474 1862 1532 1911 in
1564 1861 1613 1910 A
1645 1875 1800 1926 quam
1832 1861 1889 1910 in
1912 1860 1955 1910 L
1980 1866 2032 1911 et
2052 1861 2136 1911 Pr.
2160 1861 2220 1925 L,
2248 1862 2718 1929 “imperpetuum''.

649 1944 823 2009 Hujus
857 1958 984 1993 vero
1019 1940 1133 1993 a'fiae
1167 1943 1306 2009 (“Sis
1338 1960 1433 2010 pro
1469 1942 1681 2012 nobis'')
1707 1943 1844 2007 loco,
1878 1943 1997 2007 alia,
2041 1943 2216 1994 verbis
2251 1940 2447 1995 Pastor
2488 1947 2624 2013 vigil
2657 1947 2725 2013 (ut

550 2027 806 2096 sequitur)
830 2026 1105 2093 incipiens,
1140 2033 1193 2078 et
1214 2043 1308 2078 sex
1329 2028 1693 2078 terminatione
1717 2026 1875 2079 simili
1900 2027 2189 2094 gaudentes
2212 2042 2399 2077 versus
2425 2030 2723 2094 continens,

547 2112 605 2162 in
636 2110 1003 2178 Depositionis
1037 2109 1243 2175 Officio,
1277 2115 1337 2160 ut
1367 2111 1424 2172 in
1458 2110 1507 2161 A
1536 2110 1640 2161 hoc
1676 2110 1916 2164 Officium
1946 2110 2149 2176 legitur
2184 2108 2401 2175 (namin
2437 2112 2530 2164 Pr.
2557 2114 2607 2164 L
2630 2130 2725 2165 una

551 2199 754 2248 tantum
777 2194 1045 2245 invenitur
1066 2191 1208 2259 εἴη),
1239 2193 1344 2245 dici
1363 2198 1555 2261 potest.
1586 2192 1686 2260 (Cf.
1710 2192 1777 2244 ad
1801 2197 1831 2259 ς
1858 2192 1988 2260 101.)
2451 2196 2480 2223 “
2498 2194 2598 2249 Vel
2614 2197 2727 2249 Ant.

686 2280 904 2329 “Pastor
919 2276 1067 2344 vigil,
1084 2278 1260 2345 gregis
1276 2279 1334 2328 in
1349 2277 1541 2343 medio,
1724 2278 1870 2340 “Quo
1889 2281 2161 2343 praesente,
2179 2292 2309 2342 grex
2326 2281 2408 2329 est
2423 2279 2490 2330 in
2508 2282 2708 2347 gaudio
2715 2298 2729 2346 ;

686 2361 865 2413 “Sacri
885 2359 1034 2412 verbi
1054 2362 1285 2412 munitur
1306 2359 1515 2429 gladi03
1719 2360 1855 2411 “Sed
1878 2361 2111 2424 absente,
2136 2365 2281 2411 caret
2300 2360 2534 2413 solatiot

687 2445 970 2496 “Plantans
986 2460 1175 2507 mores,
1196 2443 1415 2511 expulso
1433 2443 1591 2495 vitio:
1719 2442 1849 2495 “Cui
1869 2445 2012 2495 favet
2034 2448 2094 2494 ut
2113 2448 2262 2510 pater
2283 2442 2452 2499 filio.'’

654 2527 810 2595 Quod
834 2530 1008 2578 autem
1039 2527 1098 2579 in
1119 2527 1304 2578 ultima
1325 2532 1433 2576 tam
1454 2527 1803 2592 Vesperarum
1825 2542 1982 2592 quam
2004 2525 2243 2577 Laudum
2274 2525 2496 2579 rubrica
2526 2529 2738 2583 inveni·

550 2618 652 2676 tur,
682 2609 802 2663 “sub
827 2609 1078 2675 silentio'’,
1104 2610 1228 2676 “per
1253 2609 1527 2662 “submissa
1547 2609 1695 2662 vocs-’⁹
1720 2608 2104 2676 explicandum.

652 2708 691 2777 ξ
718 2707 876 2778 99.)
910 2710 975 2761 Ιιι
1008 2710 1227 2776 Proprio
1261 2709 1624 2776 Depositionis
1650 2709 1858 2773 Officio,
1887 2724 1982 2775 pro
2006 2708 2331 2774 InvitatoriO,
2360 2710 2422 2760 in
2446 2711 2500 2762 A
2526 2714 2744 2780 quidem

549 2796 838 2847 habemus:

657 2879 748 2928 “In
773 2894 876 2944 qua
897 2878 1080 2947 vigent
1093 2877 1291 2944 jug-iter
1314 2874 1581 2927 solennia:
1652 2875 1844 2943 “Virgo
1867 2875 2035 2926 Mater
2049 2874 2241 2942 jubilet
2261 2875 2599 2943 Ecclesia.'';

552 2965 611 3015 in
633 2964 723 3014 Pr.
747 2962 792 3012 1.
817 2966 1006 3026 autem,
1031 2965 1089 3012 ut
1110 2961 1168 3010 in
1187 2960 1356 3028 ipsius
1379 2960 1428 3010 A
1453 2959 1975 3010 Commemorationis
2000 2959 2217 3011 Officio:

654 3043 745 3095 “In
770 3057 873 3110 qua
894 3043 1041 3110 viget
1056 3042 1255 3110 jugiter
1275 3042 1527 3093 memoria
1660 3041 1871 3094 “Sancti
1896 3041 2112 3093 Ceddae:
2179 3041 2388 3094 Jubilet
2411 3043 2731 3098 Ecclesia.”

655 3128 917 3190 Quoniam
948 3127 1110 3193 igitur
1129 3125 1244 3177 Inv.
1271 3130 1508 3177 nostrum
1532 3141 1642 3176 non
1665 3142 1760 3192 per
1780 3125 1871 3176 “In
1889 3141 1993 3191 qua
2009 3124 2236 3195 vigent'',
2267 3125 2364 3177 sed
2383 3143 2487 3192 per
2513 3130 2625 3181 “In
2655 3145 2752 3197 qm

555 3209 765 3279 “viget''
793 3225 1096 3276 expressum
1119 3212 1246 3274 erat,
1278 3226 1388 3261 non
1411 3226 1477 3261 ex
1499 3211 1690 3277 priore,
1723 3209 1815 3261 sed
1840 3225 1904 3260 ex
1925 3210 2230 3277 posteriore,
2255 3208 2467 3273 (addito
2495 3216 2566 3263 ut
2592 3228 2751 3280 supra

555 3291 870 3361 “alleluja’',)
901 3307 1017 3358 quae
1034 3291 1304 3344 brevitatis
1328 3309 1451 3359 ergo
1480 3294 1674 3344 omissa
1697 3298 1846 3344 erant
1867 3291 2124 3358 supplevi.

651 3379 715 3428 In
738 3376 805 3429 Δ..
831 3382 877 3441 2,
899 3392 996 3443 pro
1025 3376 1210 3441 “quam
1233 3375 1446 3427 dilexit''
1470 3376 1641 3428 scribe
1668 3377 1853 3442 “quam
1877 3373 2112 3427 direxit”.

651 3461 717 3511 In
738 3459 806 3511 A.
832 3459 888 3529 3)
906 3458 1373 3526 archipraesulavit]
1399 3459 1869 3526 Archiepiscopum
1889 3460 2029 3511 fecit.

653 3546 757 3596 Pro
786 3543 1090 3596 “Homelia''
1113 3544 1178 3606 A,
1202 3548 1384 3593 contra
1406 3557 1604 3592 morem
1628 3556 1795 3603 suum,
1823 3539 2116 3592 “Omelia'’:
2142 3539 2208 3591 cf.
2233 3537 2301 3588 ad
2325 3539 2358 3601 5
2378 3543 2467 3592 32.

655 3627 904 3679 Homelia
918 3627 970 3678 S.
983 3626 1266 3694 Augustini
1276 3622 1563 3691 Episcopi]
1585 3625 1703 3675 Non
1715 3640 1780 3674 ex
1792 3623 2128 3675 Sermonibus
2139 3624 2195 3673 in
2204 3623 2381 3688 ipsum
2393 3624 2452 3676 S.
2466 3627 2510 3676 J
2513 3629 2759 3680 ohannis

553 3710 920 3777 Euangelium,
946 3710 1038 3760 sed
1063 3725 1129 3759 ex
1152 3709 1402 3761 Sermone
1423 3708 1481 3758 in
1505 3707 1810 3773 parabolam
1840 3706 2001 3774 (apud
2025 3707 2077 3758 S.
2100 3706 2426 3772 Matthaeum,
2453 3711 2595 3767 XX,
2621 3714 2682 3783 1)
2701 3712 2759 3765 de

557 3791 809 3858 operariis
822 3791 880 3840 in
901 3791 1110 3842 vineam
1125 3791 1316 3855 missis,
1334 3790 1447 3842 haec
1465 3789 1623 3842 lectio
1644 3794 1851 3856 sumpta
1869 3794 1966 3842 est.
1988 3789 2071 3841 Ex
2088 3804 2192 3854 quo
2215 3783 2407 3855 (Serm.
2429 3792 2759 3847 LXXXVII
2808 3784 2809 3793 ’
