<?xml version="1.0" encoding="UTF-8"?>
<!DOCTYPE html PUBLIC "-//W3C//DTD XHTML 1.0 Transitional//EN"
    "http://www.w3.org/TR/xhtml1/DTD/xhtml1-transitional.dtd">
<html xmlns="http://www.w3.org/1999/xhtml" xml:lang="en" lang="en">
 <head>
  <title>
</title>
<meta http-equiv="Content-Type" content="text/html;charset=utf-8" />
  <meta name='ocr-system' content='tesseract 3.04.00' />
  <meta name='ocr-capabilities' content='ocr_page ocr_carea ocr_par ocr_line ocrx_word'/>
</head>
<body>
  <div class='ocr_page' id='page_1' title='image "./portiforiiseubr00cathgoog_0063.png"; bbox 0 0 2910 4457; ppageno 0'>
   <div class='ocr_carea' id='block_1_1' title="bbox 948 328 2238 386">
    <p class='ocr_par' dir='ltr' id='par_1_1' title="bbox 948 328 2238 386">
     <span class='ocr_line' id='line_1_1' title="bbox 948 328 2238 386; baseline 0.004 -5"><span class='ocrx_word' id='word_1_1' title='bbox 948 344 1083 382; x_wconf 73' lang='lat' dir='ltr'><strong><em>nou.</em></strong></span> <span class='ocrx_word' id='word_1_2' title='bbox 1111 344 1131 382; x_wconf 91' lang='lat'>1</span> <span class='ocrx_word' id='word_1_3' title='bbox 1157 345 1215 382; x_wconf 77' lang='lat' dir='ltr'><strong>m</strong></span> <span class='ocrx_word' id='word_1_4' title='bbox 1240 345 1361 382; x_wconf 65' lang='grc' dir='ltr'><strong><em>ων.</em></strong></span> <span class='ocrx_word' id='word_1_5' title='bbox 1389 328 1520 382; x_wconf 77' lang='lat' dir='ltr'><strong><em>n&#39;m.</em></strong></span> <span class='ocrx_word' id='word_1_6' title='bbox 2195 334 2238 386; x_wconf 93' lang='lat' dir='ltr'><strong><em>li</em></strong></span> 
     </span>
    </p>
   </div>
   <div class='ocr_carea' id='block_1_2' title="bbox 186 470 2235 3579">
    <p class='ocr_par' dir='ltr' id='par_1_2' title="bbox 186 470 2235 3579">
     <span class='ocr_line' id='line_1_2' title="bbox 197 470 2235 549; baseline 0.001 -19"><span class='ocrx_word' id='word_1_7' title='bbox 197 482 235 508; x_wconf 87' lang='lat'>“</span> <span class='ocrx_word' id='word_1_8' title='bbox 258 474 417 545; x_wconf 63' lang='lat' dir='ltr'><strong><em>scil]</em></strong></span> <span class='ocrx_word' id='word_1_9' title='bbox 446 474 658 528; x_wconf 76' lang='lat' dir='ltr'><strong><em>Deinde</em></strong></span> <span class='ocrx_word' id='word_1_10' title='bbox 680 492 799 526; x_wconf 86' lang='lat' dir='ltr'><strong><em>eum</em></strong></span> <span class='ocrx_word' id='word_1_11' title='bbox 820 474 958 526; x_wconf 71' lang='lat' dir='ltr'><strong><em>socio</em></strong></span> <span class='ocrx_word' id='word_1_12' title='bbox 979 492 1070 525; x_wconf 73' lang='lat' dir='ltr'><strong><em>suo</em></strong></span> <span class='ocrx_word' id='word_1_13' title='bbox 1094 482 1283 526; x_wconf 77' lang='lat' dir='ltr'><strong><em>rectore</em></strong></span> <span class='ocrx_word' id='word_1_14' title='bbox 1304 471 1448 527; x_wconf 67' lang='lat' dir='ltr'><strong><em>ebori</em></strong></span> <span class='ocrx_word' id='word_1_15' title='bbox 1469 470 1703 544; x_wconf 85' lang='lat' dir='ltr'><strong><em>[Gough</em></strong></span> <span class='ocrx_word' id='word_1_16' title='bbox 1721 478 1792 529; x_wconf 87' lang='grc'><strong><em>67</em></strong></span> <span class='ocrx_word' id='word_1_17' title='bbox 1815 493 1959 529; x_wconf 51' lang='lat' dir='ltr'><strong><em>eme.</em></strong></span> <span class='ocrx_word' id='word_1_18' title='bbox 1978 478 2235 549; x_wconf 75' lang='lat' dir='ltr'><strong><em>incipient</em></strong></span> 
     </span>
     <span class='ocr_line' id='line_1_3' title="bbox 196 562 2232 635; baseline -0 -15"><span class='ocrx_word' id='word_1_19' title='bbox 196 572 232 597; x_wconf 79' lang='lat'><strong><em>‘⁴</em></strong></span> <span class='ocrx_word' id='word_1_20' title='bbox 257 577 491 620; x_wconf 72' lang='lat' dir='ltr'><strong><em>rectores</em></strong></span> <span class='ocrx_word' id='word_1_21' title='bbox 511 565 656 616; x_wconf 76' lang='lat' dir='ltr'><strong><em>chori</em></strong></span> <span class='ocrx_word' id='word_1_22' title='bbox 672 563 719 632; x_wconf 70' lang='grc' dir='ltr'><strong><em>ε]</em></strong></span> <span class='ocrx_word' id='word_1_23' title='bbox 747 565 807 615; x_wconf 80' lang='lat' dir='ltr'><strong><em>iu</em></strong></span> <span class='ocrx_word' id='word_1_24' title='bbox 821 563 998 633; x_wconf 73' lang='lat' dir='ltr'><strong><em>cappis</em></strong></span> <span class='ocrx_word' id='word_1_25' title='bbox 1013 564 1189 614; x_wconf 72' lang='lat' dir='ltr'><strong><em>sericis</em></strong></span> <span class='ocrx_word' id='word_1_26' title='bbox 1206 562 1275 614; x_wconf 85' lang='lat' dir='ltr'><strong><em>ad</em></strong></span> <span class='ocrx_word' id='word_1_27' title='bbox 1287 562 1510 631; x_wconf 77' lang='lat' dir='ltr'><strong><em>yradum</em></strong></span> <span class='ocrx_word' id='word_1_28' title='bbox 1523 563 1668 616; x_wconf 76' lang='lat' dir='ltr'><strong><em>chori</em></strong></span> <span class='ocrx_word' id='word_1_29' title='bbox 1681 564 1841 616; x_wconf 75' lang='lat' dir='ltr'><strong><em>simul</em></strong></span> <span class='ocrx_word' id='word_1_30' title='bbox 1847 565 2111 635; x_wconf 76' lang='lat' dir='ltr'><strong><em>incipiant</em></strong></span> <span class='ocrx_word' id='word_1_31' title='bbox 2128 567 2232 619; x_wconf 78' lang='lat' dir='ltr'><strong><em>inv.</em></strong></span> 
     </span>
     <span class='ocr_line' id='line_1_4' title="bbox 196 648 2233 718; baseline -0.001 -11"><span class='ocrx_word' id='word_1_32' title='bbox 196 659 242 704; x_wconf 86' lang='lat'><strong><em>“.</em></strong></span> <span class='ocrx_word' id='word_1_33' title='bbox 262 653 422 707; x_wconf 84' lang='lat' dir='ltr'><strong><em>Eece</em></strong></span> <span class='ocrx_word' id='word_1_34' title='bbox 443 652 595 704; x_wconf 81' lang='lat' dir='ltr'><strong><em>venit</em></strong></span> <span class='ocrx_word' id='word_1_35' title='bbox 620 650 752 703; x_wconf 83' lang='lat' dir='ltr'><strong><em>Rex.</em></strong></span> <span class='ocrx_word' id='word_1_36' title='bbox 795 648 997 701; x_wconf 71' lang='lat' dir='ltr'><strong><em>Chorus</em></strong></span> <span class='ocrx_word' id='word_1_37' title='bbox 1006 658 1348 718; x_wconf 71' lang='lat' dir='ltr'><strong><em>prosequatur</em></strong></span> <span class='ocrx_word' id='word_1_38' title='bbox 1369 650 1446 701; x_wconf 75' lang='lat' dir='ltr'><strong><em>sie</em></strong></span> <span class='ocrx_word' id='word_1_39' title='bbox 1463 671 1480 702; x_wconf 88' lang='lat'><strong><em>.-</em></strong></span> <span class='ocrx_word' id='word_1_40' title='bbox 1510 648 1860 704; x_wconf 81' lang='lat' dir='ltr'><strong><em>Oecurramus</em></strong></span> <span class='ocrx_word' id='word_1_41' title='bbox 1882 652 2092 705; x_wconf 83' lang='lat' dir='ltr'><strong><em>obviam</em></strong></span> <span class='ocrx_word' id='word_1_42' title='bbox 2119 651 2233 705; x_wconf 78' lang='lat' dir='ltr'><strong><em>Sal-</em></strong></span> 
     </span>
     <span class='ocr_line' id='line_1_5' title="bbox 195 735 2229 801; baseline -0.001 -7"><span class='ocrx_word' id='word_1_43' title='bbox 195 747 234 771; x_wconf 90' lang='lat'><strong>“</strong></span> <span class='ocrx_word' id='word_1_44' title='bbox 259 741 443 794; x_wconf 73' lang='lat' dir='ltr'><strong><em>vatori</em></strong></span> <span class='ocrx_word' id='word_1_45' title='bbox 467 746 662 791; x_wconf 79' lang='lat' dir='ltr'><strong><em>nostro.</em></strong></span> <span class='ocrx_word' id='word_1_46' title='bbox 704 735 946 788; x_wconf 73' lang='lat' dir='ltr'><strong><em>Rectores</em></strong></span> <span class='ocrx_word' id='word_1_47' title='bbox 963 736 1141 787; x_wconf 78' lang='lat' dir='ltr'><strong><em>dicant</em></strong></span> <span class='ocrx_word' id='word_1_48' title='bbox 1154 735 1316 788; x_wconf 74' lang='lat' dir='ltr'><strong><em>simul</em></strong></span> <span class='ocrx_word' id='word_1_49' title='bbox 1332 745 1496 787; x_wconf 89' lang='lat' dir='ltr'><strong><em>totum</em></strong></span> <span class='ocrx_word' id='word_1_50' title='bbox 1511 735 1781 788; x_wconf 69' lang='lat' dir='ltr'><strong><em>Psalmum</em></strong></span> <span class='ocrx_word' id='word_1_51' title='bbox 1800 737 2010 801; x_wconf 87' lang='lat' dir='ltr'><strong><em>Venite,</em></strong></span> <span class='ocrx_word' id='word_1_52' title='bbox 2025 738 2229 791; x_wconf 77' lang='lat' dir='ltr'><strong><em>nullum</em></strong></span> 
     </span>
     <span class='ocr_line' id='line_1_6' title="bbox 195 821 2228 893; baseline -0 -13"><span class='ocrx_word' id='word_1_53' title='bbox 195 833 233 857; x_wconf 90' lang='lat'>“</span> <span class='ocrx_word' id='word_1_54' title='bbox 252 845 468 880; x_wconf 65' lang='lat' dir='ltr'><strong><em>versum</em></strong></span> <span class='ocrx_word' id='word_1_55' title='bbox 490 823 784 877; x_wconf 73' lang='lat' dir='ltr'><strong><em>exaltando.</em></strong></span> <span class='ocrx_word' id='word_1_56' title='bbox 822 822 951 875; x_wconf 72' lang='lat' dir='ltr'><strong><em>Post</em></strong></span> <span class='ocrx_word' id='word_1_57' title='bbox 973 824 995 874; x_wconf 80' lang='lat' dir='ltr'><strong><em>i</em></strong></span> <span class='ocrx_word' id='word_1_58' title='bbox 1020 832 1068 874; x_wconf 87' lang='lat' dir='ltr'><strong><em>et</em></strong></span> <span class='ocrx_word' id='word_1_59' title='bbox 1091 841 1121 873; x_wconf 87' lang='lat' dir='ltr'><strong><em>v</em></strong></span> <span class='ocrx_word' id='word_1_60' title='bbox 1152 841 1320 874; x_wconf 73' lang='lat' dir='ltr'><strong><em>versus</em></strong></span> <span class='ocrx_word' id='word_1_61' title='bbox 1347 821 1553 874; x_wconf 74' lang='lat' dir='ltr'><strong><em>Psalmi</em></strong></span> <span class='ocrx_word' id='word_1_62' title='bbox 1577 832 1837 893; x_wconf 78' lang='lat' dir='ltr'><strong><em>repetatur</em></strong></span> <span class='ocrx_word' id='word_1_63' title='bbox 1861 834 2022 876; x_wconf 88' lang='lat' dir='ltr'><strong><em>totum</em></strong></span> <span class='ocrx_word' id='word_1_64' title='bbox 2054 827 2158 878; x_wconf 79' lang='lat' dir='ltr'><strong><em>inv.</em></strong></span> <span class='ocrx_word' id='word_1_65' title='bbox 2197 847 2228 879; x_wconf 86' lang='lat' dir='ltr'><strong><em>a</em></strong></span> 
     </span>
     <span class='ocr_line' id='line_1_7' title="bbox 191 909 2226 981; baseline -0 -14"><span class='ocrx_word' id='word_1_66' title='bbox 191 920 233 944; x_wconf 90' lang='lat'>“</span> <span class='ocrx_word' id='word_1_67' title='bbox 258 914 444 967; x_wconf 69' lang='lat' dir='ltr'><strong><em>choro.</em></strong></span> <span class='ocrx_word' id='word_1_68' title='bbox 482 912 562 964; x_wconf 88' lang='lat' dir='ltr'><strong><em>Et</em></strong></span> <span class='ocrx_word' id='word_1_69' title='bbox 578 920 697 981; x_wconf 76' lang='lat' dir='ltr'><strong><em>poet</em></strong></span> <span class='ocrx_word' id='word_1_70' title='bbox 726 910 796 981; x_wconf 67' lang='grc' dir='ltr'><strong><em>ἰὴ·</em></strong></span> <span class='ocrx_word' id='word_1_71' title='bbox 825 927 1024 962; x_wconf 73' lang='lat' dir='ltr'><strong><em>versum</em></strong></span> <span class='ocrx_word' id='word_1_72' title='bbox 1054 928 1087 962; x_wconf 93' lang='lat' dir='ltr'><strong><em>a</em></strong></span> <span class='ocrx_word' id='word_1_73' title='bbox 1119 919 1326 961; x_wconf 76' lang='lat' dir='ltr'><strong><em>cantore</em></strong></span> <span class='ocrx_word' id='word_1_74' title='bbox 1347 909 1425 960; x_wconf 82' lang='lat' dir='ltr'><strong><em>vel</em></strong></span> <span class='ocrx_word' id='word_1_75' title='bbox 1442 918 1732 961; x_wconf 71' lang='lat' dir='ltr'><strong><em>succentore</em></strong></span> <span class='ocrx_word' id='word_1_76' title='bbox 1754 911 2100 981; x_wconf 78' lang='lat' dir='ltr'><strong><em>reincipiatur</em></strong></span> <span class='ocrx_word' id='word_1_77' title='bbox 2123 914 2226 966; x_wconf 80' lang='lat' dir='ltr'><strong><em>inv.</em></strong></span> 
     </span>
     <span class='ocr_line' id='line_1_8' title="bbox 196 988 2231 1069; baseline -0.001 -16"><span class='ocrx_word' id='word_1_78' title='bbox 196 1006 235 1031; x_wconf 90' lang='lat'>“</span> <span class='ocrx_word' id='word_1_79' title='bbox 261 1018 440 1053; x_wconf 74' lang='lat' dir='ltr'><strong><em>vocem</em></strong></span> <span class='ocrx_word' id='word_1_80' title='bbox 462 996 757 1060; x_wconf 72' lang='lat' dir='ltr'><strong><em>exaltando,</em></strong></span> <span class='ocrx_word' id='word_1_81' title='bbox 779 1006 828 1048; x_wconf 87' lang='lat' dir='ltr'><strong><em>et</em></strong></span> <span class='ocrx_word' id='word_1_82' title='bbox 843 988 1177 1067; x_wconf 53' lang='lat' dir='ltr'><strong><em>percantet&amp;</em></strong></span> <span class='ocrx_word' id='word_1_83' title='bbox 1201 1014 1234 1048; x_wconf 92' lang='lat' dir='ltr'><strong><em>a</em></strong></span> <span class='ocrx_word' id='word_1_84' title='bbox 1262 995 1430 1048; x_wconf 72' lang='lat' dir='ltr'><strong><em>choro.</em></strong></span> <span class='ocrx_word' id='word_1_85' title='bbox 1504 995 1633 1048; x_wconf 72' lang='lat' dir='ltr'><strong><em>Post</em></strong></span> <span class='ocrx_word' id='word_1_86' title='bbox 1665 996 1712 1067; x_wconf 64' lang='lat' dir='ltr'><strong><em>t)</em></strong></span> <span class='ocrx_word' id='word_1_87' title='bbox 1733 998 1856 1049; x_wconf 79' lang='lat' dir='ltr'><strong><em>vero</em></strong></span> <span class='ocrx_word' id='word_1_88' title='bbox 1886 1007 1936 1049; x_wconf 87' lang='lat' dir='ltr'><strong><em>et</em></strong></span> <span class='ocrx_word' id='word_1_89' title='bbox 1968 999 2062 1068; x_wconf 79' lang='lat' dir='ltr'><strong><em>iiij</em></strong></span> <span class='ocrx_word' id='word_1_90' title='bbox 2093 1009 2141 1051; x_wconf 87' lang='lat' dir='ltr'><strong><em>et</em></strong></span> <span class='ocrx_word' id='word_1_91' title='bbox 2180 1002 2231 1069; x_wconf 63' lang='grc' dir='ltr'><strong><em>η’</em></strong></span> 
     </span>
     <span class='ocr_line' id='line_1_9' title="bbox 197 1073 2232 1156; baseline -0.001 -16"><span class='ocrx_word' id='word_1_92' title='bbox 197 1092 238 1118; x_wconf 81' lang='grc'><strong>“</strong></span> <span class='ocrx_word' id='word_1_93' title='bbox 264 1104 442 1140; x_wconf 73' lang='lat' dir='ltr'><strong><em>venue</em></strong></span> <span class='ocrx_word' id='word_1_94' title='bbox 467 1084 672 1137; x_wconf 74' lang='lat' dir='ltr'><strong><em>Psalmi</em></strong></span> <span class='ocrx_word' id='word_1_95' title='bbox 704 1093 898 1154; x_wconf 75' lang='lat' dir='ltr'><strong><em>repetat</em></strong></span> <span class='ocrx_word' id='word_1_96' title='bbox 932 1083 1115 1135; x_wconf 72' lang='lat' dir='ltr'><strong><em>chorus</em></strong></span> <span class='ocrx_word' id='word_1_97' title='bbox 1140 1081 1494 1136; x_wconf 81' lang='lat' dir='ltr'><strong><em>Oceurramus</em></strong></span> <span class='ocrx_word' id='word_1_98' title='bbox 1523 1092 1615 1136; x_wconf 86' lang='lat' dir='ltr'><strong><em>ete.</em></strong></span> <span class='ocrx_word' id='word_1_99' title='bbox 1651 1084 1862 1137; x_wconf 77' lang='lat' dir='ltr'><strong><em>Deinde</em></strong></span> <span class='ocrx_word' id='word_1_100' title='bbox 1883 1073 2232 1156; x_wconf 66' lang='lat' dir='ltr'><strong><em>reincipiatur</em></strong></span> 
     </span>
     <span class='ocr_line' id='line_1_10' title="bbox 199 1169 1360 1239; baseline -0.005 -13"><span class='ocrx_word' id='word_1_101' title='bbox 199 1178 243 1203; x_wconf 72' lang='lat'><strong><em>‘⁴</em></strong></span> <span class='ocrx_word' id='word_1_102' title='bbox 268 1175 380 1226; x_wconf 78' lang='lat' dir='ltr'><strong><em>inv.</em></strong></span> <span class='ocrx_word' id='word_1_103' title='bbox 403 1191 436 1224; x_wconf 86' lang='lat' dir='ltr'><strong><em>a</em></strong></span> <span class='ocrx_word' id='word_1_104' title='bbox 459 1180 668 1233; x_wconf 87' lang='lat' dir='ltr'><strong><em>rectore,</em></strong></span> <span class='ocrx_word' id='word_1_105' title='bbox 692 1179 741 1221; x_wconf 88' lang='lat' dir='ltr'><strong><em>et</em></strong></span> <span class='ocrx_word' id='word_1_106' title='bbox 754 1178 1085 1239; x_wconf 72' lang='lat' dir='ltr'><strong><em>permutetur</em></strong></span> <span class='ocrx_word' id='word_1_107' title='bbox 1108 1187 1140 1220; x_wconf 94' lang='lat' dir='ltr'><strong><em>a</em></strong></span> <span class='ocrx_word' id='word_1_108' title='bbox 1165 1169 1360 1221; x_wconf 76' lang='lat' dir='ltr'><strong><em>choro.”</em></strong></span> 
     </span>
     <span class='ocr_line' id='line_1_11' title="bbox 291 1256 2231 1333; baseline 0.002 -22"><span class='ocrx_word' id='word_1_109' title='bbox 291 1259 427 1321; x_wconf 81' lang='lat' dir='ltr'><strong><em>Quae</em></strong></span> <span class='ocrx_word' id='word_1_110' title='bbox 453 1261 497 1310; x_wconf 87' lang='lat' dir='ltr'><strong><em>si</em></strong></span> <span class='ocrx_word' id='word_1_111' title='bbox 521 1274 645 1310; x_wconf 88' lang='lat' dir='ltr'><strong><em>cum</em></strong></span> <span class='ocrx_word' id='word_1_112' title='bbox 668 1256 998 1326; x_wconf 85' lang='lat' dir='ltr'><strong><em>paragrapho</em></strong></span> <span class='ocrx_word' id='word_1_113' title='bbox 1031 1265 1281 1326; x_wconf 85' lang='lat' dir='ltr'><strong><em>sequente</em></strong></span> <span class='ocrx_word' id='word_1_114' title='bbox 1313 1265 1368 1312; x_wconf 83' lang='lat' dir='ltr'><strong><em>et</em></strong></span> <span class='ocrx_word' id='word_1_115' title='bbox 1396 1257 1605 1312; x_wconf 67' lang='lat' dir='ltr'><strong><em>Tabula</em></strong></span> <span class='ocrx_word' id='word_1_116' title='bbox 1630 1258 1708 1327; x_wconf 89' lang='lat' dir='ltr'><strong><em>(in</em></strong></span> <span class='ocrx_word' id='word_1_117' title='bbox 1741 1259 1898 1314; x_wconf 89' lang='lat' dir='ltr'><strong><em>Brev.</em></strong></span> <span class='ocrx_word' id='word_1_118' title='bbox 1925 1260 2143 1333; x_wconf 81' lang='lat' dir='ltr'><strong><em>Sarisb.)</em></strong></span> <span class='ocrx_word' id='word_1_119' title='bbox 2168 1264 2231 1315; x_wconf 86' lang='lat' dir='ltr'><strong><em>de</em></strong></span> 
     </span>
     <span class='ocr_line' id='line_1_12' title="bbox 186 1346 2231 1420; baseline 0.001 -20"><span class='ocrx_word' id='word_1_120' title='bbox 186 1348 468 1417; x_wconf 65' lang='lat' dir='ltr'><strong><em>festorum</em></strong></span> <span class='ocrx_word' id='word_1_121' title='bbox 491 1346 742 1398; x_wconf 73' lang='lat' dir='ltr'><strong><em>divisione</em></strong></span> <span class='ocrx_word' id='word_1_122' title='bbox 764 1352 1148 1414; x_wconf 81' lang='lat' dir='ltr'><strong><em>comparentur,</em></strong></span> <span class='ocrx_word' id='word_1_123' title='bbox 1167 1347 1295 1399; x_wconf 78' lang='lat' dir='ltr'><strong><em>satis</em></strong></span> <span class='ocrx_word' id='word_1_124' title='bbox 1311 1347 1655 1400; x_wconf 69' lang='lat' dir='ltr'><strong><em>manifestum</em></strong></span> <span class='ocrx_word' id='word_1_125' title='bbox 1680 1349 1795 1413; x_wconf 88' lang='lat' dir='ltr'><strong><em>erit,</em></strong></span> <span class='ocrx_word' id='word_1_126' title='bbox 1809 1365 1929 1418; x_wconf 76' lang='lat' dir='ltr'><strong><em>quoe</em></strong></span> <span class='ocrx_word' id='word_1_127' title='bbox 1954 1351 2010 1402; x_wconf 90' lang='lat' dir='ltr'><strong><em>in</em></strong></span> <span class='ocrx_word' id='word_1_128' title='bbox 2030 1350 2231 1420; x_wconf 81' lang='lat' dir='ltr'><strong><em>Gough</em></strong></span> 
     </span>
     <span class='ocr_line' id='line_1_13' title="bbox 204 1432 2229 1498; baseline 0.001 -10"><span class='ocrx_word' id='word_1_129' title='bbox 204 1439 287 1488; x_wconf 86' lang='grc'><strong><em>67</em></strong></span> <span class='ocrx_word' id='word_1_130' title='bbox 311 1444 368 1488; x_wconf 89' lang='lat' dir='ltr'><strong><em>et</em></strong></span> <span class='ocrx_word' id='word_1_131' title='bbox 402 1434 591 1486; x_wconf 87' lang='lat' dir='ltr'><strong><em>Douce</em></strong></span> <span class='ocrx_word' id='word_1_132' title='bbox 628 1432 747 1485; x_wconf 82' lang='lat' dir='ltr'><strong><em>Res.</em></strong></span> <span class='ocrx_word' id='word_1_133' title='bbox 781 1434 920 1485; x_wconf 77' lang='lat' dir='ltr'><strong><em>reete</em></strong></span> <span class='ocrx_word' id='word_1_134' title='bbox 958 1441 1164 1486; x_wconf 85' lang='lat' dir='ltr'><strong><em>servata</em></strong></span> <span class='ocrx_word' id='word_1_135' title='bbox 1186 1441 1328 1498; x_wconf 83' lang='lat' dir='ltr'><strong><em>sunt,</em></strong></span> <span class='ocrx_word' id='word_1_136' title='bbox 1353 1450 1418 1486; x_wconf 82' lang='lat' dir='ltr'><strong><em>ea</em></strong></span> <span class='ocrx_word' id='word_1_137' title='bbox 1439 1434 1498 1486; x_wconf 90' lang='lat' dir='ltr'><strong><em>in</em></strong></span> <span class='ocrx_word' id='word_1_138' title='bbox 1532 1434 1818 1488; x_wconf 81' lang='lat' dir='ltr'><strong><em>Breviariis</em></strong></span> <span class='ocrx_word' id='word_1_139' title='bbox 1842 1437 2229 1490; x_wconf 77' lang='lat' dir='ltr'><strong><em>Communibus</em></strong></span> 
     </span>
     <span class='ocr_line' id='line_1_14' title="bbox 201 1519 2227 1589; baseline 0 -16"><span class='ocrx_word' id='word_1_140' title='bbox 201 1523 489 1575; x_wconf 78' lang='lat' dir='ltr'><strong><em>brevitatis</em></strong></span> <span class='ocrx_word' id='word_1_141' title='bbox 512 1520 697 1573; x_wconf 63' lang='lat' dir='ltr'><strong><em>caussa</em></strong></span> <span class='ocrx_word' id='word_1_142' title='bbox 724 1519 919 1589; x_wconf 84' lang='lat' dir='ltr'><strong><em>partim</em></strong></span> <span class='ocrx_word' id='word_1_143' title='bbox 945 1520 1157 1583; x_wconf 81' lang='lat' dir='ltr'><strong><em>omissa,</em></strong></span> <span class='ocrx_word' id='word_1_144' title='bbox 1181 1521 1377 1588; x_wconf 82' lang='lat' dir='ltr'><strong><em>partim</em></strong></span> <span class='ocrx_word' id='word_1_145' title='bbox 1410 1520 1469 1571; x_wconf 85' lang='lat' dir='ltr'><strong><em>in</em></strong></span> <span class='ocrx_word' id='word_1_146' title='bbox 1492 1521 1774 1589; x_wconf 82' lang='lat' dir='ltr'><strong><em>angustius</em></strong></span> <span class='ocrx_word' id='word_1_147' title='bbox 1796 1525 2068 1575; x_wconf 78' lang='lat' dir='ltr'><strong><em>eontracta</em></strong></span> <span class='ocrx_word' id='word_1_148' title='bbox 2098 1539 2227 1576; x_wconf 77' lang='lat' dir='ltr'><strong><em>esse.</em></strong></span> 
     </span>
     <span class='ocr_line' id='line_1_15' title="bbox 208 1608 2228 1680; baseline 0 -17"><span class='ocrx_word' id='word_1_149' title='bbox 208 1611 301 1664; x_wconf 87' lang='lat' dir='ltr'><strong><em>cf.</em></strong></span> <span class='ocrx_word' id='word_1_150' title='bbox 341 1609 486 1679; x_wconf 90' lang='lat' dir='ltr'><strong><em>quod</em></strong></span> <span class='ocrx_word' id='word_1_151' title='bbox 524 1608 591 1662; x_wconf 88' lang='lat' dir='ltr'><strong><em>de</em></strong></span> <span class='ocrx_word' id='word_1_152' title='bbox 629 1608 996 1661; x_wconf 86' lang='lat' dir='ltr'><strong><em>omissionibus</em></strong></span> <span class='ocrx_word' id='word_1_153' title='bbox 1032 1608 1309 1672; x_wconf 86' lang='lat' dir='ltr'>similibus,</span> <span class='ocrx_word' id='word_1_154' title='bbox 1336 1609 1391 1660; x_wconf 93' lang='lat' dir='ltr'><strong><em>in</em></strong></span> <span class='ocrx_word' id='word_1_155' title='bbox 1426 1609 1555 1678; x_wconf 86' lang='lat' dir='ltr'>ipsis</span> <span class='ocrx_word' id='word_1_156' title='bbox 1585 1626 1793 1678; x_wconf 87' lang='lat' dir='ltr'><strong><em>quoque</em></strong></span> <span class='ocrx_word' id='word_1_157' title='bbox 1831 1609 2031 1680; x_wconf 84' lang='lat' dir='ltr'><strong><em>Gough</em></strong></span> <span class='ocrx_word' id='word_1_158' title='bbox 2067 1614 2136 1664; x_wconf 83' lang='grc'><strong><em>67</em></strong></span> <span class='ocrx_word' id='word_1_159' title='bbox 2173 1621 2228 1664; x_wconf 87' lang='lat' dir='ltr'><strong><em>et</em></strong></span> 
     </span>
     <span class='ocr_line' id='line_1_16' title="bbox 210 1693 2184 1766; baseline 0.001 -16"><span class='ocrx_word' id='word_1_160' title='bbox 210 1698 409 1750; x_wconf 84' lang='lat' dir='ltr'><strong><em>Douee</em></strong></span> <span class='ocrx_word' id='word_1_161' title='bbox 435 1694 559 1749; x_wconf 86' lang='lat' dir='ltr'><strong><em>Ref.</em></strong></span> <span class='ocrx_word' id='word_1_162' title='bbox 584 1693 851 1759; x_wconf 46' lang='lat' dir='ltr'><strong><em>notandi&amp;</em></strong></span> <span class='ocrx_word' id='word_1_163' title='bbox 876 1694 946 1747; x_wconf 87' lang='lat' dir='ltr'><strong><em>ad</em></strong></span> <span class='ocrx_word' id='word_1_164' title='bbox 969 1711 1020 1764; x_wconf 89' lang='lat' dir='ltr'><strong><em>p.</em></strong></span> <span class='ocrx_word' id='word_1_165' title='bbox 1046 1697 1081 1746; x_wconf 84' lang='lat'><strong>3</strong></span> <span class='ocrx_word' id='word_1_166' title='bbox 1106 1695 1155 1746; x_wconf 91' lang='lat' dir='ltr'><strong><em>b.</em></strong></span> <span class='ocrx_word' id='word_1_167' title='bbox 1181 1703 1236 1748; x_wconf 89' lang='lat' dir='ltr'><strong><em>et</em></strong></span> <span class='ocrx_word' id='word_1_168' title='bbox 1258 1694 1319 1747; x_wconf 91' lang='lat' dir='ltr'><strong><em>P.</em></strong></span> <span class='ocrx_word' id='word_1_169' title='bbox 1351 1699 1445 1748; x_wconf 89' lang='lat'><strong><em>101</em></strong></span> <span class='ocrx_word' id='word_1_170' title='bbox 1475 1696 1528 1748; x_wconf 88' lang='lat' dir='ltr'><strong><em>b.</em></strong></span> <span class='ocrx_word' id='word_1_171' title='bbox 1545 1695 1664 1765; x_wconf 84' lang='lat' dir='ltr'><strong><em>jam</em></strong></span> <span class='ocrx_word' id='word_1_172' title='bbox 1688 1713 1847 1766; x_wconf 77' lang='lat' dir='ltr'><strong><em>supra</em></strong></span> <span class='ocrx_word' id='word_1_173' title='bbox 1869 1699 2184 1752; x_wconf 68' lang='lat' dir='ltr'><strong><em>notavimus.</em></strong></span> 
     </span>
     <span class='ocr_line' id='line_1_17' title="bbox 286 1780 2192 1855; baseline 0.001 -19"><span class='ocrx_word' id='word_1_174' title='bbox 286 1783 374 1837; x_wconf 90' lang='lat' dir='ltr'><strong><em>De</em></strong></span> <span class='ocrx_word' id='word_1_175' title='bbox 399 1782 704 1834; x_wconf 82' lang='lat' dir='ltr'><strong><em>invitatorio</em></strong></span> <span class='ocrx_word' id='word_1_176' title='bbox 726 1788 905 1834; x_wconf 84' lang='lat' dir='ltr'><strong><em>autem</em></strong></span> <span class='ocrx_word' id='word_1_177' title='bbox 930 1782 1043 1850; x_wconf 81' lang='lat' dir='ltr'><strong><em>ipso</em></strong></span> <span class='ocrx_word' id='word_1_178' title='bbox 1068 1780 1482 1850; x_wconf 83' lang='lat' dir='ltr'><strong><em>disputationem</em></strong></span> <span class='ocrx_word' id='word_1_179' title='bbox 1505 1782 1575 1835; x_wconf 81' lang='lat' dir='ltr'><strong><em>ad</em></strong></span> <span class='ocrx_word' id='word_1_180' title='bbox 1597 1782 1860 1838; x_wconf 80' lang='lat' dir='ltr'><strong><em>Addenda</em></strong></span> <span class='ocrx_word' id='word_1_181' title='bbox 1881 1786 2192 1855; x_wconf 72' lang='lat' dir='ltr'><strong><em>relegamus.</em></strong></span> 
     </span>
     <span class='ocr_line' id='line_1_18' title="bbox 283 1867 1608 1938; baseline 0 -15"><span class='ocrx_word' id='word_1_182' title='bbox 283 1869 532 1937; x_wconf 72' lang='lat' dir='ltr'><strong><em>servetur]</em></strong></span> <span class='ocrx_word' id='word_1_183' title='bbox 562 1867 759 1938; x_wconf 84' lang='lat' dir='ltr'><strong><em>Gough</em></strong></span> <span class='ocrx_word' id='word_1_184' title='bbox 783 1871 852 1921; x_wconf 90' lang='grc'><strong><em>67</em></strong></span> <span class='ocrx_word' id='word_1_185' title='bbox 877 1877 931 1921; x_wconf 85' lang='lat' dir='ltr'><strong><em>et</em></strong></span> <span class='ocrx_word' id='word_1_186' title='bbox 956 1867 1140 1921; x_wconf 85' lang='lat' dir='ltr'><strong><em>Douee</em></strong></span> <span class='ocrx_word' id='word_1_187' title='bbox 1165 1868 1282 1922; x_wconf 85' lang='lat' dir='ltr'><strong><em>Ref.</em></strong></span> <span class='ocrx_word' id='word_1_188' title='bbox 1307 1867 1608 1923; x_wconf 74' lang='lat' dir='ltr'><strong><em>observetur.</em></strong></span> 
     </span>
     <span class='ocr_line' id='line_1_19' title="bbox 284 1953 1275 2027; baseline -0.001 -18"><span class='ocrx_word' id='word_1_189' title='bbox 284 1966 334 2009; x_wconf 88' lang='lat' dir='ltr'><strong><em>et</em></strong></span> <span class='ocrx_word' id='word_1_190' title='bbox 356 1953 559 2027; x_wconf 71' lang='lat' dir='ltr'><strong><em>postea]</em></strong></span> <span class='ocrx_word' id='word_1_191' title='bbox 593 1955 765 2007; x_wconf 88' lang='lat' dir='ltr'><strong><em>Iidem</em></strong></span> <span class='ocrx_word' id='word_1_192' title='bbox 788 1956 909 2007; x_wconf 87' lang='lat' dir='ltr'>libri</span> <span class='ocrx_word' id='word_1_193' title='bbox 935 1956 1189 2008; x_wconf 88' lang='lat' dir='ltr'><strong><em>omittunt</em></strong></span> <span class='ocrx_word' id='word_1_194' title='bbox 1211 1966 1275 2008; x_wconf 87' lang='lat' dir='ltr'><strong><em>et.</em></strong></span> 
     </span>
     <span class='ocr_line' id='line_1_20' title="bbox 284 2041 1269 2112; baseline -0.002 -17"><span class='ocrx_word' id='word_1_195' title='bbox 284 2059 339 2112; x_wconf 88' lang='lat' dir='ltr'><strong><em>p.</em></strong></span> <span class='ocrx_word' id='word_1_196' title='bbox 366 2047 401 2094; x_wconf 85' lang='lat'>4</span> <span class='ocrx_word' id='word_1_197' title='bbox 425 2043 482 2094; x_wconf 89' lang='lat' dir='ltr'><strong><em>b.</em></strong></span> <span class='ocrx_word' id='word_1_198' title='bbox 509 2041 732 2110; x_wconf 84' lang='lat' dir='ltr'><strong><em>declini]</em></strong></span> <span class='ocrx_word' id='word_1_199' title='bbox 763 2041 854 2094; x_wconf 91' lang='lat' dir='ltr'><strong><em>Br.</em></strong></span> <span class='ocrx_word' id='word_1_200' title='bbox 883 2041 1041 2093; x_wconf 89' lang='lat' dir='ltr'><strong><em>Ebor.</em></strong></span> <span class='ocrx_word' id='word_1_201' title='bbox 1067 2041 1269 2094; x_wconf 81' lang='lat' dir='ltr'><strong><em>declivi.</em></strong></span> 
     </span>
     <span class='ocr_line' id='line_1_21' title="bbox 284 2127 1366 2196; baseline -0.002 -14"><span class='ocrx_word' id='word_1_202' title='bbox 284 2129 414 2182; x_wconf 87' lang='lat' dir='ltr'><strong><em>Non</em></strong></span> <span class='ocrx_word' id='word_1_203' title='bbox 440 2128 685 2196; x_wconf 84' lang='lat' dir='ltr'><strong><em>demum]</em></strong></span> <span class='ocrx_word' id='word_1_204' title='bbox 716 2128 806 2180; x_wconf 90' lang='lat' dir='ltr'><strong><em>Br.</em></strong></span> <span class='ocrx_word' id='word_1_205' title='bbox 834 2127 992 2180; x_wconf 79' lang='lat' dir='ltr'><strong><em>Ebot.</em></strong></span> <span class='ocrx_word' id='word_1_206' title='bbox 1032 2127 1156 2179; x_wconf 79' lang='lat' dir='ltr'><strong><em>Non</em></strong></span> <span class='ocrx_word' id='word_1_207' title='bbox 1181 2127 1266 2180; x_wconf 77' lang='lat' dir='ltr'><strong><em>dee</em></strong></span> <span class='ocrx_word' id='word_1_208' title='bbox 1288 2138 1366 2180; x_wconf 92' lang='lat' dir='ltr'><strong><em>ut.</em></strong></span> 
     </span>
     <span class='ocr_line' id='line_1_22' title="bbox 283 2213 2227 2284; baseline 0 -15"><span class='ocrx_word' id='word_1_209' title='bbox 283 2213 584 2284; x_wconf 77' lang='lat' dir='ltr'><strong><em>arctemur]</em></strong></span> <span class='ocrx_word' id='word_1_210' title='bbox 635 2214 836 2284; x_wconf 88' lang='lat' dir='ltr'><strong><em>Gough</em></strong></span> <span class='ocrx_word' id='word_1_211' title='bbox 879 2219 966 2279; x_wconf 89' lang='grc'><strong><em>67,</em></strong></span> <span class='ocrx_word' id='word_1_212' title='bbox 1006 2214 1193 2268; x_wconf 87' lang='lat' dir='ltr'><strong><em>Douce</em></strong></span> <span class='ocrx_word' id='word_1_213' title='bbox 1229 2213 1368 2280; x_wconf 69' lang='lat' dir='ltr'><strong><em>Res„</em></strong></span> <span class='ocrx_word' id='word_1_214' title='bbox 1406 2213 1607 2284; x_wconf 85' lang='lat' dir='ltr'><strong><em>Gough</em></strong></span> <span class='ocrx_word' id='word_1_215' title='bbox 1635 2217 1703 2268; x_wconf 85' lang='lat'><strong><em>68</em></strong></span> <span class='ocrx_word' id='word_1_216' title='bbox 1738 2215 1791 2278; x_wconf 93' lang='lat' dir='ltr'><strong><em>b,</em></strong></span> <span class='ocrx_word' id='word_1_217' title='bbox 1828 2222 1883 2269; x_wconf 87' lang='lat' dir='ltr'><strong><em>et</em></strong></span> <span class='ocrx_word' id='word_1_218' title='bbox 1920 2214 2014 2268; x_wconf 91' lang='lat' dir='ltr'><strong><em>Br.</em></strong></span> <span class='ocrx_word' id='word_1_219' title='bbox 2068 2215 2227 2269; x_wconf 91' lang='lat' dir='ltr'><strong><em>Ebor.</em></strong></span> 
     </span>
     <span class='ocr_line' id='line_1_23' title="bbox 205 2303 1585 2372; baseline -0.004 -14"><span class='ocrx_word' id='word_1_220' title='bbox 205 2310 453 2358; x_wconf 84' lang='lat' dir='ltr'><strong><em>artemur</em></strong></span> <span class='ocrx_word' id='word_1_221' title='bbox 471 2319 490 2354; x_wconf 94' lang='lat'><strong><em>.·</em></strong></span> <span class='ocrx_word' id='word_1_222' title='bbox 533 2303 722 2372; x_wconf 86' lang='lat' dir='ltr'><strong><em>reliqui</em></strong></span> <span class='ocrx_word' id='word_1_223' title='bbox 746 2319 877 2372; x_wconf 85' lang='lat' dir='ltr'><strong><em>quos</em></strong></span> <span class='ocrx_word' id='word_1_224' title='bbox 899 2303 1137 2356; x_wconf 79' lang='lat' dir='ltr'><strong><em>vidimus</em></strong></span> <span class='ocrx_word' id='word_1_225' title='bbox 1159 2304 1302 2356; x_wconf 73' lang='lat' dir='ltr'><strong><em>male</em></strong></span> <span class='ocrx_word' id='word_1_226' title='bbox 1325 2318 1585 2356; x_wconf 66' lang='lat' dir='ltr'><strong><em>arcemur.</em></strong></span> 
     </span>
     <span class='ocr_line' id='line_1_24' title="bbox 284 2389 1514 2462; baseline 0.001 -19"><span class='ocrx_word' id='word_1_227' title='bbox 284 2392 360 2444; x_wconf 90' lang='lat' dir='ltr'><strong><em>In</em></strong></span> <span class='ocrx_word' id='word_1_228' title='bbox 382 2395 415 2422; x_wconf 76' lang='lat'><strong><em>‘⁶</em></strong></span> <span class='ocrx_word' id='word_1_229' title='bbox 437 2391 599 2455; x_wconf 73' lang='lat' dir='ltr'><strong><em>LauS,</em></strong></span> <span class='ocrx_word' id='word_1_230' title='bbox 622 2390 805 2444; x_wconf 84' lang='lat' dir='ltr'><strong><em>honor.</em></strong></span> <span class='ocrx_word' id='word_1_231' title='bbox 836 2390 915 2462; x_wconf 91' lang='lat' dir='ltr'><strong><em>(p.</em></strong></span> <span class='ocrx_word' id='word_1_232' title='bbox 947 2389 1053 2460; x_wconf 88' lang='lat' dir='ltr'>l.)’&#39;</span> <span class='ocrx_word' id='word_1_233' title='bbox 1078 2407 1173 2460; x_wconf 89' lang='lat' dir='ltr'><strong><em>pro</em></strong></span> <span class='ocrx_word' id='word_1_234' title='bbox 1203 2395 1250 2443; x_wconf 94' lang='lat'><strong><em>1.</em></strong></span> <span class='ocrx_word' id='word_1_235' title='bbox 1277 2408 1376 2445; x_wconf 79' lang='lat' dir='ltr'><strong><em>ser.</em></strong></span> <span class='ocrx_word' id='word_1_236' title='bbox 1400 2395 1436 2443; x_wconf 85' lang='lat'><strong>2</strong></span> <span class='ocrx_word' id='word_1_237' title='bbox 1460 2392 1514 2444; x_wconf 87' lang='lat' dir='ltr'><strong><em>b.</em></strong></span> 
     </span>
     <span class='ocr_line' id='line_1_25' title="bbox 281 2475 2224 2549; baseline 0.001 -19"><span class='ocrx_word' id='word_1_238' title='bbox 281 2478 410 2530; x_wconf 86' lang='lat' dir='ltr'><strong><em>Erit</em></strong></span> <span class='ocrx_word' id='word_1_239' title='bbox 440 2477 770 2548; x_wconf 84' lang='lat' dir='ltr'><strong><em>expectatio]</em></strong></span> <span class='ocrx_word' id='word_1_240' title='bbox 810 2477 1156 2531; x_wconf 81' lang='lat' dir='ltr'><strong><em>Inserendum</em></strong></span> <span class='ocrx_word' id='word_1_241' title='bbox 1191 2479 1301 2549; x_wconf 77' lang='lat' dir='ltr'><strong><em>ipse</em></strong></span> <span class='ocrx_word' id='word_1_242' title='bbox 1334 2478 1395 2548; x_wconf 90' lang='lat'><strong><em>(“</em></strong></span> <span class='ocrx_word' id='word_1_243' title='bbox 1416 2478 1540 2533; x_wconf 89' lang='lat' dir='ltr'><strong><em>Erit</em></strong></span> <span class='ocrx_word' id='word_1_244' title='bbox 1578 2480 1690 2549; x_wconf 80' lang='lat' dir='ltr'><strong><em>ipse</em></strong></span> <span class='ocrx_word' id='word_1_245' title='bbox 1731 2475 1910 2548; x_wconf 85' lang='lat' dir='ltr'><strong><em>exp.’&#39;)</em></strong></span> <span class='ocrx_word' id='word_1_246' title='bbox 1953 2496 1983 2531; x_wconf 89' lang='lat' dir='ltr'><strong><em>e</em></strong></span> <span class='ocrx_word' id='word_1_247' title='bbox 2022 2477 2224 2531; x_wconf 79' lang='lat' dir='ltr'><strong><em>Psalte-</em></strong></span> 
     </span>
     <span class='ocr_line' id='line_1_26' title="bbox 207 2575 503 2642; baseline -0.007 -16"><span class='ocrx_word' id='word_1_248' title='bbox 207 2575 287 2627; x_wconf 88' lang='lat' dir='ltr'><strong><em>rio</em></strong></span> <span class='ocrx_word' id='word_1_249' title='bbox 311 2590 368 2642; x_wconf 88' lang='lat' dir='ltr'><strong><em>p.</em></strong></span> <span class='ocrx_word' id='word_1_250' title='bbox 395 2575 431 2625; x_wconf 93' lang='lat'>6</span> <span class='ocrx_word' id='word_1_251' title='bbox 455 2590 503 2625; x_wconf 89' lang='lat' dir='ltr'><strong><em>a.</em></strong></span> 
     </span>
     <span class='ocr_line' id='line_1_27' title="bbox 284 2657 2226 2729; baseline -0.002 -18"><span class='ocrx_word' id='word_1_252' title='bbox 284 2659 374 2712; x_wconf 87' lang='lat' dir='ltr'><strong><em>De</em></strong></span> <span class='ocrx_word' id='word_1_253' title='bbox 412 2659 709 2729; x_wconf 76' lang='lat' dir='ltr'><strong><em>incipiendo</em></strong></span> <span class='ocrx_word' id='word_1_254' title='bbox 751 2658 1082 2728; x_wconf 77' lang='lat' dir='ltr'><strong><em>Antiphonas</em></strong></span> <span class='ocrx_word' id='word_1_255' title='bbox 1122 2667 1177 2712; x_wconf 87' lang='lat' dir='ltr'><strong><em>et</em></strong></span> <span class='ocrx_word' id='word_1_256' title='bbox 1216 2659 1494 2712; x_wconf 71' lang='lat' dir='ltr'><strong><em>exaltando</em></strong></span> <span class='ocrx_word' id='word_1_257' title='bbox 1531 2658 1771 2711; x_wconf 73' lang='lat' dir='ltr'><strong><em>Psalmoe</em></strong></span> <span class='ocrx_word' id='word_1_258' title='bbox 1803 2674 1855 2711; x_wconf 79' lang='lat' dir='ltr'><strong><em>v.</em></strong></span> <span class='ocrx_word' id='word_1_259' title='bbox 1894 2657 1964 2710; x_wconf 78' lang='lat' dir='ltr'><strong><em>ad</em></strong></span> <span class='ocrx_word' id='word_1_260' title='bbox 2004 2674 2056 2726; x_wconf 90' lang='lat' dir='ltr'><strong><em>p.</em></strong></span> <span class='ocrx_word' id='word_1_261' title='bbox 2096 2661 2129 2707; x_wconf 88' lang='lat'>3</span> <span class='ocrx_word' id='word_1_262' title='bbox 2172 2659 2226 2709; x_wconf 80' lang='lat' dir='ltr'><strong><em>b.</em></strong></span> 
     </span>
     <span class='ocr_line' id='line_1_28' title="bbox 205 2743 1715 2813; baseline -0.003 -13"><span class='ocrx_word' id='word_1_263' title='bbox 205 2746 403 2800; x_wconf 85' lang='lat' dir='ltr'><strong><em>eollato</em></strong></span> <span class='ocrx_word' id='word_1_264' title='bbox 426 2761 477 2813; x_wconf 90' lang='lat' dir='ltr'><strong><em>p.</em></strong></span> <span class='ocrx_word' id='word_1_265' title='bbox 502 2744 577 2796; x_wconf 85' lang='lat' dir='ltr'><strong><em>xi.</em></strong></span> <span class='ocrx_word' id='word_1_266' title='bbox 600 2744 696 2797; x_wconf 85' lang='lat' dir='ltr'><strong><em>ubi</em></strong></span> <span class='ocrx_word' id='word_1_267' title='bbox 720 2745 881 2797; x_wconf 81' lang='lat' dir='ltr'><strong><em>etiam</em></strong></span> <span class='ocrx_word' id='word_1_268' title='bbox 906 2744 971 2798; x_wconf 92' lang='lat' dir='ltr'><strong><em>de</em></strong></span> <span class='ocrx_word' id='word_1_269' title='bbox 1000 2744 1187 2797; x_wconf 80' lang='lat' dir='ltr'><strong><em>Gloria</em></strong></span> <span class='ocrx_word' id='word_1_270' title='bbox 1212 2745 1369 2798; x_wconf 83' lang='lat' dir='ltr'><strong><em>Patri</em></strong></span> <span class='ocrx_word' id='word_1_271' title='bbox 1393 2743 1597 2797; x_wconf 85' lang='lat' dir='ltr'><strong><em>dietum</em></strong></span> <span class='ocrx_word' id='word_1_272' title='bbox 1620 2752 1715 2796; x_wconf 84' lang='lat' dir='ltr'><strong><em>est.</em></strong></span> 
     </span>
     <span class='ocr_line' id='line_1_29' title="bbox 279 2829 1927 2899; baseline -0.002 -15"><span class='ocrx_word' id='word_1_273' title='bbox 279 2831 377 2884; x_wconf 69' lang='lat' dir='ltr'><strong><em>sub</em></strong></span> <span class='ocrx_word' id='word_1_274' title='bbox 402 2829 514 2883; x_wconf 65' lang='lat' dir='ltr'><strong><em>und</em></strong></span> <span class='ocrx_word' id='word_1_275' title='bbox 537 2829 676 2899; x_wconf 83' lang='lat' dir='ltr'><strong><em>voce]</em></strong></span> <span class='ocrx_word' id='word_1_276' title='bbox 709 2831 755 2882; x_wconf 92' lang='grc' dir='ltr'><strong><em>Ι.</em></strong></span> <span class='ocrx_word' id='word_1_277' title='bbox 782 2848 826 2883; x_wconf 93' lang='lat' dir='ltr'><strong><em>e.</em></strong></span> <span class='ocrx_word' id='word_1_278' title='bbox 851 2829 944 2883; x_wconf 71' lang='lat' dir='ltr'><strong><em>sub</em></strong></span> <span class='ocrx_word' id='word_1_279' title='bbox 967 2830 1080 2883; x_wconf 64' lang='lat' dir='ltr'><strong><em>una</em></strong></span> <span class='ocrx_word' id='word_1_280' title='bbox 1106 2829 1245 2899; x_wconf 84' lang='lat' dir='ltr'>(scil.</span> <span class='ocrx_word' id='word_1_281' title='bbox 1270 2832 1383 2883; x_wconf 76' lang='lat' dir='ltr'><strong><em>eine</em></strong></span> <span class='ocrx_word' id='word_1_282' title='bbox 1404 2830 1560 2898; x_wconf 70' lang='lat' dir='ltr'><strong><em>nova)</em></strong></span> <span class='ocrx_word' id='word_1_283' title='bbox 1586 2829 1927 2882; x_wconf 77' lang='lat' dir='ltr'><strong><em>intonatioue.</em></strong></span> 
     </span>
     <span class='ocr_line' id='line_1_30' title="bbox 280 2917 2218 2988; baseline 0.001 -18"><span class='ocrx_word' id='word_1_284' title='bbox 280 2935 332 2988; x_wconf 91' lang='lat' dir='ltr'><strong><em>p.</em></strong></span> <span class='ocrx_word' id='word_1_285' title='bbox 358 2923 392 2969; x_wconf 83' lang='lat'>5</span> <span class='ocrx_word' id='word_1_286' title='bbox 417 2936 465 2971; x_wconf 83' lang='lat' dir='ltr'><strong><em>a.</em></strong></span> <span class='ocrx_word' id='word_1_287' title='bbox 491 2927 541 2969; x_wconf 87' lang='lat' dir='ltr'><strong><em>et</em></strong></span> <span class='ocrx_word' id='word_1_288' title='bbox 566 2917 737 2970; x_wconf 89' lang='lat' dir='ltr'><strong><em>Credo</em></strong></span> <span class='ocrx_word' id='word_1_289' title='bbox 770 2918 825 2969; x_wconf 90' lang='lat' dir='ltr'><strong><em>in</em></strong></span> <span class='ocrx_word' id='word_1_290' title='bbox 862 2917 1066 2986; x_wconf 89' lang='lat' dir='ltr'><strong><em>Deum]</em></strong></span> <span class='ocrx_word' id='word_1_291' title='bbox 1107 2918 1293 2971; x_wconf 89' lang='lat' dir='ltr'><strong><em>Douce</em></strong></span> <span class='ocrx_word' id='word_1_292' title='bbox 1326 2917 1444 2972; x_wconf 84' lang='lat' dir='ltr'><strong><em>Ref.</em></strong></span> <span class='ocrx_word' id='word_1_293' title='bbox 1482 2925 1537 2970; x_wconf 87' lang='lat' dir='ltr'><strong><em>et</em></strong></span> <span class='ocrx_word' id='word_1_294' title='bbox 1572 2917 1771 2986; x_wconf 87' lang='lat' dir='ltr'><strong><em>Gough</em></strong></span> <span class='ocrx_word' id='word_1_295' title='bbox 1803 2921 1855 2981; x_wconf 91' lang='lat'><strong><em>9,</em></strong></span> <span class='ocrx_word' id='word_1_296' title='bbox 1880 2920 1949 2971; x_wconf 88' lang='grc'><strong><em>58</em></strong></span> <span class='ocrx_word' id='word_1_297' title='bbox 1973 2917 2024 2968; x_wconf 90' lang='lat' dir='ltr'><strong><em>b.</em></strong></span> <span class='ocrx_word' id='word_1_298' title='bbox 2052 2924 2107 2970; x_wconf 87' lang='lat' dir='ltr'><strong><em>et</em></strong></span> <span class='ocrx_word' id='word_1_299' title='bbox 2131 2920 2218 2971; x_wconf 92' lang='grc'><strong><em>67.</em></strong></span> 
     </span>
     <span class='ocr_line' id='line_1_31' title="bbox 203 3003 2220 3076; baseline 0.002 -20"><span class='ocrx_word' id='word_1_300' title='bbox 203 3009 238 3036; x_wconf 85' lang='grc'><strong>“</strong></span> <span class='ocrx_word' id='word_1_301' title='bbox 260 3014 312 3056; x_wconf 88' lang='lat' dir='ltr'><strong><em>et</em></strong></span> <span class='ocrx_word' id='word_1_302' title='bbox 334 3005 449 3057; x_wconf 85' lang='lat' dir='ltr'><strong><em>Ave</em></strong></span> <span class='ocrx_word' id='word_1_303' title='bbox 474 3003 711 3068; x_wconf 84' lang='lat' dir='ltr'><strong><em>Maria&#39;&#39;,</em></strong></span> <span class='ocrx_word' id='word_1_304' title='bbox 735 3011 789 3057; x_wconf 84' lang='lat' dir='ltr'><strong><em>et</em></strong></span> <span class='ocrx_word' id='word_1_305' title='bbox 810 3004 990 3074; x_wconf 83' lang='lat' dir='ltr'><strong><em>paullo</em></strong></span> <span class='ocrx_word' id='word_1_306' title='bbox 1012 3011 1132 3073; x_wconf 77' lang='lat' dir='ltr'><strong><em>post</em></strong></span> <span class='ocrx_word' id='word_1_307' title='bbox 1153 3007 1187 3034; x_wconf 86' lang='lat'>“</span> <span class='ocrx_word' id='word_1_308' title='bbox 1203 3003 1361 3058; x_wconf 77' lang='lat' dir='ltr'><strong><em>Pater</em></strong></span> <span class='ocrx_word' id='word_1_309' title='bbox 1385 3011 1561 3057; x_wconf 87' lang='lat' dir='ltr'><strong><em>noster</em></strong></span> <span class='ocrx_word' id='word_1_310' title='bbox 1582 3021 1675 3057; x_wconf 78' lang='lat' dir='ltr'><strong><em>nee</em></strong></span> <span class='ocrx_word' id='word_1_311' title='bbox 1697 3003 1870 3058; x_wconf 87' lang='lat' dir='ltr'><strong><em>Credo</em></strong></span> <span class='ocrx_word' id='word_1_312' title='bbox 1879 3005 1919 3057; x_wconf 88' lang='lat'><strong><em>&#39;&#39;.</em></strong></span> <span class='ocrx_word' id='word_1_313' title='bbox 1981 3004 2050 3058; x_wconf 84' lang='lat' dir='ltr'><strong><em>V.</em></strong></span> <span class='ocrx_word' id='word_1_314' title='bbox 2077 3005 2145 3058; x_wconf 89' lang='lat' dir='ltr'><strong><em>ad</em></strong></span> <span class='ocrx_word' id='word_1_315' title='bbox 2169 3023 2220 3076; x_wconf 92' lang='lat' dir='ltr'><strong><em>p.</em></strong></span> 
     </span>
     <span class='ocr_line' id='line_1_32' title="bbox 203 3090 2200 3162; baseline -0.001 -19"><span class='ocrx_word' id='word_1_316' title='bbox 203 3096 238 3143; x_wconf 85' lang='lat'>4</span> <span class='ocrx_word' id='word_1_317' title='bbox 267 3108 301 3144; x_wconf 84' lang='lat' dir='ltr'><strong><em>a</em></strong></span> <span class='ocrx_word' id='word_1_318' title='bbox 324 3091 399 3160; x_wconf 89' lang='lat' dir='ltr'><strong><em>(p.</em></strong></span> <span class='ocrx_word' id='word_1_319' title='bbox 424 3090 514 3160; x_wconf 90' lang='lat' dir='ltr'><strong><em>li).</em></strong></span> <span class='ocrx_word' id='word_1_320' title='bbox 2195 3157 2200 3162; x_wconf 13' lang='grc' dir='ltr'><strong><em>ἱ</em></strong></span> 
     </span>
     <span class='ocr_line' id='line_1_33' title="bbox 279 3178 2222 3251; baseline 0 -18"><span class='ocrx_word' id='word_1_321' title='bbox 279 3181 359 3233; x_wconf 88' lang='lat' dir='ltr'><strong><em>Et</em></strong></span> <span class='ocrx_word' id='word_1_322' title='bbox 400 3179 691 3233; x_wconf 78' lang='lat' dir='ltr'><strong><em>notandum</em></strong></span> <span class='ocrx_word' id='word_1_323' title='bbox 738 3188 827 3242; x_wconf 73' lang='lat' dir='ltr'><strong><em>est,</em></strong></span> <span class='ocrx_word' id='word_1_324' title='bbox 879 3179 1010 3249; x_wconf 90' lang='lat' dir='ltr'><strong><em>&amp;c.]</em></strong></span> <span class='ocrx_word' id='word_1_325' title='bbox 1060 3180 1204 3241; x_wconf 84' lang='lat' dir='ltr'><strong><em>Quia</em></strong></span> <span class='ocrx_word' id='word_1_326' title='bbox 1246 3181 1303 3233; x_wconf 89' lang='lat' dir='ltr'><strong><em>in</em></strong></span> <span class='ocrx_word' id='word_1_327' title='bbox 1353 3178 1542 3234; x_wconf 85' lang='lat' dir='ltr'>Officio</span> <span class='ocrx_word' id='word_1_328' title='bbox 1597 3180 1839 3235; x_wconf 82' lang='lat' dir='ltr'><strong><em>Romano</em></strong></span> <span class='ocrx_word' id='word_1_329' title='bbox 1897 3184 2104 3251; x_wconf 83' lang='lat' dir='ltr'><strong><em>quoties</em></strong></span> <span class='ocrx_word' id='word_1_330' title='bbox 2152 3182 2222 3236; x_wconf 88' lang='lat' dir='ltr'><strong><em>ad</em></strong></span> 
     </span>
     <span class='ocr_line' id='line_1_34' title="bbox 208 3265 2221 3337; baseline 0 -19"><span class='ocrx_word' id='word_1_331' title='bbox 208 3267 371 3320; x_wconf 87' lang='lat' dir='ltr'><strong><em>finem</em></strong></span> <span class='ocrx_word' id='word_1_332' title='bbox 410 3265 683 3318; x_wconf 84' lang='lat' dir='ltr'><strong><em>Orationis</em></strong></span> <span class='ocrx_word' id='word_1_333' title='bbox 723 3265 1021 3319; x_wconf 83' lang='lat' dir='ltr'><strong><em>Dominicae</em></strong></span> <span class='ocrx_word' id='word_1_334' title='bbox 1059 3274 1113 3320; x_wconf 91' lang='lat' dir='ltr'><strong><em>et</em></strong></span> <span class='ocrx_word' id='word_1_335' title='bbox 1149 3265 1388 3336; x_wconf 81' lang='lat' dir='ltr'>Symboli</span> <span class='ocrx_word' id='word_1_336' title='bbox 1424 3268 1713 3337; x_wconf 86' lang='lat' dir='ltr'><strong><em>Apostolici</em></strong></span> <span class='ocrx_word' id='word_1_337' title='bbox 1746 3268 1906 3321; x_wconf 87' lang='lat' dir='ltr'><strong><em>verba</em></strong></span> <span class='ocrx_word' id='word_1_338' title='bbox 1928 3268 2008 3319; x_wconf 90' lang='lat' dir='ltr'><strong><em>Et</em></strong></span> <span class='ocrx_word' id='word_1_339' title='bbox 2039 3286 2102 3319; x_wconf 82' lang='lat' dir='ltr'><strong><em>ne</em></strong></span> <span class='ocrx_word' id='word_1_340' title='bbox 2137 3273 2221 3332; x_wconf 60' lang='grc' dir='ltr'><strong><em>ᾅο.</em></strong></span> 
     </span>
     <span class='ocr_line' id='line_1_35' title="bbox 209 3351 2226 3424; baseline 0 -19"><span class='ocrx_word' id='word_1_341' title='bbox 209 3360 264 3405; x_wconf 85' lang='lat' dir='ltr'><strong><em>et</em></strong></span> <span class='ocrx_word' id='word_1_342' title='bbox 332 3351 528 3405; x_wconf 75' lang='lat' dir='ltr'><strong><em>Carnis</em></strong></span> <span class='ocrx_word' id='word_1_343' title='bbox 587 3355 675 3416; x_wconf 70' lang='grc' dir='ltr'><strong><em>ᾀ-ο.</em></strong></span> <span class='ocrx_word' id='word_1_344' title='bbox 737 3355 769 3381; x_wconf 89' lang='grc'>“</span> <span class='ocrx_word' id='word_1_345' title='bbox 804 3352 860 3405; x_wconf 89' lang='lat' dir='ltr'><strong><em>in</em></strong></span> <span class='ocrx_word' id='word_1_346' title='bbox 919 3352 1217 3406; x_wconf 84' lang='lat' dir='ltr'><strong><em>audientia&#39;’</em></strong></span> <span class='ocrx_word' id='word_1_347' title='bbox 1282 3353 1548 3419; x_wconf 86' lang='lat' dir='ltr'><strong><em>dicuntur,</em></strong></span> <span class='ocrx_word' id='word_1_348' title='bbox 1610 3355 1783 3424; x_wconf 84' lang='lat' dir='ltr'><strong><em>prima</em></strong></span> <span class='ocrx_word' id='word_1_349' title='bbox 1845 3355 2006 3407; x_wconf 80' lang='lat' dir='ltr'><strong><em>etiam</em></strong></span> <span class='ocrx_word' id='word_1_350' title='bbox 2066 3354 2226 3406; x_wconf 86' lang='lat' dir='ltr'><strong><em>verba</em></strong></span> 
     </span>
     <span class='ocr_line' id='line_1_36' title="bbox 209 3436 2219 3509; baseline 0 -17"><span class='ocrx_word' id='word_1_351' title='bbox 209 3439 370 3492; x_wconf 86' lang='lat' dir='ltr'><strong><em>Pater</em></strong></span> <span class='ocrx_word' id='word_1_352' title='bbox 391 3447 566 3492; x_wconf 74' lang='lat' dir='ltr'><strong><em>noster</em></strong></span> <span class='ocrx_word' id='word_1_353' title='bbox 590 3445 646 3490; x_wconf 89' lang='lat' dir='ltr'><strong><em>et</em></strong></span> <span class='ocrx_word' id='word_1_354' title='bbox 673 3436 837 3490; x_wconf 86' lang='lat' dir='ltr'><strong><em>Credo</em></strong></span> <span class='ocrx_word' id='word_1_355' title='bbox 861 3439 921 3491; x_wconf 79' lang='lat' dir='ltr'><strong><em>iu</em></strong></span> <span class='ocrx_word' id='word_1_356' title='bbox 946 3438 1119 3492; x_wconf 86' lang='lat' dir='ltr'><strong><em>Deum</em></strong></span> <span class='ocrx_word' id='word_1_357' title='bbox 1150 3439 1336 3493; x_wconf 89' lang='lat' dir='ltr'><strong><em>eodem</em></strong></span> <span class='ocrx_word' id='word_1_358' title='bbox 1366 3437 1526 3492; x_wconf 87' lang='lat' dir='ltr'><strong><em>modo</em></strong></span> <span class='ocrx_word' id='word_1_359' title='bbox 1557 3440 1906 3509; x_wconf 82' lang='lat' dir='ltr'><strong><em>proferuntur.</em></strong></span> <span class='ocrx_word' id='word_1_360' title='bbox 1981 3438 2140 3501; x_wconf 86' lang='lat' dir='ltr'><strong><em>Item,</em></strong></span> <span class='ocrx_word' id='word_1_361' title='bbox 2165 3439 2219 3492; x_wconf 85' lang='lat' dir='ltr'><strong><em>in</em></strong></span> 
     </span>
     <span class='ocr_line' id='line_1_37' title="bbox 1179 3531 1271 3579; baseline -0.011 0"><span class='ocrx_word' id='word_1_362' title='bbox 1179 3543 1213 3579; x_wconf 75' lang='lat' dir='ltr'><strong><em>r</em></strong></span> <span class='ocrx_word' id='word_1_363' title='bbox 1236 3531 1271 3578; x_wconf 82' lang='lat'>2</span> 
     </span>
    </p>
   </div>
  </div>
 </body>
</html>
