2910 4457
195 427 229 490 5
251 427 330 490 93,
353 426 438 491 94)

262 571 322 640 [ξ
348 570 504 641 98.)
530 573 668 624 Ante
685 572 911 639 Laudes]
933 571 1025 628 Vs.
1053 570 1231 623 Media

192 648 352 691 noete
388 641 585 691 elamor
624 642 792 690 faetus
829 646 922 690 est.
961 641 1056 704 Ro.
1090 641 1229 690 Eece

193 708 437 774 Sponsus
456 707 628 757 venit:
655 707 791 755 exite
810 706 1020 757 obviam
1038 707 1103 755 ei.

257 789 328 838 IN
351 789 646 838 LAunnws
666 787 773 838 Itoec
789 788 900 838 oola
916 787 1035 837 α’ἵία.
1058 788 1229 854 Virgi-

188 871 288 906 nes
308 861 503 905 sanctae
520 855 640 917 Dei,
670 860 813 903 orate
839 870 934 919 pro
963 854 1146 915 nobis3
1171 859 1231 903 ut

192 921 453 972 scelerum
485 922 696 970 veniam
729 936 823 986 per
855 935 953 970 vos
990 921 1229 984 accipere

188 1002 497 1036 mereamur.
531 984 620 1035 Pa.
649 984 765 1037 D'fis
789 986 1055 1051 regnavit3
1076 984 1229 1034 deeo-

189 1069 317 1103 rem.
340 1061 389 1103 et
411 1053 566 1102 ceteri
575 1052 768 1115 psalmi
782 1052 1019 1102 comueti.
1040 1049 1104 1116 [v.
1118 1052 1149 1112 ἓ
1161 1049 1225 1115 5.]

265 1134 392 1198 Cap.
418 1134 465 1185 Ο
482 1149 638 1198 quam
655 1133 874 1200 pulchra
893 1133 945 1198 (ἓ
964 1133 1067 1197 91).

260 1214 421 1281 Hym.
458 1217 571 1266 Rex
602 1214 832 1281 gloriose
858 1217 1148 1281 Martyrum
1176 1216 1229 1280 (5

192 1281 296 1345 50).
323 1289 460 1332 τοίω
480 1281 699 1346 hymnus
720 1281 925 1332 dicatur
941 1299 1042 1347 per
1059 1283 1232 1332 omnia

190 1348 322 1398 eicut
346 1348 407 1397 in
433 1346 696 1397 Communi
712 1346 952 1398 Historia
968 1346 1228 1399 Plurimo-

191 1429 311 1464 rum
332 1413 649 1478 Martyrum.

257 1492 350 1548 Va.
374 1495 637 1545 Mirabilis
650 1496 795 1546 Deus
811 1498 867 1546 in
883 1496 1089 1547 Sanctis
1104 1498 1229 1548 suis.

195 1560 308 1627 [Ro.
340 1562 411 1611 Et
437 1561 699 1627 gloriosus
722 1563 778 1612 in
803 1564 1075 1626 majestate
1099 1561 1230 1628 sua.]

259 1642 398 1692 Α’ἤα.
453 1643 634 1693 Simile
684 1650 765 1693 est
803 1660 1021 1710 regnum
1074 1645 1231 1695 eoelo-

193 1723 308 1757 rum
324 1708 507 1757 decem
519 1709 830 1775 virginibus,
845 1726 961 1775 quae
972 1711 1231 1775 aecipien-

193 1779 276 1823 tes
300 1773 572 1839 lampades
596 1791 720 1824 suas
756 1777 994 1825 exierunt
1022 1777 1233 1827 obviam

196 1856 393 1906 sponso
431 1846 484 1890 et
518 1855 742 1905 sponsae.
777 1840 865 1891 Pa.
898 1843 1232 1892 Benedictus,

268 1904 447 1955 Oratio
466 1914 527 1955 ut
542 1923 705 1971 tupra
732 1908 784 1972 (ὃ
808 1909 910 1974 91).

259 1987 346 2036 An
377 1987 639 2050 Panum,
674 1988 738 2038 A.
766 1989 1009 2055 Virgines
1039 1996 1235 2040 sanetae

199 2050 274 2118 [ut
299 2070 463 2117 supra
489 2053 563 2103 ad
587 2053 833 2121 Laudas]-
868 2054 957 2106 1²⁸.
985 2056 1147 2118 DeuS‚
1176 2057 1234 2105 in

196 2120 427 2168 nomine.
454 2118 583 2186 [ὤας
602 2137 649 2169 υ.
678 2122 709 2182 ξι
730 2120 796 2186 6.]

263 2200 350 2250 An
369 2202 651 2266 ΤΕΜῚΛΜ,
677 2201 742 2253 Α.
759 2202 935 2255 Media
955 2209 1110 2254 noete
1130 2202 1233 2254 ela-

199 2281 314 2315 mor
329 2268 501 2318 faetus
521 2274 626 2318 est:
650 2271 790 2320 Eece
810 2271 1047 2335 Sponsus
1061 2271 1233 2332 venit3

201 2333 338 2382 exite
375 2334 585 2383 obviam
620 2336 684 2385 ei.
729 2335 817 2386 Pe.
848 2337 1046 2403 Legem
1078 2352 1233 2402 pone.

205 2395 331 2462 [ὤεα
351 2415 397 2448 υ.
416 2401 447 2460 ὅ
465 2398 532 2465 6.]

273 2478 397 2545 Cap.
444 2482 488 2532 O
520 2498 677 2546 quam
706 2483 926 2547 pulchra
952 2483 1005 2547 (ξ
1034 2484 1137 2547 91).
1171 2485 1233 2548 R.

204 2544 546 2597 Addueentur
610 2549 744 2613 Regi
809 2550 1043 2615 virgines
1108 2551 1238 2599 Post

203 2626 332 2661 eam.
354 2610 791 2677 [Addueentur—
803 2614 949 2680 eam.]
971 2614 1036 2667 V.
1054 2616 1237 2666 Proxi-

203 2691 300 2725 mae
334 2680 445 2741 ejus
479 2680 763 2729 afferentur
797 2680 908 2730 tibi.
942 2682 1073 2730 Post
1102 2698 1239 2731 eam.

205 2741 385 2872 (galgiia
409 2743 509 2810 [—
532 2746 624 2810 Sp.
652 2745 723 2811 S.]
762 2746 1104 2797 Addueentur
1140 2746 1240 2813 [—

912 442 1149 482 COMUNE
1174 441 1382 483 Pwmun
1405 441 1649 481 vmcmun.

2243 424 2367 491 163

1394 571 1486 627 Vs.
1511 573 1688 623 Media
1703 577 1861 623 noete
1878 571 2073 622 elamor
2082 573 2252 623 faetus
2265 577 2361 623 est.

1331 638 1441 705 [Ro.
1477 640 1617 689 Eece
1641 640 1878 705 Sponsus
1902 640 2074 690 venit:
2110 640 2245 689 exite
2268 640 2364 690 ob·

1328 707 1469 755 viam
1487 703 1571 770 ei.]

1404 770 1583 820 Oratio
1606 778 1664 820 ut
1684 787 1861 835 supra.

1394 837 1483 886 An
1509 837 1756 898 Saxum,
1779 836 1844 887 A.
1878 836 2168 886 Prudentes
2202 837 2362 903 virgi-

1327 919 1421 953 nes
1454 908 1767 967 aeceperunt
1801 903 1972 953 oleum
2001 903 2057 951 in
2080 903 2224 952 vasis
2248 903 2362 953 suis

1331 984 1450 1019 eum
1483 967 1829 1034 lampadibuS.
1863 967 1951 1018 1²2.
1974 968 2195 1019 Defecit.
2223 967 2365 1034 [ὤας

1329 1052 1375 1085 υ.
1402 1036 1432 1095 ἓ
1459 1032 1524 1100 6.]

1400 1116 1526 1181 Gap.
1570 1114 1810 1166 AEmulor
1855 1117 1994 1165 enim
2030 1131 2128 1165 vos
2169 1115 2221 1178 (ἓ
2255 1114 2360 1178 90).

1329 1185 1390 1246 R.
1424 1183 1600 1233 Media
1631 1188 1785 1231 noete
1823 1181 2032 1232 Clamor
2063 1182 2231 1231 faetus
2266 1186 2361 1230 est.

1332 1248 1527 1316 [Media
1542 1277 1609 1285 —
1626 1245 1740 1312 est.]
1766 1245 1832 1301 V.
1857 1249 1996 1298 Eece
2020 1263 2249 1312 sponsus
2272 1262 2363 1295 ve-

1329 1316 1432 1364 nit:
1477 1315 1612 1364 exite
1647 1313 1855 1363 obviam
1886 1315 1950 1363 ei.
1990 1313 2198 1364 Clamor
2236 1312 2364 1376 [fae-

1327 1391 1413 1430 tus
1433 1379 1549 1445 est].
1577 1380 1758 1430 Gloria
1774 1379 1932 1442 Patri,
1956 1377 2038 1445 [—-
2050 1380 2139 1445 Sp.
2160 1377 2231 1444 S.]
2251 1379 2363 1427 Me-

1332 1446 1418 1496 dia
1443 1445 1536 1512 [—-
1560 1444 1674 1511 est].

1396 1526 1487 1581 Vs.
1527 1527 1817 1576 Prudentes
1856 1527 2086 1592 virgines
2131 1526 2362 1592 [aecepe-

1330 1600 1452 1644 runt
1492 1593 1680 1644 oleum.
1716 1595 1807 1656 Ro.
1840 1593 1903 1641 In
1937 1594 2078 1643 vasis
2102 1594 2209 1644 suis
2245 1608 2363 1643 eum

1331 1657 1698 1725 lampadibus].

1406 1725 1586 1775 Oratio
1607 1733 1665 1775 ut
1687 1741 1862 1789 supra.

1397 1792 1486 1841 An
1512 1792 1740 1853 ΝΟΝΑΜ,
1766 1792 1831 1839 Α.
1856 1791 2007 1839 Tune
2030 1795 2364 1839 surrexerunt

1334 1873 1515 1907 omnes
1550 1858 1780 1923 virgines
1810 1856 1939 1919 illae,
1973 1861 2025 1905 et
2047 1861 2366 1905 ornaverunt

1332 1923 1600 1990 lampades
1632 1938 1773 1972 suae.
1808 1921 1896 1972 Pe.
1919 1921 2197 1973 Mirabilia.
2226 1919 2363 1986 [ὤας

1332 2007 1378 2040 v.
1403 1991 1434 2051 ς
1459 1989 1525 2055 6.]

1404 2071 1531 2137 Cap.
1567 2070 1832 2136 Sapientia
1853 2070 2017 2119 vincit
2038 2070 2285 2119 malitiam
2311 2070 2363 2134 (§

1334 2139 1437 2203 90).
1479 2139 1542 2201 R.
1585 2136 1874 2186 Prudentes
1896 2136 2125 2201 virgines
2150 2151 2364 2200 accepe-

1333 2207 1454 2253 runt
1489 2202 1661 2254 oleum
1693 2203 1749 2252 in
1782 2201 1924 2251 vasis
1948 2202 2056 2253 suis
2083 2202 2213 2252 Cum
2236 2201 2363 2252 lam-

1333 2270 1574 2336 padibus.
1596 2268 1900 2334 [Prudentes
1917 2295 1983 2305 —
1998 2267 2362 2334 lampadibus]

1335 2335 1402 2390 V.
1437 2337 1506 2385 Et
1546 2336 1781 2384 exierunt
1822 2334 2028 2384 obviam
2068 2335 2273 2399 Sponso
2315 2341 2367 2384 et

1337 2404 1574 2467 Sponsae.
1624 2399 1754 2449 Cum
1799 2399 2143 2465 lampadibus.
2184 2400 2367 2449 Gloria

1378 2495 1454 2598 —]
1472 2469 1561 2533 Sp.
1605 2465 1676 2531 S.]
1718 2465 2005 2516 Prudentes
2027 2493 2093 2503 —
2114 2466 2366 2531 lampadi-

1374 2551 1436 2583 us
1462 2570 1475 2582 .

1402 2612 1493 2667 Vs.
1552 2612 1891 2663 Addueentur
1943 2614 2075 2680 Regi
2136 2614 2366 2678 virgines

1339 2678 1481 2745 [post
1520 2694 1649 2729 eam.
1689 2681 1782 2743 Ro.
1816 2680 2074 2729 Proximae
2108 2680 2219 2744 ejus
2243 2680 2366 2729 affe-

1336 2752 1518 2796 rentur
1539 2743 1673 2809 tibi].

1411 2810 1590 2861 Oratio
1612 2819 1670 2860 ut
1690 2826 1868 2875 eupra.

207 2949 247 3018 δ
286 2951 441 3023 94).
485 2958 559 3006 nv
591 2959 859 3008 NATAm
892 2960 1104 3008 umus
1141 2960 1530 3010 MATRONAE:
1566 2957 1729 3021 (NON
1774 2957 2153 3007 SECUNDUM
2188 2957 2366 3023 SAR.)

277 3071 363 3119 An
388 3072 414 3120 Ι
431 3073 641 3135 Vnsp’s,
664 3089 820 3137 super
843 3072 1077 3124 Psalmos
1094 3072 1244 3123 Feri-

210 3137 330 3199 αἶα,
369 3136 434 3186 Α.
477 3140 656 3189 Simile
705 3146 787 3188 est
825 3156 1048 3206 regnum
1087 3140 1243 3190 coelo-

210 3217 324 3252 rum
347 3219 556 3270 sagenae
581 3206 634 3269 (ὅ
662 3206 764 3270 79).

462 3270 585 3335 Gap.
612 3272 790 3335 (Prov.
808 3271 900 3321 ult.
920 3270 1004 3333 B.)

327 3349 577 3386 umnam
612 3339 798 3387 fortem
833 3338 947 3400 quis
970 3337 1241 3386 inveniet?

346 3403 525 3465 procul
551 3411 603 3453 et
628 3404 690 3453 de
708 3402 902 3452 ultimis
921 3403 1112 3452 finibus
1129 3418 1241 3466 pre-

219 3466 352 3513 cium
392 3467 529 3528 ejus:
572 3469 790 3520 confidit
821 3469 876 3517 in
918 3485 980 3518 ea
1021 3484 1110 3518 cor
1142 3469 1245 3518 viri

221 3530 317 3589 eui,
342 3536 389 3579 et
413 3535 590 3596 spoliis
614 3553 722 3586 non
745 3535 1016 3599 indigebit.

270 3594 517 3670 ..Hymnus
530 3617 542 3648 t
565 3600 582 3666 [
596 3601 772 3652 Ultimi
783 3602 885 3651 duo
896 3617 1069 3651 versu-3
1080 3598 1243 3665 Hym-

221 3674 282 3708 ω
311 3659 536 3725 Virginis
574 3667 774 3731 proles:
815 3665 1027 3731 nempe‚]
1068 3666 1241 3729 Hujus

224 3723 460 3776 obtentu:
504 3730 682 3782 Gloria
734 3733 879 3783 Patri
931 3733 1240 3798 genitaeque.

225 3789 279 3853 (ἓ
303 3792 403 3856 79.)

1407 3070 1498 3127 Vs.
1549 3073 1757 3123 Diffusa
1795 3078 1874 3122 est
1974 3073 2077 3122 atia
2113 3073 2169 3122 in
2215 3072 2368 3123 labiis

1341 3141 1464 3189 tuis.
1486 3138 1597 3205 [Ro.
1617 3140 1902 3203 Propterea
1956 3138 2184 3189 enedixit
2200 3145 2251 3188 te
2264 3140 2368 3189 De·

1341 3221 1404 3255 us
1427 3207 1480 3254 in
1507 3203 1791 3270 aeternum]

1409 3272 1535 3320 Ant.
1580 3271 1771 3318 Anima
1804 3287 1920 3320 mea
1959 3270 2239 3335 liquefacta
2289 3274 2370 3318 est

1340 3342 1401 3386 ut
1423 3336 1662 3386 Dilectus
1685 3337 1892 3386 loeutus
1924 3343 2027 3386 est:
2061 3335 2292 3400 quaesivi,
2318 3340 2369 3383 et

1343 3419 1452 3452 non
1491 3403 1671 3451 inveni
1708 3403 1879 3452 illum:
1924 3402 2127 3462 vocavi,
2170 3408 2220 3449 et
2258 3415 2367 3449 non

1341 3468 1613 3533 respondit
1634 3468 1782 3517 mihi:
1815 3469 2127 3517 invenerunt
2149 3482 2230 3514 me
2253 3481 2370 3516 eus·-

1342 3534 1491 3584 todes
1526 3535 1776 3584 civitatis:
1817 3539 2182 3599 percusserunt
2214 3547 2296 3580 me
2320 3538 2372 3580 et

1342 3600 1754 3650 vulneraverunt
1775 3615 1883 3648 me:
1908 3598 2138 3647 tulerunt
2155 3597 2372 3661 pallium

1341 3682 1514 3715 meum
1537 3665 1782 3716 custodes
1800 3679 2084 3724 murorum:
2113 3663 2233 3713 filiae
2245 3664 2372 3727 Hje-

1340 3731 1583 3795 rusalem‚
1608 3733 1851 3780 nunciate
1867 3730 2073 3779 Dilecto
2093 3731 2214 3794 quia
2233 3745 2372 3779 amo-

1340 3813 1398 3847 re
1420 3797 1666 3863 langueo.
1693 3794 1781 3846 Pe.
1800 3796 2117 3862 Magnifieat.
