2910 4457
1084 678 1475 735 ADDENDA
1516 678 1614 735 ET
1655 677 2203 735 CORRIGENDA.

868 883 947 945 In
978 884 1233 959 Μυηίἰο,
1266 893 1322 945 et
1349 886 1413 944 in
1444 882 1948 945 Annotatz’om‘bus
1975 884 2047 943 de
2075 882 2407 946 Matutinis

1110 986 1179 1072 el
1195 986 1516 1049 Laudibus
1544 985 2029 1048 Domz‘nicalz'bus
2057 989 2156 1068 ᾀτ.

712 1171 764 1222 p.
798 1155 854 1215 ii,
889 1155 945 1206 in
978 1153 1107 1206 notfi.
1143 1153 1195 1217 d,
1230 1170 1323 1222 pro
1359 1159 1392 1183 ‘⁴
1412 1151 1658 1205 caussas’'
1696 1152 1862 1204 scribe
1898 1152 1931 1179 “
1951 1149 2311 1206 diversitates”
2335 1162 2390 1206 et
2419 1154 2514 1206 lin.
2541 1170 2647 1223 seq.

643 1241 827 1293 omitte
850 1243 883 1269 ‘⁴
902 1239 1092 1292 merito
1100 1238 1141 1290 ''.

709 1345 759 1397 p.
785 1329 863 1380 iii.
888 1328 945 1379 in
971 1326 1113 1391 notai,
1136 1343 1230 1396 pro
1255 1330 1287 1356 ‘⁴
1308 1326 1703 1380 conclusionem
1714 1325 1740 1346 ’'
1762 1341 1859 1377 scr.
1883 1327 1916 1353 ‘⁴
1936 1323 2397 1378 Conclusionem”.

710 1430 761 1482 p.
788 1431 836 1465 v·
861 1414 918 1465 in
943 1412 1071 1466 notri
1097 1412 1145 1477 b,
1168 1412 1265 1465 lin.
1291 1416 1344 1478 3,
1370 1411 1440 1465 ad
1465 1415 1497 1442 “
1521 1410 1741 1464 Sarisb.’'
1766 1410 1902 1464 adde
1927 1419 2138 1464 notam:

692 1508 739 1549 Η
759 1506 813 1546 In
829 1507 946 1547 Festi
960 1506 1268 1546 Trmlationis
1284 1506 1326 1546 8.
1347 1505 1559 1544 osmundi
1575 1503 1788 1554 legendis:
1815 1515 1858 1543 v.
1875 1515 1917 1554 p.
1936 1504 2000 1543 xli
2016 1508 2060 1543 et
2075 1505 2178 1544 xlixr.

637 1590 691 1633 et
713 1582 808 1633 lin.
835 1586 886 1646 5,
909 1581 1026 1634 loco
1049 1586 1082 1611 ‘⁶
1103 1580 1270 1632 Plura
1296 1580 1413 1632 vide
1435 1578 1509 1631 ad
1532 1579 1692 1630 finem
1718 1577 2267 1647 Prolegomenorum.”
2289 1581 2475 1645 scribe,

901 1684 1005 1731 Alii
1027 1684 1147 1731 alias
1178 1683 1361 1731 mirum
1391 1682 1444 1728 in
1475 1682 1678 1729 modum
1709 1681 2011 1742 conjecturas
2038 1683 2504 1746 multiplicaverunt,
2527 1701 2649 1750 quas

623 1769 802 1812 'tamen
829 1764 914 1826 (cf.
938 1763 1087 1826 iufra)
1108 1779 1136 1810 a
1157 1763 1296 1812 nobis
1314 1762 1682 1810 commemorari
1698 1754 2080 1825 haudquaquam
2098 1779 2253 1826 operae
2277 1765 2489 1827 pretium
2506 1775 2648 1815 esset.

707 1861 924 1908 Nomina
957 1866 1120 1908 autem
1154 1862 1425 1921 Saresberig
1461 1857 1626 1920 (aliter
1656 1858 1980 1922 Searesbyrig)
2017 1859 2095 1908 vel
2127 1862 2378 1924 Saresbery
2412 1862 2524 1926 (pro
2556 1880 2654 1926 quo

641 1943 888 1993 Lelandus
915 1942 1182 2005 Saresbyri)
1206 1949 1256 1989 et
1270 1934 1435 1990 Sar'um
1451 1942 1514 1989 ab
1534 1941 1655 2004 ipsis
1676 1940 1776 1988 fere
1802 1942 2054 1989 Saxonicae
2079 1944 2404 2006 occupationis
2420 1946 2649 2009 tempori-

637 2025 730 2071 bus
768 2024 974 2071 inveniri
1013 2023 1267 2071 dicunturz
1317 2022 1457 2071 aliter
1491 2023 1608 2071 vero
1641 2021 1714 2083 (et
1746 2023 1837 2070 hoc
1876 2022 1929 2070 in
1960 2023 2068 2085 ipso
2105 2022 2344 2072 Chronico
2385 2026 2647 2089 Saxonico)

638 2108 932 2168 Sealesbyrig
957 2104 1110 2166 (unde
1132 2104 1279 2152 etiam
1302 2102 1645 2168 Sales-beria),ss
1668 2103 1950 2151 Britannice
1971 2112 2136 2152 autem
2147 2107 2490 2164 Sorbiodunum,
2503 2123 2647 2156 voca·

637 2188 794 2238 batur.
867 2188 963 2236 Sed
984 2194 1033 2236 et
1061 2203 1091 2235 a
1115 2186 1348 2245 Lelando‚
1371 2201 1459 2251 pro
1492 2188 1793 2245 Searesbiria‚
1818 2187 1995 2236 omisso
2025 2187 2227 2250 genitivi
2258 2188 2396 2252 signo
2426 2192 2649 2250 Serbiria,

639 2277 688 2317 et
731 2271 1001 2333 antiquitus
1042 2285 1234 2332 quoque
1281 2269 1362 2331 (ut
1403 2269 1617 2331 videtur)
1656 2273 1872 2327 Severia3
1918 2272 2046 2334 quod
2082 2273 2325 2333 posterius
2368 2273 2409 2320 si
2451 2273 2512 2321 ab
2552 2273 2646 2321 im·

637 2360 854 2412 peratore
878 2353 1054 2398 Severo
1071 2350 1228 2412 (quod
1246 2351 1279 2397 J
1281 2351 1460 2398 ohanni
1484 2351 1829 2399 Sarisburiensi
1851 2352 2033 2400 saeculo
2058 2355 2203 2401 121110
2218 2353 2427 2416 placuit)
2447 2355 2651 2403 ductum

638 2439 724 2487 est,
759 2431 963 2477 minime
1002 2429 1186 2477 mirum
1217 2430 1371 2478 videri
1406 2431 1547 2479 debet
1582 2432 1740 2480 eidem
1775 2433 1886 2479 urbi
1921 2435 2069 2481 veteri
2104 2436 2301 2482 Caesaris
2330 2435 2477 2482 etiam
2513 2435 2652 2498 burgi

639 2526 817 2558 nornen
843 2511 1055 2558 inditum
1077 2510 1243 2558 fuisse.
1313 2511 1472 2569 Certe,
1496 2511 1688 2574 vigente
1709 2513 1914 2575 imperio
1938 2513 2181 2574 Romano,
2205 2514 2419 2578 praesidii
2444 2515 2649 2564 minime

692 2661 712 2705 1
739 2660 867 2707 Item,
884 2664 936 2699 ut
960 2661 1015 2699 ab
1042 2658 1179 2699 amico
1203 2667 1259 2697 ex
1284 2656 1378 2707 ipsa
1404 2656 1591 2697 Dioeeesi
1617 2657 1774 2697 Sarisb.
1798 2658 2015 2706 (aliorum,
2043 2670 2130 2698 non
2155 2669 2248 2706 sua,
2267 2659 2496 2707 scribente)
2512 2660 2653 2699 edocti

640 2738 803 2773 sumus,
829 2726 1244 2777 Suliebur9‚—quod
1273 2726 1344 2772 (ut
1373 2725 1451 2772 ait)
1485 2736 1511 2764 a
1545 2726 1676 2773 Sulis,
1712 2726 1889 2774 antiquo
1923 2725 2220 2765 Sol-Minerva
2253 2726 2439 2773 nomine,
2473 2726 2651 2776 quidam

641 2794 846 2832 derivant.
901 2793 1023 2833 Idem
1057 2798 1203 2834 monet
1231 2802 1387 2834 nomen
1415 2793 1569 2831 Sarum
1596 2802 1680 2831 sec.
1711 2792 1919 2842 quosdam
1945 2803 1971 2831 a
1994 2793 2131 2831 Saron
2156 2797 2371 2832 mutatum
2400 2803 2504 2836 esse,
2536 2794 2651 2841 quod

640 2860 848 2907 posterius
863 2861 978 2899 idem
996 2872 1095 2900 cum
1111 2862 1247 2900 Saron
1265 2861 1310 2908 (i.
1330 2871 1368 2899 e.
1386 2859 1569 2905 Sharon)
1586 2859 1766 2906 Biblieo,
1786 2863 1829 2898 et
1855 2859 2004 2899 Graeco
2021 2860 2268 2908 Heliopolis,
2288 2860 2369 2899 Sar
2389 2858 2479 2899 sess.
2496 2860 2650 2900 urbem

641 2930 685 2963 et
701 2927 762 2964 On
782 2927 924 2965 Solem
941 2928 1223 2976 exprimente,
1241 2928 1466 2977 significet.
1519 2927 1605 2968 Qui
1631 2927 1821 2975 quidem,
1844 2931 2063 2976 utcunque
2090 2937 2135 2965 se
2161 2927 2320 2966 babeat
2338 2928 2492 2966 Sarum
2520 2927 2650 2967 nostri

639 2992 860 3039 derivatio,
888 2994 1039 3032 saltem
1069 2994 1122 3032 de
1148 2995 1286 3033 Saron
1315 2994 1482 3032 Biblioo
1510 2992 1634 3042 longe
1662 2993 1893 3039 falluntur-5
1922 2993 2079 3043 quippe
2106 3004 2240 3042 quum
2268 2995 2404 3033 Saron
2433 2993 2649 3034 Biblicum

642 3057 750 3097 nihil
776 3059 895 3098 aliud
923 3060 979 3097 sit
1007 3058 1136 3108 qusm
1153 3061 1371 3109 planities.
1399 3060 1599 3109 planities
1626 3060 1718 3099 scil.
1744 3060 1855 3099 inter
1879 3060 2117 3099 Caessream
2142 3063 2186 3098 et
2211 3060 2394 3109 Joppen,
2422 3064 2468 3100 et
2493 3060 2650 3100 idcireo

641 3137 808 3175 semper
824 3137 924 3164 cum
941 3127 1121 3165 articulo
1138 3127 1315 3166 definito
1331 3126 1511 3175 legatur.
1563 3127 1699 3166 Nobis
1723 3131 1883 3173 autem,
1900 3127 2104 3177 quicquid
2128 3128 2185 3166 sit
2206 3127 2449 3167 terminatio
2465 3138 2550 3176 um,
2567 3129 2649 3167 Sar

638 3192 750 3232 certe
767 3194 881 3232 idem
899 3194 944 3232 in
963 3195 1113 3233 Sarum
1126 3195 1239 3245 quod
1251 3195 1295 3233 in
1309 3194 1603 3243 Sarisburyum
1615 3205 1721 3241 esse,
1736 3205 1820 3233 non
1832 3195 2011 3233 dubium
2024 3194 2347 3239 videtur‚—sive
2362 3194 2443 3233 hoc
2457 3194 2647 3239 aem.

642 3261 729 3299 sive
747 3261 857 3299 Solis
872 3261 927 3308 (si
943 3260 1024 3299 hoc
1040 3259 1209 3300 tantum
1234 3260 1406 3310 placet),
1424 3260 1514 3299 sive
1540 3260 1785 3307 conditoris,
1803 3261 1892 3299 sive
1918 3259 2030 3299 alius
2055 3260 2242 3309 emusvis
2265 3259 2333 3298 vel
2357 3270 2551 3309 personae
2579 3259 2647 3299 vel

642 3327 702 3366 rei
720 3337 878 3365 nomen
896 3327 965 3366 sit.
1016 3326 1182 3368 Quibus
1208 3332 1352 3366 sutem
1369 3327 1576 3365 derivatio
1593 3327 1819 3366 orientalis
1846 3327 1955 3365 adeo
1972 3325 2088 3366 cordi
2106 3330 2184 3372 est,
2205 3336 2281 3364 cur
2302 3336 2388 3365 non
2405 3329 2450 3364 et
2466 3325 2648 3365 Hebrai-

642 3406 741 3433 cum
761 3394 1079 3442 Sar=princepe
1095 3394 1397 3440 adhibuerunt,
1413 3398 1463 3432 ut
1480 3403 1579 3433 eum
1597 3393 1772 3433 nomine
1794 3392 1971 3441 Anglico
1990 3394 2017 3413 ‘⁸
2030 3390 2358 3439 Punice-comma
2377 3392 2406 3431 i.
2421 3402 2458 3431 e.
2479 3392 2650 3431 Princi-
2722 3403 2725 3406 ·

636 3462 909 3511 pis-buryum,
925 3461 1040 3501 idem
1056 3461 1228 3501 omnino
1243 3462 1392 3500 sonet?
