2910 4457
506 484 634 531 mira
658 483 942 542 sententia3
990 480 1421 545 quemadmodum
1463 482 1531 531 sit

503 548 732 597 hominis
771 550 826 597 in
858 551 1084 598 animam
1120 564 1267 597 suam
1297 554 1441 596 amor
1473 553 1532 596 ut

505 621 708 678 pereat3
751 614 926 663 odium
964 616 1030 662 ne
1071 619 1259 678 pereat.
1308 614 1362 661 Si
1395 609 1531 662 male

507 681 761 729 amaveris
777 718 790 742 ,
814 688 941 729 tunc
965 680 1146 740 odisti3
1181 681 1227 729 si
1249 680 1382 729 bene
1408 680 1530 728 ode-

505 747 594 808 ris,
619 753 743 794 tunc
762 747 961 794 amasti.
986 739 1186 795 Felices
1206 746 1295 809 qui
1314 744 1533 793 oderunt

509 811 875 873 custodiendO,
917 827 983 860 ne
1027 811 1246 875 perdant
1290 808 1530 859 amando,

508 876 611 927 Sed
634 876 754 925 vide
778 893 844 926 ne
862 874 955 927 tibi
974 877 1217 941 subrepat
1235 883 1291 925 ut
1309 877 1533 942 teipsum

506 943 640 992 velis
685 944 978 991 interimere
995 980 1007 1004 ,
1069 943 1147 991 sic
1188 941 1530 1007 intelligendo

509 1008 649 1073 quod
669 1008 826 1057 debes
842 1008 1014 1057 odisse
1036 1007 1089 1055 in
1102 1008 1406 1057 boemundo
1420 1010 1530 1057 ani·

506 1076 643 1122 inam
666 1080 822 1123 tuam.

575 1140 612 1188 ἵ
637 1138 718 1188 De
740 1156 843 1188 uno
867 1138 1105 1203 Mar-tyre
1127 1139 1390 1201 decollato,
1414 1140 1462 1202 R
1484 1141 1531 1188 9.

507 1206 851 1269 Percepturus
868 1205 979 1267 jam
999 1206 1080 1252 vir
1103 1214 1316 1253 sanctus
1341 1221 1432 1246 nro
1457 1205 1531 1246 la-

507 1271 636 1321 bore
659 1271 904 1333 requiem,
929 1278 1178 1319 constans

511 1351 612 1385 one
637 1334 945 1385 Christianae
967 1336 1103 1398 fidei,
1131 1336 1195 1385 Su

507 1402 655 1451 velut
693 1417 860 1466 agnus
894 1409 1194 1452 mansuetus

512 1468 740 1532 Corpore
781 1467 998 1517 dissolvi
1031 1468 1195 1533 gaude

508 1534 624 1583 Deo
641 1535 832 1582 vivere.
862 1534 1047 1592 Subdit
1080 1534 1271 1583 collum
1287 1552 1431 1583 vemt
1443 1552 1531 1598 ag·

510 1615 609 1647 nus
633 1606 933 1648 mansuetus
958 1599 1045 1663 gla
1083 1599 1170 1665 io].
1211 1600 1390 1649 Gloria
1416 1599 1531 1666 [Pa-·

507 1665 591 1725 tri,
616 1664 826 1725 etFilio,
851 1671 903 1713 et
920 1665 1129 1728 Spiritui
1143 1664 1373 1731 Sancto].
1401 1665 1533 1714 Sub-

511 1730 587 1777 dit
641 1729 832 1779 collum
864 1730 1009 1778 velut
1033 1746 1200 1796 agnus
1231 1736 1533 1779 mansuetus

510 1794 599 1859 gla
636 1794 725 1861 io].
748 1793 862 1844 Hoc
901 1796 947 1857 R
970 1796 1310 1860 Percepturus
1335 1796 1535 1845 dicetur

508 1862 567 1909 in
634 1869 718 1910 est.
743 1860 807 1910 de
831 1860 987 1909 Mart.
1035 1861 1213 1911 decoll.
1252 1863 1308 1910 ἐπ’
1330 1862 1419 1911 lec.
1461 1861 1534 1911 acl

509 1925 545 1974 Ι
617 1943 734 1990 esp.;
757 1934 804 1975 et
826 1926 897 1975 ad
924 1926 1048 1976 Mat.
1074 1928 1172 1977 erit
1189 1928 1242 1977 ix
1266 1929 1326 1991 R.
1352 1927 1425 1976 Et
1447 1928 1534 1977 eti-

509 2010 594 2041 am
630 1992 688 2041 in
713 1992 834 2057 fest.
875 1992 940 2057 iij
969 1993 1058 2042 lec.
1082 1994 1153 2043 ad
1173 1992 1297 2042 Mat.
1338 1993 1436 2042 em‘t
1474 1993 1539 2059 iay

511 2059 556 2121 Bc
579 2057 785 2122 quando
817 2057 1008 2108 dicitur
1042 2058 1106 2108 de
1146 2057 1254 2107 III
1267 2059 1535 2109 Nocturno

513 2131 724 2173 tantum.

573 2190 610 2239 ἵ
636 2189 716 2240 De
738 2201 840 2239 uno
866 2188 1103 2255 Martyre‘
1136 2207 1242 2241 ‘non
1265 2186 1535 2253 decollato,

509 2257 556 2318 Bc
589 2255 674 2321 [9].
721 2257 914 2306 Beatus
939 2260 1018 2304 vir
1059 2259 1146 2320 qui
1170 2259 1349 2307 suffert
1369 2264 1537 2306 tenta-

507 2323 731 2382 tionem3
758 2323 1003 2384 quoniam
1028 2332 1144 2371 cum
1162 2324 1409 2388 probatus
1426 2324 1535 2372 fue-

507 2388 591 2447 rit,
613 2388 834 2451 accipiet
853 2403 1098 2436 coronam
1115 2389 1249 2452 vitae,
1276 2389 1439 2449 Quam
1458 2405 1537 2437 red

509 2453 746 2516 promisit
757 2453 900 2501 Deus
916 2453 1249 2517 diligentibus
1269 2471 1340 2504 se.
1360 2454 1541 2508 YRHic

512 2519 733 2581 accipiet
755 2518 1171 2568 benedictionem
1190 2537 1222 2568 a
1236 2519 1358 2569 D‘fio
1379 2527 1429 2569 et
1445 2521 1537 2570 mi·-

510 2584 859 2634 sericordiam.
881 2585 1046 2645 Quam
1067 2583 1376 2650 [repromisit
1393 2587 1538 2635 Deus

511 2649 848 2714 diligentibus
875 2649 967 2715 se].
993 2640 1173 2699 Gloria
1193 2650 1366 2717 [Patri‚
1392 2654 1538 2701 etri-

513 2715 612 2777 lio,
649 2722 700 2765 et
725 2717 938 2780 Spiritui
963 2715 1193 2782 Sancto].·
1242 2718 1408 2779 Quam
1442 2717 1538 2783 [re-

515 2783 753 2846 promisit
775 2782 918 2831 Deus
945 2782 1280 2847 diligentibus
1305 2783 1398 2844 sel.

579 2845 615 2910 ,ὃ
637 2846 791 2911 34.)
811 2847 975 2897 Aliud
984 2848 1542 2915 Euangelium.Secun⁴

513 2913 632 2962 dum
658 2913 867 2964 Lucam.
893 2914 1040 2979 (Cap.
1070 2918 1143 2963 14.
1168 2916 1249 2979 F.)

510 2983 603 3092 ΠΝ
627 2979 718 3029 illo
744 2987 999 3045 tempore:
1036 2981 1182 3029 Dixit
1203 2982 1239 3030 J
1243 2997 1361 3031 esus
1386 2982 1541 3030 disci-

569 3045 702 3109 pulis
728 3046 861 3096 suis:
890 3045 944 3094 Si
968 3046 1083 3109 quis
1107 3048 1254 3095 venit
1275 3047 1342 3095 ad
1364 3063 1463 3108 me,
1488 3053 1539 3096 et

512 3128 619 3161 non
645 3112 752 3160 odit
769 3118 965 3176 patrem
983 3127 1148 3173 suum,
1174 3120 1223 3160 et
1242 3119 1470 3173 matrem,
1491 3118 1542 3161 et

510 3194 744 3238 uxorem,
770 3184 821 3226 et
843 3177 996 3237 filios,
1022 3184 1071 3226 et
1094 3179 1293 3239 fratres,
1320 3184 1371 3226 et
1394 3194 1550 3235 soro—st

510 3260 596 3294 res
614 3282 626 3305 ,
659 3243 830 3292 adhuc
854 3249 1025 3291 autem
1049 3249 1100 3291 et
1128 3245 1353 3292 animam
1376 3258 1539 3305 suam,

512 3326 621 3359 non
646 3315 817 3375 potest
839 3324 983 3358 meus
1008 3324 1122 3358 esse
1148 3308 1448 3373 discipulus,
1473 3310 1541 3360 Et

510 3376 726 3439 reliqua.

581 3440 827 3490 Homelia
848 3440 999 3488 Beati
1021 3439 1260 3504 Gregorii
1283 3439 1454 3505 Papae.

579 3505 752 3556 Lectio
776 3506 860 3571 vij.
903 3507 956 3554 Si
991 3505 1393 3567 consideremuS,
1433 3507 1537 3554 fra·

513 3577 618 3620 tres
643 3573 955 3632 charissimi,
989 3587 1102 3634 quae
1127 3577 1178 3619 et
1201 3577 1396 3634 quanta
1417 3578 1540 3621 sunt

515 3649 628 3700 quae
646 3638 796 3687 nobis
816 3638 1182 3702 promittuntur
1201 3639 1256 3685 in
1277 3636 1437 3698 coelis,
1463 3639 1539 3686 vi-

513 3702 717 3752 lescunt
739 3704 912 3753 animo
951 3704 1125 3751 omnia
1147 3719 1262 3766 quae
1284 3702 1541 3753 habentur

1224 351 1458 390 connum
1485 350 1626 389 umus
1652 351 1885 389 nARTYms

2380 337 2432 398 (ἐ
2459 338 2674 387 33-35

1627 482 1683 531 in
1705 482 1869 532 terris.
1912 482 2141 531 Terrena
2162 494 2385 545 namque
2410 482 2670 533 substan·

1628 549 1701 596 tia
1710 563 1946 612 supcrnae
1956 546 2186 597 felicitati
2198 554 2509 612 comparata,
2523 564 2672 611 pon-

1631 614 1728 662 dus
1753 620 1845 674 est,
1870 630 1977 662 non
1997 613 2301 662 subsidium.
2327 614 2673 679 Temporalis

1628 681 1737 728 vita
1751 680 2084 727 aeternaevitae
2096 686 2410 744 comparata,
2421 694 2565 727 mors
2580 687 2675 728 est

1630 746 1804 811 potius
1833 744 2053 794 dicenda
2079 761 2234 808 quam
2258 746 2381 794 vita.
2412 743 2528 794 Leo.
2549 745 2672 809 υἰιζῑ.

1685 824 1781 859 rsa
1800 812 1937 858 enim
1948 811 2282 873 quotidianus
2294 810 2526 859 defectus
2541 826 2672 859 cor-

1684 877 1956 941 ruptionis,
1970 876 2095 939 quid
2108 884 2185 925 est
2197 876 2338 925 allud
2350 891 2505 941 quam
2515 891 2670 939 quae·

1631 941 1749 991 dam
1773 942 2042 1006 prolixitas
2066 944 2282 991 mortis?
2330 942 2459 1003 Quae
2482 949 2672 990 autem

1628 1006 1813 1073 lingua
1846 1008 2043 1071 dicere,
2085 1007 2172 1057 vel
2207 1009 2324 1071 quis
2356 1006 2672 1056 intellectus

1630 1084 1815 1139 capere
1840 1074 2027 1123 sufficit
2058 1074 2151 1122 illa
2183 1089 2422 1138 supernae
2452 1072 2670 1121 feliciti-

1629 1140 1750 1199 tatis
1783 1146 1978 1202 quanta
2011 1148 2134 1187 sunt
2156 1139 2384 1204 gaudia?
2423 1138 2671 1203 Angelo-

1629 1217 1744 1254 rum
1768 1205 1939 1266 choris
1962 1206 2241 1267 interesse,
2276 1221 2395 1254 cum
2417 1204 2668 1253 beatissi-

1630 1272 1726 1319 mis
1752 1270 2019 1335 spiritibus
2043 1270 2225 1336 gloriae
2250 1270 2552 1319 Conditoris
2578 1285 2669 1318 as·

1631 1338 1835 1397 sistere,
1868 1346 2175 1401 praesentem
2197 1337 2298 1385 Dei
2319 1334 2524 1384 vultum
2549 1351 2668 1384 (εει-ό

1631 1417 1770 1463 nere,
1781 1402 2269 1467 incircunscriptum
2278 1402 2452 1450 lumen
2463 1399 2669 1463 videre,

1632 1467 1778 1517 nullo
1810 1474 1953 1516 metu
1985 1469 2166 1516 mortis
2191 1467 2349 1528 affici,
2383 1468 2668 1532 incorrup⁴

1630 1534 1789 1583 tionis
1812 1540 2076 1599 perpetuae
2098 1548 2312 1582 munere
2334 1533 2515 1581 laetari.

2015 1614 2189 1664 Lectio
2211 1616 2281 1664 ix.-

1634 1683 1783 1798 Sm)
1840 1678 1908 1730 ad
1959 1680 2074 1729 haec
2129 1680 2307 1730 audita
2370 1678 2667 1729 inardescit

1711 1747 1938 1809 animus,
1964 1747 2178 1809 jamque
2200 1742 2309 1795 illic
2335 1747 2479 1811 cupit
2502 1748 2669 1795 assis-

1631 1820 1740 1862 tere
1762 1813 1854 1862 ubi
1878 1828 1934 1862 se
1958 1820 2132 1877 sperat
2150 1813 2263 1861 sine
2286 1812 2390 1860 fine
2450 1811 2667 1861 audet&

1634 1879 1737 1943 Sed
1760 1879 1827 1927 ad
1851 1879 2061 1943 praemia
2084 1879 2353 1943 pervenire
2390 1876 2406 1942 [
2440 1894 2478 1925 π
2501 1876 2666 1926 Br'ev.

1633 1944 1793 2006 Rom„
1820 1945 1885 1993 ad
1907 1959 2098 2009 magna
2132 1945 2342 2009 praemia
2376 1942 2665 2008 perveniri]

1633 2019 1740 2060 non
1780 2016 1975 2075 potest,
2009 2010 2112 2058 nisi
2144 2025 2237 2074 per
2258 2024 2478 2074 magnos
2511 2009 2665 2058 labo-

1632 2090 1731 2125 res-⁷
1756 2076 1908 2124 Unde
1933 2083 1983 2124 et
2005 2074 2229 2136 Paulus,
2264 2086 2386 2140 egre
2426 2076 2507 2123 'us
2532 2084 2667 2140 pree-

1635 2139 1858 2205 dicator,
1884 2141 2031 2190 dicit:
2057 2142 2173 2190 Nou
2199 2156 2394 2190 corona
2432 2142 2537 2189 itur
2559 2142 2669 2189 nisi

1635 2209 1724 2273 qui
1736 2207 1966 2274 legitime
1980 2208 2268 2258 certaverit.
2282 2206 2521 2256 Delectet
2535 2221 2666 2272 ergo

1633 2281 1858 2324 mentem
1869 2273 2173 2339 magnitudo
2187 2273 2517 2340 praemiorum
2530 2289 2543 2333 3
2570 2273 2667 2323 sed

1634 2356 1743 2390 non
1769 2340 2024 2389 deterreat
2047 2347 2306 2389 certamen
2328 2338 2586 2388 laborum.

1704 2435 1742 2500 δ
1779 2433 1898 2492 33.
1976 2433 2142 2488 Aliud
2166 2437 2526 2504 Euanqelium.
2574 2434 2667 2489 Se-

1640 2504 1866 2554 cundum
1948 2505 2200 2554 atthaeum⁴
2227 2504 2325 2568 (Ca
2364 2542 2375 2553 .
2404 2508 2479 2554 16.
2506 2504 2595 2568 D.)

1636 2573 1729 2685 ΠΝ
1752 2569 1845 2618 illo
1871 2577 2127 2634 tempore:
2153 2572 2301 2619 Dixit
2363 2586 2483 2620 esus
2508 2569 2666 2620 disci-

1692 2636 1829 2701 pulis
1847 2637 1980 2685 suisfi
2003 2636 2057 2684 Si
2076 2637 2191 2699 quis
2209 2636 2322 2685 vult
2339 2644 2459 2702 post
2476 2652 2557 2685 me
2573 2645 2666 2686 ve·

1638 2703 1773 2763 nire,
1800 2703 2023 2767 abneget
2046 2703 2405 2766 semetipsum,
2440 2708 2491 2750 et
2513 2702 2668 2752 tollat

1638 2783 1845 2883 firmem
1863 2782 2025 2831 suam,
2045 2774 2096 2816 et
2113 2776 2361 2831 sequatur
2378 2783 2475 2816 me.
2499 2768 2568 2818 Et
2584 2784 2666 2818 re·

1714 2849 1797 2882 ua.

1680 2849 1949 2949 qumelia
1970 2901 2118 2949 Beati
2141 2900 2380 2965 Gregorii
2402 2900 2575 2966 Papae.

1704 2977 1893 3031 Lectio.
1906 2982 1988 3046 υῇ.
2004 2981 2140 3042 Quia
2150 2979 2264 3030 Dfis
2278 2997 2341 3031 ac
2350 2983 2667 3048 Redemptor

1639 3054 1819 3095 noster
1845 3048 2024 3096 Novus
2050 3047 2223 3096 Homo
2246 3050 2393 3096 venit
2416 3050 2474 3097 in
2513 3065 2664 3098 mun·

1642 3112 1788 3174 dum,
1822 3128 1962 3162 nova
1984 3118 2245 3178 praecepta
2268 3112 2430 3164 edidit
2450 3115 2665 3164 mundo.

1640 3177 1773 3226 Vitae
1813 3180 1950 3226 enim
1989 3186 2183 3227 nostrae
2218 3180 2382 3228 veteri
2426 3181 2481 3228 in
2521 3181 2663 3230 vitiis

1641 3245 1902 3305 enutritae,
1952 3245 2370 3294 contrarietatem
2417 3262 2447 3294 o
2488 3248 2666 3310 posuit

1639 3310 1887 3358 novitatis
1911 3325 2034 3358 suae.
2468 3328 2534 3361 ec.
2558 3312 2663 3378 viij.

1730 3387 1827 3422 un)
1849 3376 1985 3424 enim
1996 3382 2162 3439 vetus,
2188 3370 2312 3439 quid
2330 3376 2555 3426 carnalis
2571 3377 2664 3428 ho-

1732 3456 1814 3490 mo
1839 3448 2071 3503 noverat,
2091 3443 2192 3491 nisi
2203 3458 2298 3491 sua
2309 3444 2545 3505 retinere,
2571 3443 2663 3494 ali-

1641 3523 1741 3556 ena
1771 3522 1953 3572 rapere
1977 3508 2021 3556 si
2052 3515 2256 3572 posset,
2293 3510 2664 3574 concupiscere

1641 3573 1687 3622 si
1709 3589 1817 3621 non
1840 3574 2051 3637 posset?
2077 3573 2179 3622 Sed
2189 3573 2415 3623 coelestis
2433 3574 2662 3626 medicus

1639 3638 1863 3704 singulis
1898 3638 2192 3701 quibusque
2230 3641 2371 3689 vitiis
2398 3641 2663 3691 obviantia

1641 3704 1851 3754 adhibet
1871 3703 2262 3753 medicamenta.
2452 3704 2569 3757 Lec.
2591 3708 2660 3759 ἅτ.
