2910 4457
641 331 754 385 xxii
1152 345 1225 382 nn
1252 344 1369 382 ort.
1395 344 1534 392 oar„
1556 342 1722 380 noms
1746 341 2036 391 nummus,
2060 340 2133 380 m·

640 474 869 542 reliquis,
894 487 1211 540 unoquoque
1236 471 1353 534 sibi,
1376 471 1486 523 sive
1508 471 1566 522 in
1589 469 1761 523 fronte
1794 471 1902 523 sive
1926 487 1957 523 a
1980 469 2152 522 fronte
2183 469 2252 522 ad
2274 476 2458 539 pectus
2483 472 2554 540 (v.
2583 489 2641 542 p.

639 561 728 624 vii,
753 561 880 628 viii),
905 558 1091 611 Crucis
1117 559 1341 627 figuram
1367 557 1592 611 ducente
1615 556 1840 610 dicenda
1863 558 2020 610 fuisse
2043 556 2300 610 videntur.

712 646 780 697 In
807 644 1075 697 Breviario
1099 642 1254 696 Rom.
1278 643 1397 696 haec
1418 643 1718 696 benedictio
1741 660 1863 696 cum
1889 649 2138 711 sequente
2160 641 2429 696 Fidelium
2451 645 2644 696 anima

638 733 739 785 hoc
784 733 940 785 modo
975 733 1258 801 conjuncta
1291 739 1397 785 est:
1435 735 1468 761 ‘⁴
1488 731 1618 783 D'ns
1655 748 1750 784 nos
1781 730 2078 795 benedicat,
2113 739 2167 784 et
2206 731 2274 784 ab
2315 733 2458 784 omni
2495 733 2641 786 malo

636 818 899 883 defendat,
935 827 990 872 et
1022 819 1092 871 ad
1126 821 1290 872 vitam
1324 818 1579 888 perducat
1621 826 1902 871 aeternam:
1939 825 1993 870 et
2024 816 2289 871 Fidelium
2321 819 2516 872 animm
2547 835 2644 887 per

634 906 1040 960 misericordiam
1067 906 1171 959 Dei
1196 908 1525 975 requiescant
1547 907 1605 958 in
1627 921 1772 974 pace.
1797 903 2017 957 Amen.”

1295 1027 1393 1090 De
1420 1029 1618 1090 Horis
1644 1026 1964 1089 Brevibw.

704 1136 793 1188 Aa
834 1135 1080 1199 Tertiam,
1117 1134 1352 1199 Sextum,
1378 1145 1431 1188 et
1466 1135 1717 1202 Nonam]
1759 1135 1843 1188 De
1878 1135 1962 1187 his
1994 1136 2164 1188 tribus
2199 1135 2382 1200 Horis,
2411 1153 2473 1190 ac
2499 1152 2631 1207 prae·

635 1225 813 1277 sertim
849 1223 914 1276 de
951 1241 1132 1276 earum
1164 1224 1334 1287 initio,
1367 1241 1415 1275 ν.
1450 1223 1521 1275 ad
1556 1240 1606 1292 p.
1648 1225 1713 1274 16
1746 1241 1793 1276 a.
1833 1222 1903 1275 In
1940 1222 2044 1275 fine
2078 1231 2276 1287 autem,
2312 1224 2527 1292 quando
2563 1225 2630 1278 de

635 1310 923 1363 Dominica
958 1310 1039 1362 vel
1075 1309 1140 1362 de
1175 1309 1308 1363 festo
1344 1309 1429 1363 vel
1470 1311 1971 1363 commemoratione
2007 1308 2079 1376 (v.
2111 1308 2182 1361 ad
2216 1308 2303 1361 Pr.
2346 1311 2397 1378 1)
2435 1313 2631 1380 agitur,

631 1406 750 1467 post
784 1396 1119 1450 Versiculum
1156 1396 1380 1450 dicenda
1414 1404 1498 1448 est
1532 1397 1712 1448 statim
1750 1394 1933 1448 Oratio
1968 1396 2176 1464 propria
2209 1411 2332 1447 cum
2355 1395 2487 1448 D'm
2516 1397 2628 1450 vob.

633 1485 731 1538 διο.
772 1493 836 1538 ut
880 1485 950 1537 ad
985 1483 1197 1537 Laudes
1233 1483 1300 1550 (v.
1338 1483 1407 1536 ad
1439 1500 1490 1552 p.
1535 1486 1596 1536 15
1632 1481 1745 1550 b.):
1782 1484 1840 1535 in
1875 1481 2045 1534 feriali
2078 1480 2203 1533 vero
2246 1480 2433 1536 Officio
2469 1484 2630 1536 inter·

627 1570 886 1638 ponendae
922 1580 1047 1624 sunt
1085 1571 1266 1623 Preces
1305 1568 1536 1622 Foem‘ales
1581 1586 1698 1637 quae
1738 1570 1796 1621 in
1845 1566 2119 1622 Laudibus
2159 1566 2325 1621 Feriae
2370 1568 2628 1622 Secundae

626 1655 697 1724 (p.
723 1660 793 1708 39
809 1656 866 1724 b)
892 1657 1247 1708 inveniuntur.
1316 1654 1587 1707 Memoriae
1610 1664 1790 1709 autem
1813 1654 1883 1709 ad
1906 1656 2042 1708 solas
2064 1654 2273 1708 Laudes
2297 1663 2350 1708 et
2372 1653 2630 1724 Vesperas

625 1743 919 1810 pertinent:
957 1759 1133 1811 preces
1168 1746 1305 1812 “pro
1345 1760 1475 1812 pace
1516 1743 1790 1796 Ecclesiae”
1824 1751 1942 1814 post
1978 1743 2187 1796 Laudes
2229 1750 2283 1796 et
2323 1741 2626 1812 completo-

623 1830 778 1892 rium,
804 1827 892 1881 Ps.
917 1829 1112 1881 Levavi
1137 1828 1233 1881 διο.
1255 1836 1371 1898 post
1395 1828 1632 1882 Primam
1655 1830 1868 1883 tantum
1892 1829 2150 1883 addenda.

695 1914 755 1966 P.
780 1919 848 1967 25
873 1916 923 1967 b.
952 1915 1089 1976 Quae
1122 1916 1369 1986 leguntur
1386 1917 1630 1987 jucunda
1663 1917 1781 1981 &c.,
1805 1919 1849 1970 si
1872 1919 2129 1987 scriptura
2150 1919 2313 1971 etiam
2337 1917 2624 1971 Sarisburi·

622 2002 761 2053 ensis
783 2002 1058 2055 retinenda
1081 2011 1175 2067 est,
1198 2019 1402 2072 semper
1411 2003 1648 2073 jocunda
1673 2003 1771 2057 ὅτε.
1797 2003 1951 2057 scribi
1977 2001 2184 2057 debent.
2257 2003 2404 2056 Hinc
2437 2010 2621 2057 autem

620 2088 1134 2160 Anglicumjocund,
1156 2091 1194 2143 i.
1220 2107 1265 2143 e.
1292 2089 1498 2143 hilaris.

689 2174 792 2227 Pro
822 2177 1261 2247 jusficationibus
1283 2194 1410 2231 corr.
1421 2174 1909 2250 justificationibus.

692 2260 751 2312 P.
794 2266 864 2314 29
905 2280 954 2314 a.
996 2264 1213 2332 Largire
1249 2280 1474 2317 CLABUM
1511 2266 1743 2335 vespere]
1787 2265 1858 2318 In
1894 2265 2051 2318 Brev.
2094 2263 2250 2319 Rom.
2293 2279 2504 2328 Ltmmv,
2552 2274 2618 2319 ut

617 2362 826 2414 vespere,
841 2346 982 2414 quod
1004 2349 1061 2398 in
1087 2346 1278 2401 Sarisb.
1305 2352 1605 2403 accusativo
1627 2368 1753 2403 casu
1770 2350 1973 2404 dictum
1996 2358 2144 2404 notet
2158 2351 2338 2415 lector,
2354 2351 2618 2403 ablativus

616 2431 726 2484 fiat.
787 2430 871 2484 Cf.
898 2448 1016 2500 quae
1041 2433 1106 2486 de
1130 2434 1584 2489 emendationibus
1607 2436 1861 2489 Romanis
1883 2455 2041 2508 supra
2062 2436 2133 2507 (p.
2151 2438 2211 2507 ii)
2236 2437 2482 2491 diximus,

971 2553 1069 2618 De
1096 2554 1437 2617 Matutinis
1466 2561 1526 2618 et
1553 2556 1873 2620 Laudibus
1897 2558 2263 2622 Ferialz’bus.

684 2662 747 2716 P.
779 2668 850 2717 30
884 2665 919 2718 b
955 2673 1012 2717 et
1033 2682 1175 2733 seqq.
1203 2663 1597 2717 Matutinarum
1629 2675 1678 2717 et
1713 2666 1957 2720 Laudum
1988 2666 2282 2720 Ferialium
2309 2667 2528 2720 initium
2559 2677 2614 2722 et

614 2749 739 2802 ordo
773 2735 962 2804 collato
994 2749 1178 2803 Officio
1204 2750 1526 2805 Dominicali
1549 2760 1603 2805 et
1628 2752 1844 2822 Proprio
1877 2752 1941 2806 de
1976 2752 2234 2822 Tempore
2264 2753 2611 2807 hebdomadae

610 2837 792 2905 primae
840 2835 1114 2888 Adventus
1150 2853 1270 2888 cum
1318 2839 1659 2891 annotatione
1697 2841 1875 2893 nostra
1915 2839 2069 2893 facile
2104 2841 2440 2909 intelligetur.
2520 2841 2609 2894 De

611 2920 800 2974 Officio
818 2930 998 2975 autem
1018 2920 1296 2975 Ordinario
1317 2922 1452 2992 (scil.
1475 2942 1537 2977 eo
1556 2927 1698 2995 quod
1720 2927 1778 2978 in
1802 2926 2059 2980 Psalterio
2082 2926 2376 2997 invenitur)
2402 2928 2609 2981 notabit

607 3007 786 3072 lector,
815 3007 1260 3077 quemadmodum
1287 3010 1344 3062 in
1370 3007 1558 3066 Officio
1596 3012 1917 3067 Dominicali
1953 3012 2034 3084 (v.
2065 3030 2117 3083 p.
2153 3016 2227 3079 ix,
2250 3012 2315 3084 x)
2349 3016 2407 3067 in
2433 3015 2605 3084 primo

607 3198 821 3254 munium,
842 3197 1136 3260 ubicunque,
1159 3205 1293 3247 extra
1320 3176 1584 3260 Rubrieas.
1600 3201 1766 3250 eodem
1789 3203 2063 3251 charactere
2092 3219 2208 3252 cum
2239 3203 2359 3267 ipsis
2378 3202 2603 3251 formulis

608 3292 728 3339 quas
758 3277 1003 3325 concludit
1026 3278 1154 3340 (scil.
1181 3280 1426 3343 Romano)
1452 3282 1687 3345 scriptum
1707 3283 1902 3345 legitur,
1926 3284 1987 3331 ab
2017 3291 2235 3347 utroque,
2260 3284 2345 3331 ubi
2372 3283 2485 3331 vero
2507 3284 2605 3331 alio

605 3358 730 3421 (scil.
757 3358 971 3421 Italico),
1007 3376 1036 3408 a
1067 3361 1227 3409 Choro
1260 3362 1359 3409 solo
1395 3362 1653 3412 dicendum
1686 3371 1781 3413 est:
1817 3366 2007 3414 etiamsi
2028 3381 2058 3413 a
2088 3366 2330 3413 Ministris
2359 3364 2460 3413 fere
2490 3379 2597 3413 om-

599 3441 744 3489 nibus
759 3440 902 3489 hodie
918 3441 1163 3491 distinctio
1182 3444 1276 3492 ista
1295 3444 1569 3507 negligitur.
