2910 4457
289 339 1202 650 &suffetium
1314 340 2203 653 Qavibicum

1066 704 1150 781 ab
1198 696 1405 779 namn

565 864 1039 972 ‹Ettleaiae
1106 859 1921 965 ffatiahutieuaia.

251 1076 339 1142 IN
383 1072 827 1140 DOMINICIS
864 1068 1162 1136 DIEBUS

256 1197 292 1246 ὰ
310 1198 531 1246 Domine
556 1208 620 1244 ne
641 1195 694 1243 in
719 1195 796 1243 ira
817 1205 970 1255 usque
989 1193 1059 1240 ad
1079 1204 1149 1240 xi,

429 1295 530 1345 AD
562 1291 970 1345 MATUTINAS

576 1374 841 1436 Hymnus·

217 1458 427 1567 Primo
448 1457 656 1506 dierum
677 1453 911 1503 omnium
930 1489 944 1510 ,

296 1521 408 1580 Quo
428 1519 664 1568 mundus
677 1521 809 1565 extat
829 1513 1064 1562 conditus
1081 1549 1094 1571 ,

219 1582 301 1630 Vel
325 1595 426 1643 quo
454 1593 605 1631 resur
641 1591 732 1627 ens
748 1576 989 1626 Conditor

214 1645 309 1693 Nos
324 1649 486 1693 morte
508 1642 610 1689 vict
669 1641 878 1694 liberat,

272 1707 439 1754 Pulsis
469 1703 646 1765 procul
668 1701 956 1761 torporibus
973 1734 986 1756 ,

221 1769 497 1827 Surgamus
518 1776 701 1813 omnes
717 1762 862 1812 ocius
878 1797 892 1820 ,

218 1830 276 1878 Et
291 1836 427 1878 nocte
453 1837 781 1890 quaeramuS,
811 1824 954 1884 pium

222 1893 352 1941 Sicut
375 1891 678 1951 prophetam
707 1888 970 1940 novimus,

278 1955 482 2002 Nostras
506 1963 679 2012 preces
703 1953 760 1997 ut
781 1947 981 2001 audiat,

221 2015 467 2076 Suamque
483 2015 719 2062 dextram
738 2009 987 2070 porrigat3

224 2078 287 2126 Ut
307 2080 528 2137 expiatos
557 2074 792 2122 sordibus

226 2139 409 2187 Reddat
434 2139 673 2198 polorum
691 2133 914 2183 sedibus.

283 2203 347 2250 Ut
365 2203 566 2263 quique
584 2195 927 2246 sacratissimo

227 2263 387 2323 Huius
405 2264 503 2312 diei
536 2266 761 2319 tempore

228 2326 374 2374 Horis
392 2324 582 2386 quietis
600 2322 871 2382 psallimus
887 2353 902 2377 ,

230 2386 376 2435 Donis
390 2388 550 2435 beatis
576 2386 832 2433 muneret.

288 2450 395 2497 Jam
425 2460 564 2496 nunc
581 2483 595 2505 ‚
619 2447 833 2493 Paterna
852 2441 1083 2498 claritaS,

234 2511 296 2559 Te
316 2512 632 2571 postulamus
655 2505 874 2555 affatim:

238 2571 377 2620 Absit
398 2574 552 2621 libido
580 2569 892 2622 sordidans:

238 2634 505 2696 Omnisque
523 2639 671 2681 actus
694 2630 877 2679 noxius
903 2644 917 2678 :

293 2698 360 2745 Ne
380 2698 503 2746 ioeda
527 2697 600 2744 sit
620 2694 696 2743 vel
720 2691 913 2739 lubrica

239 2756 478 2819 Compago
502 2757 666 2806 nostri
688 2753 937 2813 corporis,

237 2818 324 2868 Per
343 2833 492 2881 quam
513 2818 712 2868 Averni
740 2815 949 2875 ignibus

238 2881 329 2941 Ipsi
351 2893 638 2931 crememur
664 2879 852 2928 acrius,

296 2944 368 2992 Ob
385 2945 473 2993 boc
486 2980 501 3004 ,
521 2942 849 3001 Redemptor,
872 2948 1191 2999 quaesumuS,

241 3004 301 3052 Ut
322 3007 493 3065 probra
522 3011 697 3053 nostra
722 3002 915 3060 diluas3

242 3064 360 3117 vitae
383 3068 618 3127 perennis
634 3063 899 3115 commoda

244 3127 389 3177 Nobis
412 3131 629 3189 benigne
646 3126 895 3177 conseras.

301 3191 408 3251 Quo
431 3193 603 3240 carnis
624 3195 741 3239 actu
758 3187 949 3244 exuleS,

247 3250 405 3301 Effecti
430 3254 526 3313 ipsi
550 3254 778 3307 coelibeS,

247 3313 308 3360 Ut
331 3316 676 3373 praestolamur
697 3310 903 3369 cernui,

243 3370 394 3424 Melos
414 3389 663 3425 canamus
691 3375 878 3435 gloriae.

304 3436 469 3486 Gloria
491 3439 612 3496 tibi,
638 3435 857 3485 Domine
872 3468 886 3491 ‚

251 3497 345 3557 Qui
362 3505 509 3548 natus
527 3513 583 3548 es
600 3500 663 3547 de
686 3497 925 3560 Virgine,

1297 1063 1446 1127 [Cum
1476 1064 1628 1113 Patre
1652 1069 1701 1113 et
1725 1064 1909 1114 Sancto
1934 1063 2155 1124 Spiritu,

1293 1129 1391 1176 Per
1421 1128 1724 1186 sempiterna
1750 1127 1950 1176 saecula.
1976 1124 2181 1187 Amem]

1293 1189 1366 1236 Et
1384 1190 1575 1237 dicitur
1598 1189 1654 1236 in
1675 1190 1815 1236 omni
1833 1189 2045 1249 Hymno
2062 1188 2284 1248 ejusdem

1292 1252 1444 1298 metri
1461 1264 1614 1312 usque
1628 1253 1697 1298 ad
1718 1250 2287 1313 Purificationem‚proe-

1294 1318 1523 1374 terquam
1565 1314 1624 1359 in
1663 1312 1875 1372 Hymno
1906 1314 2040 1361 Deus
2062 1312 2285 1361 Creator.

1296 1373 1425 1421 Post
1445 1373 1618 1433 Puris.
1643 1376 1759 1421 verd
1784 1375 1971 1421 (licitur
1992 1386 2168 1421 versus

1357 1437 1546 1484 Praesta
1566 1472 1579 1494 ‚
1608 1437 1755 1484 Pater
1780 1436 2046 1497 [piissime,

1296 1496 1537 1557 Patrique
1563 1497 1778 1556 Compar
1806 1497 1983 1555 unice,

1297 1559 1426 1608 Cum
1449 1560 1643 1618 Spiritu
1660 1559 1910 1607 Paraclito

1300 1622 1541 1681 Regnans
1564 1634 1649 1681 per
1676 1633 1825 1669 omne
1850 1619 2115 1679 saeculum,
2136 1617 2281 1680 Am.]

1361 1713 1406 1760 Α
1422 1713 1558 1760 Deus
1578 1711 1811 1759 omnium
1831 1723 1984 1772 usque·
2001 1711 2071 1757 ad
2094 1710 2286 1757 Adven-

1301 1779 1435 1831 tum,
1461 1779 1566 1821 tam
1582 1774 1641 1820 in
1661 1773 1944 1821 Dominicis
1991 1785 2111 1819 uam
2137 1771 2194 1817 in
2209 1771 2285 1831 fe-

1299 1835 1511 1883 rialibus
1523 1835 1709 1894 diebus,
1724 1836 1926 1897 quando
1970 1848 1995 1882 e
2018 1833 2288 1881 Dominio-(2

1299 1899 1376 1945 vel
1407 1896 1542 1958 serici
1573 1898 1764 1959 ayitur,
1800 1897 1988 1944 dicitur
2012 1896 2082 1943 ad
2117 1895 2290 1944 Matu-

1303 1960 1440 2007 tinas
1462 1973 1670 2021 sequens
1691 1958 1937 2019 Hymnus
1956 1976 1970 2004 :

1365 2022 1516 2072 Nocte
1530 2026 1794 2082 surgentes
1804 2021 2075 2078 vigilemus
2094 2030 2290 2075 omneS‚

1302 2083 1507 2142 Semper
1523 2083 1573 2129 in
1590 2083 1797 2141 psalmis
1808 2081 2128 2136 meditemur,
2143 2085 2294 2140 atque

1304 2144 1518 2193 Viribus
1539 2145 1656 2191 totis
1677 2143 1895 2190 Domino
1918 2153 2167 2190 canamus

1427 2206 1655 2256 Dulciter
1678 2205 1909 2263 hymnos.

1366 2268 1436 2316 Ut
1459 2268 1539 2327 pio
1557 2267 1659 2326 regi
1685 2266 1868 2327 pariter
1891 2269 2155 2323 canentes,

1305 2330 1436 2379 Cum
1463 2329 1572 2377 suis
1596 2329 1784 2377 sanctis
1807 2340 2093 2377 mereamur
2115 2328 2286 2376 aulam

1305 2392 1510 2453 Ingredi
1533 2391 1642 2439 coeli
1666 2427 1679 2448 ,
1701 2391 1856 2439 simul
1876 2395 1925 2440 et
1947 2390 2146 2439 beatam

1429 2455 1624 2502 Ducere
1649 2453 1826 2502 vitam.

1367 2517 1576 2564 Praestet
1595 2515 1687 2563 hoc
1708 2516 1853 2563 nobis
1877 2515 2047 2563 Deitas
2070 2515 2210 2563 beata

1309 2577 1477 2626 Patris
1497 2590 1554 2626 ac
1580 2578 1695 2627 Nati
1721 2578 2009 2636 pariterque
2028 2577 2201 2625 Sancti

1309 2640 1547 2700 Spiritus,
1576 2640 1724 2697 cujus
1743 2640 1911 2687 reboat
1932 2639 1983 2686 in
2004 2638 2147 2685 omni

1432 2701 1606 2750 Gloria
1633 2700 1847 2749 mund0.
1875 2698 2063 2748 Amen.

1416 2797 1436 2886 [
1461 2799 1535 2863 In
1578 2800 1779 2884 primo
1826 2797 1893 2862 N
1890 2795 2204 2885 acturum]

1560 2924 1803 2972 Psalmus
1825 2923 2045 2985 primus·

1311 2995 1538 3101 Beatus
1574 2987 1655 3036 vir
1686 2986 1774 3047 qui
1807 2999 1907 3034 non
1938 2986 2065 3034 abiit
2093 2984 2147 3032 in
2176 2995 2299 3032 con-

1394 3052 1509 3101 silio
1537 3050 1842 3109 impiorum,
1867 3054 1916 3097 et
1940 3049 1994 3096 in
2025 3048 2105 3095 via
2134 3058 2302 3105 pecca-

1311 3121 1480 3164 torum
1495 3127 1594 3161 non
1616 3111 1779 3160 stetit:
1797 3110 1915 3160 etin
1932 3110 2165 3159 cathedra
2194 3120 2302 3167 pes-

1314 3178 1523 3227 tilentiae
1543 3188 1641 3223 non
1663 3173 1793 3221 sedit
1817 3187 1832 3222 ι

1379 3240 1472 3290 Sed
1495 3239 1547 3286 in
1567 3238 1670 3297 lege
1687 3233 1895 3283 Domini
1912 3233 2149 3282 voluntas
2160 3231 2301 3290 ejus:

1316 3308 1366 3352 et
1406 3304 1459 3351 in
1502 3300 1605 3359 lege
1633 3300 1743 3359 ejus
1774 3295 2102 3346 meditabitur
2126 3293 2209 3342 die
2244 3304 2302 3340 ac

1318 3371 1480 3413 nocte.

1382 3426 1448 3476 Et
1483 3423 1581 3473 erit
1619 3427 1865 3483 tanquam
1906 3418 2134 3479 lignum,
2167 3416 2300 3476 qnod

1324 3489 1605 3551 plantatum
1625 3490 1698 3532 est
1720 3494 1865 3532 secus
1880 3482 2125 3530 decursus
2147 3490 2303 3539 aqua-

2020 3561 2047 3609 1

2227 3993 2410 4130 f
