2910 4457
1117 372 1190 411 Au
1230 372 1559 416 numme.
2294 359 2368 419 61

356 488 513 549 Signa
547 490 718 535 nostra
766 497 868 534 non
911 485 1150 545 vidimus,
1179 487 1289 547 jam

294 562 394 598 non
430 554 506 598 est
545 549 783 609 propbeta
817 562 830 595 t
869 553 917 595 et
949 561 1041 597 nos
1073 562 1172 596 non
1203 562 1289 598 co·

295 616 500 671 gnoscet
520 611 761 670 amplius.

351 675 630 732 Usquequo
653 673 789 720 Deus
808 669 1167 730 improperabit
1189 671 1288 720 ini-

291 735 458 783 micus
493 750 505 782 ε
541 734 708 782 irritat
740 733 1060 781 adversarius
1098 747 1283 782 nomen

1386 499 1618 597 acgemro
1638 492 1854 548 tempus,
1884 499 1975 548 ego
1999 488 2371 550 justitiasjudi-

1385 561 1440 598 ca
1480 562 1528 597 o.

1448 611 1732 671 Liquel'acta
1756 617 1830 660 est
1851 616 1982 662 terra
2010 618 2058 661 et
2086 627 2263 663 omnes
2281 616 2371 675 qui

1381 671 1612 721 habitant
1642 673 1695 720 in
1726 686 1819 722 ea:
1851 686 1942 734 ego
1964 676 2260 725 confirmavi
2280 690 2371 725 co-

1379 733 1587 782 lumnas
1616 736 1743 794 eJus,

1445 796 1557 842 Dixi
1576 795 1781 854 iniquis.
1806 795 1970 845 Nolite
1991 797 2163 858 inique
2184 812 2329 859 agere
2353 815 2367 848 t

1377 861 1427 904 et
1468 856 1907 916 delinquentibuS,
1946 859 2109 909 Nolite
2152 864 2369 911 exaltare

1378 930 1557 966 cornu.

1442 979 1607 1029 Nolite
1641 978 1871 1027 extollere
1912 979 1963 1027 in
2012 981 2173 1031 altum
2206 996 2364 1033 cornu

1377 1047 1604 1089 vestrum
1665 1057 1676 1088 t
1733 1041 1884 1090 nolite
1935 1042 2070 1103 loqui
2126 1046 2367 1095 adversus

1376 1104 1540 1151 Deum
1567 1102 1908 1164 iniquitatem.

1440 1166 1575 1225 Quia
1607 1178 1767 1227 neque
1788 1167 1852 1214 ab
1873 1165 2096 1225 Oriente,
2121 1180 2281 1229 neque
2301 1171 2364 1218 ab

1376 1225 1660 1285 Occidente,
1697 1241 1859 1287 neque
1890 1241 1918 1276 a
1947 1229 2157 1278 desertis
2180 1231 2365 1279 monti·-

1374 1288 1470 1336 bus
1490 1289 1759 1350 :quoniam
1779 1290 1913 1338 Deus
1930 1290 2083 1349 judex
2099 1297 2191 1340 est.

1437 1351 1589 1399 Hunc
1624 1351 1858 1399 humiliat
1888 1358 1935 1400 et
1968 1353 2101 1401 bunc
2125 1355 2308 1402 exaltat
2346 1369 2359 1402 t

1373 1412 1491 1470 quia
1526 1413 1649 1460 calix
1684 1413 1735 1459 in
1770 1425 1930 1461 manu
1960 1414 2061 1463 Diri
2094 1415 2202 1463 vini
2236 1416 2363 1465 meri

1373 1474 1553 1531 plenus
1576 1473 1750 1520 mixto·

1431 1535 1496 1582 Et
1527 1533 1790 1582 inclinauit
1821 1548 1877 1581 ex
1909 1535 2001 1583 hoc
2037 1537 2091 1584 in
2115 1536 2235 1596 boc3
2269 1549 2361 1586 ve-

1371 1601 1642 1644 runtamen
1682 1595 1772 1644 l‘aex
1803 1597 1915 1656 ejus
1946 1611 2045 1646 non
2084 1604 2158 1647 est
2188 1599 2361 1648 exina-

1369 1657 1475 1706 nita
1493 1672 1505 1705 t
1524 1659 1697 1707 bibent
1713 1671 1794 1706 om
1803 1671 1889 1707 nes
1905 1666 2182 1719 peccatores
2198 1667 2360 1711 terrae.

1430 1719 1538 1780 Ego
1570 1725 1736 1769 autem
1767 1721 2082 1772 annuntiabo
2114 1723 2166 1772 in
2199 1737 2360 1774 saecu·

1368 1779 1477 1828 lum
1502 1783 1742 1831 :cantabo
1759 1783 1860 1831 Deo
1883 1784 2053 1834 Jacob.

1429 1844 1493 1892 Et
1510 1845 1679 1893 omnia
1696 1858 1885 1893 cornua
1907 1853 2221 1906 peccatorum
2242 1860 2360 1896 con-

1366 1902 1589 1965 tringam
1640 1923 1653 1956 ε

1362 1966 1508 2025 justi.
1679 1968 1924 2015 Psalmus
1957 1971 2104 2018 lxxv.

1457 2035 1571 2075 otus
1605 2028 1657 2075 in
1688 2028 1862 2076 Judaea
1895 2030 2031 2077 Deus
2057 2046 2069 2078 :
2117 2031 2172 2079 in
2198 2031 2355 2081 Israel

1460 2101 1708 2148 magnum
1735 2102 1916 2136 nomen
1941 2091 2071 2149 ejus·

1425 2149 1490 2198 Et
1509 2150 1667 2198 sactus
1682 2151 1821 2197 estin
1848 2162 1965 2208 pace
1987 2152 2126 2201 locus
2146 2153 2257 2213 eJ'us
2274 2168 2287 2201 t
2306 2160 2356 2203 et

1362 2210 1603 2260 habitatio
1621 2212 1729 2272 ejus
1748 2210 1799 2259 in
1822 2212 1962 2261 Sion.

1422 2273 1500 2321 Ibi
1537 2273 1782 2334 confregit
1814 2274 2059 2333 potentias
2093 2290 2106 2325 ι
2139 2290 2345 2337 arcum,

1359 2342 1581 2393 scutum,
1607 2337 1832 2396 gladium
1850 2341 1899 2384 et
1919 2338 2128 2387 bellum.

1422 2398 1731 2448 Illuminans
1751 2404 1808 2446 tu
1829 2398 2125 2449 mirabiliter
2146 2414 2175 2449 a
2199 2413 2350 2450 mon-

1359 2460 1497 2508 tibus
1517 2461 1719 2509 oeternis
1750 2474 1761 2507 :
1804 2462 1993 2511 turbati
2021 2469 2143 2512 sunt
2171 2476 2350 2514 omnes

1356 2522 1653 2581 insipientes
1683 2524 1847 2571 corde.

1420 2584 1749 2633 Dormierunt
1785 2597 2024 2632 somnum
2057 2598 2211 2633 suum
2246 2602 2257 2634 ε
2299 2592 2347 2636 et

1360 2645 1485 2694 nihil
1507 2648 1810 2695 invenerunt
1826 2658 2003 2693 omnes
2017 2647 2115 2693 viri
2137 2647 2349 2696 divitia-

1358 2721 1477 2755 rum
1496 2708 1549 2754 in
1574 2707 1814 2754 manibus
1837 2707 1963 2753 suiS.

1421 2767 1506 2817 Ab
1527 2767 1865 2827 increpatione
1881 2773 1968 2815 tua
1998 2768 2133 2817 Deus
2153 2770 2307 2819 Jacob
2333 2786 2345 2819 :

1356 2828 1760 2880 dormitaverunt
1840 2829 1930 2891 qui
2012 2833 2347 2885 ascenderunt

1357 2905 1532 2952 equoS.

1419 2956 1497 3003 Tu
1537 2952 1776 3002 terribilis
1816 2966 1868 3002 es
1899 2959 1948 3003 et
1992 2956 2107 3017 quis
2149 2958 2345 3007 resistet

1355 3017 1481 3066 tibi?
1498 3030 1554 3065 ex
1572 3021 1694 3064 tunc
1712 3016 1787 3064 ira
1803 3022 1908 3065 tua.

1416 3080 1488 3129 De
1503 3079 1625 3127 coelo
1638 3079 1869 3127 auditum
1886 3078 2044 3129 fecisti
2053 3080 2307 3140 judicium
2330 3096 2342 3131 :

1355 3144 1487 3190 terra
1512 3140 1722 3189 tremuit
1737 3146 1784 3190 et
1799 3141 2006 3201 quievit,

1417 3203 1547 3252 Cum
1572 3209 1831 3264 exurgeret
1863 3202 1915 3250 in
1944 3202 2137 3262 judicio
2159 3203 2296 3252 Deus
2328 3218 2341 3252 ε

1354 3270 1411 3311 ιιι
1441 3266 1609 3313 salvos
1640 3263 1822 3314 taceret
1843 3277 2021 3313 omnes
2051 3271 2344 3314 mansuetos

1353 3331 1669 3448 tel{ilioniam
1692 3385 1925 3447 cogitatio
1947 3385 2172 3434 hominis
2194 3387 2343 3434 confi-

1351 3452 1537 3499 tebitur
1553 3450 1680 3509 tibi:
1710 3455 1758 3499 et
1781 3448 2003 3508 reliquiae
2025 3448 2343 3509 cogitationis

1354 3513 1492 3563 diem
1517 3512 1700 3562 festum
1722 3516 1871 3571 agent
1892 3510 2000 3559 tibi.

2060 3592 2093 3641 6

2265 3970 2456 4146 f

1700 1911 1749 1955 et
1778 1909 2131 1957 exaltabuntur
2159 1921 2357 1958 ‘cornua
2437 1935 2443 1939 ·
