2910 4457
618 319 658 377 2
1387 336 1678 381 nommcrs
1719 336 1920 377 uranus

620 462 773 500 rum:
814 449 950 512 quod
999 448 1225 499 fructum
1273 459 1427 497 suurn
1465 448 1606 498 dabit

620 513 676 561 in
703 517 924 571 tempore
948 523 1042 560 suo
1065 526 1079 561 ε

686 576 751 624 Et
788 574 964 621 lolium
1005 573 1115 632 ejus
1146 586 1247 622 non
1290 573 1512 622 defluet:
1558 577 1607 621 et

621 637 795 688 omnia
832 647 1147 697 quaecunque
1173 635 1317 685 faciet
1338 648 1611 696 prospera-

624 702 837 749 buntur.

685 762 797 811 Non
845 758 920 807 sic
962 758 1137 819 impii,
1190 771 1293 808 non
1343 760 1418 808 sic
1460 775 1474 809 ε
1520 759 1606 807 sed

621 829 868 884 tanquam
896 821 1064 881 pulvis
1088 834 1242 882 quem
1274 822 1474 882 projicit
1495 834 1611 872 ven-

623 892 707 933 tus
726 897 756 932 a
778 883 899 932 l'acie
919 889 1078 933 terroe.

685 947 802 995 Ideo
825 958 925 993 non
948 950 1214 1006 resurgent
1235 945 1382 1006 impii
1404 945 1458 993 in
1473 945 1612 1004 judi-

623 1008 701 1057 cio
731 1022 745 1057 ι
794 1019 957 1068 neque
995 1013 1272 1066 peccatores
1307 1009 1360 1055 in
1398 1007 1612 1056 concilio

621 1072 899 1130 justorum.

689 1132 948 1192 Quoniam
977 1130 1117 1179 novit
1139 1132 1249 1179 Dr‘is
1283 1130 1420 1179 viam
1442 1129 1610 1188 justo-

626 1206 777 1242 rum:
805 1199 854 1242 et
876 1194 968 1242 iter
996 1192 1275 1252 impiorum
1298 1192 1499 1253 peribit.

952 1254 1189 1301 Psalmus
1210 1253 1269 1314 ij.

708 1328 829 1365 uare
861 1315 1181 1365 fremuerunt
1205 1318 1390 1365 Gentes
1414 1331 1428 1366 τ
1462 1320 1511 1366 et
1532 1328 1612 1378 po-

713 1378 815 1438 puli
839 1377 1067 1428 meditati
1083 1383 1204 1425 sunt
1231 1378 1402 1426 inania
1419 1380 1445 1426 ‘l

699 1440 990 1490 Astiterunt
1025 1452 1161 1499 reges
1194 1445 1369 1498 terrae,
1390 1446 1439 1488 et
1466 1439 1616 1500 prin-

634 1503 770 1562 cipes
787 1507 1130 1551 convenerunt
1147 1502 1199 1549 in
1218 1515 1382 1550 unum
1403 1518 1416 1551 ι
1438 1503 1617 1551 adver-

628 1577 719 1637 sus
772 1565 937 1625 Dnm,
977 1570 1025 1612 et
1062 1564 1304 1612 adversus
1349 1564 1613 1613 Christum

628 1638 757 1685 eJuS.

692 1688 1064 1747 Dirumpamus
1088 1687 1292 1735 vincula
1324 1699 1537 1736 eorum:
1566 1691 1615 1735 et

637 1749 968 1808 projiciamus
1003 1761 1033 1796 a
1066 1748 1215 1796 nobis
1251 1749 1436 1808 jugum
1481 1749 1616 1808 ipso-

634 1822 771 1859 rum.

667 1871 803 1933 ,Qui
844 1871 1037 1919 habitat
1078 1869 1132 1918 in
1172 1870 1337 1929 coelss,
1384 1870 1618 1920 irridebit

634 1947 718 1983 eos
740 1950 752 1984 :
781 1939 829 1982 et
849 1933 957 1981 Diis
977 1933 1313 1982 subsannabit
1327 1945 1428 1982 θος.

700 1997 845 2046 Tunc
872 1997 1104 2056 loquetur
1129 1996 1191 2044 ad
1214 2007 1297 2044 eos
1318 1995 1371 2043 in
1395 1996 1470 2044 ira
1493 2007 1615 2045 sua:

637 2064 687 2108 et
707 2058 759 2107 in
784 2058 951 2106 lurore
967 2069 1060 2106 suo
1073 2058 1393 2105 conturbabit
1405 2071 1507 2106 eOS.

701 2120 808 2181 Ego
830 2127 998 2169 autem
1023 2121 1330 2168 constitutus
1360 2132 1480 2168 sum
1514 2121 1620 2169 Rex

639 2184 703 2233 ab
731 2196 787 2233 eo
812 2194 964 2243 super
989 2181 1108 2232 Sion
1136 2188 1359 2232 montem
1382 2187 1620 2232 sanctum

638 2248 750 2307 ejus
768 2262 782 2296 ε
806 2246 1082 2306 praedicans
1101 2251 1404 2306 praeceptum
1427 2247 1557 2305 ejuS.

703 2309 851 2356 Dnus
883 2307 1010 2355 dixit
1045 2308 1107 2355 ad
1150 2319 1255 2366 me,
1285 2308 1451 2356 Filius
1479 2319 1624 2356 meus

639 2382 692 2418 es
720 2374 772 2416 tu
803 2381 923 2429 :ego
944 2368 1089 2416 hodie
1107 2370 1258 2427 genui
1281 2373 1345 2417 te.

704 2431 908 2478 Postula
929 2441 958 2475 a
980 2442 1061 2477 me
1078 2464 1090 2487 ,
1111 2435 1160 2477 et
1182 2430 1310 2476 dabo
1328 2431 1420 2478 tibi
1439 2430 1624 2479 Gentes

642 2492 984 2542 haereditatem
1000 2496 1141 2538 tuam
1162 2504 1175 2538 ι
1196 2495 1243 2539 et
1260 2493 1622 2550 possessionem

641 2561 785 2604 tuam
813 2554 1057 2601 terminos
1082 2559 1245 2602 terrae.

705 2617 868 2676 Reges
914 2627 996 2664 eos
1043 2614 1095 2662 in
1143 2615 1285 2675 virga
1326 2614 1483 2664 ferrea
1519 2630 1533 2666 t
1577 2620 1626 2664 et

643 2684 892 2740 tanquam
920 2689 1008 2726 vas
1028 2676 1172 2737 figuli
1201 2677 1488 2738 confringes
1522 2689 1624 2726 eos,

705 2742 769 2791 Et
806 2753 945 2789 nunc
981 2752 1120 2800 reges
1160 2739 1465 2801 intelligite:
1500 2753 1626 2789 eru-

643 2804 828 2853 dimini
847 2802 935 2862 qui
959 2802 1200 2859 judicatis
1220 2808 1427 2851 terram.

706 2865 898 2914 Sei-vite
924 2864 1034 2910 Dfio
1065 2863 1117 2910 in
1154 2864 1334 2914 timore
1361 2879 1376 2913 z
1409 2869 1459 2912 et
1489 2864 1628 2913 exul-

649 2932 749 2975 tate
774 2926 819 2973 ei
839 2936 955 2972 cum
976 2931 1210 2972 tremore.

706 2985 1083 3047 Apprehendite
1127 2986 1474 3046 disciplinam,
1537 3000 1628 3035 ne-

645 3050 849 3113 quando
886 3048 1132 3096 irascatur
1157 3047 1266 3095 Dns
1295 3053 1380 3097 :et
1417 3049 1630 3111 pereatis

650 3114 712 3161 de
729 3112 808 3158 via
825 3110 982 3168 justa.

715 3172 844 3221 Cinn
878 3170 1117 3221 exarserit
1143 3169 1195 3218 in
1218 3170 1355 3220 brevi
1386 3172 1463 3221 ira
1485 3172 1625 3231 ejus:

650 3236 781 3286 beati
800 3246 975 3284 omnes
1002 3232 1093 3294 qui
1115 3233 1375 3282 confidunt
1400 3235 1454 3283 in
1471 3247 1547 3285 eo,

961 3296 1206 3343 Psalmus
1225 3295 1304 3356 iij.

648 3360 906 3473 Domine
951 3358 1074 3421 quid
1126 3359 1449 3419 multiplicati
1507 3363 1631 3408 sunt

737 3426 826 3484 qui
847 3423 1093 3472 tribulant
1123 3425 1241 3472 me?
1273 3423 1419 3472 multi
1452 3424 1631 3472 insur-

648 3495 776 3550 gunt
794 3490 1062 3538 adversum
1090 3500 1187 3536 me.

1765 449 1922 500 Multi
1955 447 2134 496 dicunt
2162 448 2349 498 animae
2385 459 2544 499 meae:
2577 449 2690 501 Non

1700 517 1779 562 est
1800 513 1941 559 salus
1967 510 2063 570 ipsi
2085 510 2137 558 in
2162 511 2264 560 Deo
2289 512 2418 570 ejus,

1769 573 1848 622 Tu
1883 578 2056 621 autem
2096 573 2207 621 Dr‘ie
2252 577 2512 633 susceptor
2550 587 2697 623 meus

1702 646 1756 683 es
1785 649 1798 684 ε
1837 635 1993 695 gloria
2021 646 2161 695 mea,
2201 639 2250 683 et
2292 636 2521 685 exaltans
2546 642 2698 697 caput

1704 709 1898 746 meum.

1771 759 1899 807 Voce
1943 771 2055 807 mea
2098 759 2161 807 ad
2197 759 2332 807 Dnm
2359 759 2575 808 clamavi
2608 776 2621 809 ε
2649 767 2699 809 et

1705 821 2067 870 exaudivit‘me
2094 821 2154 870 de
2183 827 2355 870 monte
2383 828 2560 870 sancto
2584 835 2696 871 su0.

1767 882 1873 941 Ego
1891 883 2143 939 dormivi,
2171 888 2220 931 et
2252 888 2517 943 soporatus
2543 895 2660 932 sum
2683 901 2697 933 ι

1706 951 1755 994 et
1775 945 2000 993 exurrexi
2019 980 2031 1003 ,
2055 945 2175 1004 quia
2203 947 2311 993 Diis
2344 946 2566 1005 suscepit
2595 958 2695 994 me.

1770 1008 1881 1058 Non
1902 1007 2085 1056 timebo
2101 1007 2264 1055 millia
2298 1008 2468 1067 populi
2494 1007 2698 1056 circun-

1707 1070 1877 1118 dantis
1916 1081 1998 1117 me
2034 1084 2047 1117 ε
2086 1081 2270 1129 exurge
2304 1069 2446 1130 Diie,
2493 1070 2694 1118 salvum

1709 1144 1788 1180 me
1815 1131 1907 1189 sac,
1927 1131 2063 1179 Deus
2080 1143 2242 1180 meus,

1771 1193 2027 1253 Quoniam
2081 1199 2137 1240 tu
2180 1192 2470 1252 percussisti
2520 1205 2696 1242 omnes

1707 1254 2029 1303 adversantes
2044 1255 2172 1302 mihi
2194 1256 2304 1304 sine
2317 1267 2469 1303 causa
2487 1270 2501 1304 z
2521 1256 2693 1305 dentes

1708 1322 2023 1378 peccatorum
2047 1317 2349 1366 contrivisti.

1770 1379 1871 1426 Diri
1908 1384 1983 1426 est
2019 1379 2159 1426 salus
2203 1395 2216 1428 ε
2262 1384 2310 1427 et
2337 1391 2489 1439 super
2525 1391 2686 1440 popu-

1711 1440 1820 1488 lum
1849 1445 1998 1488 tuum
2021 1440 2300 1489 benedictio
2326 1447 2432 1489 tua.

1827 1537 1943 1586 Non
1973 1537 2163 1585 dicitnr
2194 1538 2264 1586 ad
2281 1538 2571 1587 Nocturnus

1968 1599 2061 1647 iste
2082 1599 2324 1646 Psalmus
2354 1600 2451 1660 iiii.

1716 1671 1885 1771 Cum
1949 1661 2234 1710 invocarem
2292 1663 2549 1711 exaudivit
2612 1674 2693 1711 me

1796 1722 1930 1771 Deus
1949 1722 2161 1781 iustitiae
2193 1735 2317 1773 meae
2347 1739 2360 1773 ε
2386 1724 2441 1772 in
2477 1725 2697 1773 tribula-

1711 1784 1845 1831 tione
1871 1783 2092 1832 dilatasti
2120 1785 2268 1833 mihi.

1775 1846 2015 1896 Miserere
2055 1847 2187 1897 mei:
2222 1852 2272 1896 et
2299 1847 2479 1897 exaudi
2510 1848 2698 1897 oratio-

1717 1920 1834 1957 nem
1860 1921 2047 1957 meam.

1776 1970 1896 2018 Filii
1919 1970 2218 2029 hominum,
2255 1983 2520 2032 usquequo
2559 1972 2699 2031 gravi

1715 2032 1896 2081 corde?
1924 2039 1981 2079 ut
2009 2034 2132 2092 quid
2165 2033 2378 2092 diligitis
2404 2034 2697 2091 vanitatem,

1657 2096 1667 2107 “
1714 2099 1763 2143 et
1783 2095 2011 2154 quaeritis
2027 2096 2349 2143 mendacium
2368 2097 2393 2144 ‘t

1781 2156 1845 2204 Et
1890 2157 2063 2205 scitote
2112 2158 2355 2218 quoniam
2409 2156 2702 2206 mirificavit

1716 2219 1827 2267 Diis
1861 2224 2095 2267 sanetum
2114 2233 2268 2268 suum
2302 2236 2315 2269 ι
2342 2220 2451 2269 Diis
2469 2218 2703 2270 exaudiet

1719 2293 1800 2330 me
1815 2280 1934 2329 cum
1949 2282 2231 2331 clamavero
2245 2283 2306 2330 ad
2322 2295 2461 2331 eum.

1782 2343 2101 2401 Irascimini,
2150 2349 2199 2393 et
2247 2344 2399 2393 nolite
2450 2356 2652 2403 peccare
2684 2358 2700 2392 t

1718 2417 1832 2465 qua>
1865 2405 2033 2452 dicitis
2062 2405 2115 2454 in
2145 2407 2383 2455 cordibus
2407 2407 2618 2463 vestris,
2655 2411 2703 2453 et

1720 2467 1774 2514 in
1796 2466 2050 2514 cubilibus
2068 2469 2246 2516 vestris
2267 2468 2701 2527 compungimini.

1781 2528 2066 2576 sacrificate
2110 2530 2419 2578 sacrificium
2458 2530 2703 2588 justitiae,

1720 2594 1769 2637 et
1803 2595 1995 2649 sperate
2034 2590 2088 2638 in
2122 2592 2236 2640 Diio
2262 2607 2274 2641 :
2306 2592 2458 2640 multi
2490 2592 2703 2650 dicunt,

1721 2652 1853 2712 Quis
1870 2651 2086 2700 ostendit
2112 2654 2257 2702 nobis
2276 2654 2444 2702 bona?

1784 2714 2052 2774 Signatum
2089 2720 2164 2763 est
2198 2727 2349 2775 super
2398 2728 2489 2764 nos
2529 2716 2706 2765 lumen

1722 2776 1896 2825 vultus
1931 2777 2008 2825 tui
2043 2777 2153 2826 Dfie
2192 2792 2207 2826 τ
2256 2778 2438 2826 dedisti
2475 2778 2706 2827 laetitiam

1723 2838 1776 2886 in
1802 2839 1951 2888 corde
1982 2852 2111 2888 meo.

1787 2901 1835 2950 Α
1869 2900 2036 2948 fructu
2073 2900 2344 2960 frumenti,
2371 2900 2511 2960 vini,
2537 2907 2586 2950 et
2608 2901 2704 2950 olei

1723 2964 1803 3010 sui
1831 2979 1844 3011 ε
1871 2963 2196 3022 multiplicati
2215 2970 2356 3012 sunt.

1786 3025 1986 3095 Inpace
2013 3025 2065 3072 in
2089 3026 2314 3085 idipsum
2335 3040 2348 3075 :
2372 3025 2627 3074 dormiam
2652 3030 2704 3074 et

1723 3098 2056 3146 requiescam.

1787 3149 2044 3208 Quoniam
2071 3155 2127 3197 tu
2151 3151 2260 3198 Dfie
2288 3150 2620 3208 singulariter
2655 3149 2711 3195 in

1724 3222 1841 3270 spe:
1869 3212 2175 3260 constituisti
2200 3223 2298 3261 me.

1847 3300 1963 3349 Non
1985 3300 2171 3348 dicitur
2194 3301 2263 3347 ad
2287 3300 2572 3348 Nocturnos

1990 3363 2083 3409 iste
2105 3362 2347 3408 Psalmus
2368 3373 2418 3410 v.

1815 3424 1930 3472 erba
1958 3437 2066 3472 mea
2102 3424 2315 3471 auribus
2350 3422 2545 3484 percipe
2568 3424 2713 3472 Diie:

1727 3437 2037 3547 vintellige
2058 3485 2327 3536 clamorem
2351 3497 2544 3535 meum.
