2910 4457
536 467 683 555 xcvj
863 539 888 562 .
1079 485 1127 525 m
1151 485 1402 526 nnsvuun
1428 485 1820 528 sAmsuumuusm
1846 485 1979 526 nse.
2004 486 2039 526 11
2345 470 2458 537 (An
2472 472 2727 538 §267-9&

636 615 722 666 Ad
752 617 1113 672 annotationis
1149 621 1324 667 autem
1356 617 1423 667 ad
1469 611 1738 663 “JUSTUS
1786 632 1879 669 cor
1911 615 2097 668 suum’'
2132 616 2226 668 cte.
2266 617 2429 668 finem
2465 618 2632 669 adde:
2659 645 2715 657 -—

540 698 780 748 Ceterum
803 707 926 765 post
950 698 1158 751 “illm''
1181 698 1487 766 ponendum
1510 705 1591 750 est
1610 699 1873 767 virgulam
1906 699 2214 764 simplicem.

635 778 673 847 ἓ
705 779 860 849 79.)
897 782 959 833 In
984 781 1431 843 annotationibus,
1457 780 1629 832 deleto
1653 782 1985 847 paragrapho
2012 782 2266 845 secundo,
2291 783 2454 848 primi
2476 784 2711 851 periodus

533 863 722 915 ultima
751 866 830 914 sic
843 865 1044 916 'rectius
1077 863 1356 915 scribatur:
1381 891 1453 902 -
1473 864 1555 913 De
1581 864 1778 914 Sancta
1800 870 1975 914 autem
1990 864 2300 928 Fen-onina,
2329 881 2440 917 sec.
2468 867 2713 920 Calenda-

533 947 672 996 rium
715 946 940 1012 quidem,
980 947 1228 996 Officium
1264 947 1531 1013 integrum
1570 952 1697 996 tunc
1738 947 1852 996 fieri
1891 953 2081 1011 potest,
2126 947 2269 997 “cum
2310 956 2468 999 extra
2512 950 2714 999 Octavus

539 1028 626 1079 ²8.
655 1027 926 1079 Trinitatis
943 1036 991 1080 et
1014 1029 1257 1094 Corpora
1280 1029 1474 1080 Christi
1492 1028 1622 1096 [dies
1640 1028 1765 1098 ejus]
1797 1028 2128 1095 comiqerit”;
2161 1031 2247 1080 sin
2279 1035 2467 1082 autem
2502 1032 2712 1099 diligen-

534 1111 639 1161 tius
664 1109 845 1160 Picum
874 1111 1183 1178 inspexeris,
1210 1111 1458 1163 Officium
1489 1112 1614 1174 tale,
1648 1112 1854 1176 quoties
1889 1128 1999 1162 non
2037 1111 2204 1175 aliter,
2250 1128 2349 1178 per
2391 1112 2710 1164 Commemo-

533 1194 765 1244 rationes
799 1193 1224 1248 Hebdomadales
1262 1194 1335 1259 (V.
1370 1195 1523 1245 Fase.
1546 1194 1588 1258 Ι,
1623 1211 1712 1261 pp.
1740 1193 1837 1244 xlii
1860 1221 1927 1231 —
1947 1195 2074 1258 xlvi,
2103 1210 2223 1245 cum
2243 1195 2402 1246 Anni
2430 1199 2560 1247 1855
2585 1196 2710 1247 Add.

535 1283 585 1327 et
615 1274 783 1340 Coo-r.)
810 1291 1014 1341 semper
1036 1276 1341 1341 impeditum
1364 1276 1632 1338 invenies3
1666 1282 1725 1327 ut
1746 1282 1874 1328 tunc
1895 1282 2100 1327 tantum
2124 1277 2189 1327 de
2214 1293 2278 1328 ea
2297 1284 2498 1343 praeter
2524 1280 2710 1330 Memo-

533 1359 665 1408 riam
690 1357 975 1423 quidquam
997 1358 1277 1408 dicendum
1311 1360 1484 1422 fuerit,
1520 1359 1730 1423 quando
1748 1358 1869 1409 ”dies
1893 1359 2009 1423 ejus
2033 1366 2124 1410 aut
2147 1360 2357 1411 Octava
2381 1362 2710 1412 Sanctissimi

539 1440 785 1506 Corporis
821 1440 1016 1490 Christi
1048 1446 1138 1489 aut
1170 1441 1328 1493 Dom.
1354 1440 1406 1488 II
1435 1448 1573 1508 post.
1598 1442 1742 1494 Trin.
1778 1448 1944 1504 esset3
1975 1443 2033 1491 in
2062 1442 2252 1506 quibus
2272 1442 2490 1495 duobus
2514 1445 2711 1497 casibus

537 1522 735 1574 medias
760 1523 916 1572 etiam
936 1522 1194 1573 lectiones
1216 1523 1462 1575 habebat.

636 1604 675 1673 β
706 1604 863 1672 92.)
900 1605 1025 1656 dum
1055 1606 1292 1672 Sponsus
1327 1604 1618 1672 advenerit]
1660 1606 1725 1655 In
1760 1603 1945 1656 “dum'’
1979 1606 2104 1658 dum
2137 1602 2388 1672 nondum,⁴
2427 1610 2547 1661 sive
2580 1616 2713 1661 ante·

536 1707 702 1757 quam,
728 1687 1128 1755 intelligendum
1153 1694 1248 1738 est.

636 1771 676 1841 §
715 1770 873 1839 98.)
919 1771 982 1821 In
1024 1772 1429 1821 annotationum
1467 1786 1648 1838 parag.
1689 1772 1722 1822 5
1761 1770 1956 1823 scribe:
1997 1800 2064 1809 —
2104 1773 2256 1838 “post
2297 1773 2429 1823 huic
2470 1774 2710 1838 subjunc-

538 1861 638 1922 “ta‚
661 1885 727 1896 —-·
752 1856 953 1907 scilicet
987 1860 1110 1920 post
1141 1854 1505 1905 Dedicationis
1541 1854 1788 1905 Officium
1825 1853 1913 1919 (cf.
1948 1855 2012 1915 ἐξ
2051 1857 2147 1906 164
2181 1882 2246 1891 -
2287 1857 2430 1921 197),
2467 1856 2712 1922 Regulam

540 1943 634 1994 “de
672 1939 827 1991 Festo
863 1937 1007 2002 Loci,
1044 1939 1079 1987 i.
1121 1954 1167 1988 e.
1208 1937 1272 1988 de
1311 1938 1460 1987 Festi
1492 1937 1623 1987 Loci
1665 1938 2172 1988 Commemoratione
2212 1937 2712 2004 Hebdomadali(··),

537 2023 973 2075 “Benedictiones
995 2027 1115 2071 ante
1126 2021 1407 2071 Lectiones
1429 2020 1515 2087 (cf.
1536 2021 1715 2083 §5198
1732 2050 1791 2060 —
1806 2021 1941 2085 200),
1960 2026 2012 2072 et
2022 2020 2281 2073 Rubricas
2303 2020 2584 2087 quasdam,
2599 2020 2712 2083 -”;

535 2105 777 2159 addendo
801 2104 1062 2155 notulam:

658 2190 724 2254 ιο)
750 2188 881 2250 Quae
916 2186 1071 2238 nobis
1105 2190 1227 2252 post
1245 2186 1425 2252 primae
1448 2181 1724 2237 Adventus
1754 2185 2095 2238 hebdomadae
2120 2186 2387 2251 Officium,
2422 2188 2479 2238 in
2503 2188 2652 2241 Fasc-
2672 2186 2711 2252 Ῑ,

536 2274 624 2327 pp.
651 2260 749 2308 18a
764 2283 828 2293 -
850 2256 960 2315 lea,
986 2253 1255 2318 aliquanto
1279 2253 1486 2318 plenior
1508 2252 1788 2303 invenitur.

637 2336 677 2406 §
720 2335 877 2405 98.)
912 2337 977 2386 In
1008 2335 1459 2398 Annotationibus,
1493 2351 1544 2401 p.
1578 2336 1757 2400 xxxiij,
1789 2337 1846 2387 in
1880 2337 2064 2387 ultimo
2104 2350 2391 2402 parvarum
2431 2337 2713 2389 litterarum

495 2461 499 2464 .
534 2420 865 2489 paragrapho
917 2418 1277 2469 scribendum:
1312 2447 1383 2456 —-
1415 2418 1558 2469 Inter
1598 2418 1818 2469 duorum
1867 2420 2287 2485 Episcopatuum
2327 2426 2587 2487 tempora,
2624 2422 2712 2470 ali·

538 2504 848 2571 quantulum
887 2500 1099 2563 saltem,
1148 2501 1205 2550 in
1246 2501 1568 2550 Monasterio
1609 2516 1734 2564 suo,
1779 2501 1919 2551 idem
1958 2503 2144 2553 iterum
2187 2519 2397 2570 reg-ens,
2442 2505 2495 2556 S.
2541 2503 2714 2554 Cedda

538 2586 796 2650 “quietam
818 2585 984 2634 vitam
1012 2581 1231 2649 agebat'’
1257 2580 1329 2646 (v,
1357 2582 1411 2632 S.
1434 2581 1594 2632 Bedae
1618 2582 1757 2634 Hist.
1787 2582 1931 2636 Eccl.
1969 2583 2148 2636 Gentis
2174 2585 2488 2653 Anqlorwm,
2513 2586 2604 2638 lib.
2627 2586 2713 2648 IV,

535 2684 651 2734 cap.
683 2672 728 2731 2,
759 2672 811 2717 et
836 2666 928 2718 lib.
952 2666 1015 2729 V,
1051 2681 1164 2731 cap.
1198 2666 1309 2729 19);
1334 2666 1493 2729 unde,
1518 2665 1609 2716 otc.
2716 2688 2721 2693 ·

634 2751 696 2801 In
717 2751 964 2800 inferiore
988 2754 1164 2799 autem
1188 2749 1422 2813 ejusdem
1449 2750 1658 2816 paginae
1675 2755 1839 2816 parte,
1867 2751 1991 2801 voci
2020 2751 2453 2817 “Depositionis''
2475 2753 2713 2820 appende

535 2831 770 2886 notulam
786 2849 799 2882 ε

634 2916 924 2965 *Depositio
960 2926 1035 2953 non
1075 2915 1198 2952 solnm
1228 2914 1273 2951 de
1312 2916 1592 2963 sepultura,
1631 2926 1761 2954 verum
1789 2917 1895 2954 eliam
1922 2915 1983 2965 (iu
2010 2918 2159 2956 Sanctis
2187 2917 2352 2968 passim)
2380 2919 2429 2957 de
2455 2920 2592 2958 obitu
2620 2917 2713 2958 diei·

534 2994 611 3025 tur:
642 2998 679 3022 v.
709 2985 764 3022 Du
794 2984 941 3029 Gange,
970 2982 1265 3019 Glossarium
1294 2982 1457 3020 Mediae
1487 2991 1532 3021 et
1559 2983 1748 3021 lufimae
1779 2983 2074 3022 Latinitatis.

632 3067 683 3116 p.
710 3047 910 3113 xxxvj.)
945 3046 1033 3098 Ad
1065 3049 1464 3098 annotationum
1496 3048 1654 3098 finem
1686 3064 1802 3113 quae
1831 3049 1899 3098 ad
1931 3049 2070 3099 hanc
2104 3053 2134 3113 ἓ
2158 3052 2223 3100 98
2246 3051 2531 3115 pertinent,
2565 3051 2714 3113 adde,

535 3135 701 3201 primo
727 3132 935 3196 quidem
963 3132 1057 3181 “cf.
1077 3131 1142 3180 ad
1168 3131 1198 3191 ἓ
1222 3132 1331 3194 115,
1356 3131 1594 3181 notulam
1618 3131 1718 3194 e.'';
1744 3131 1930 3182 deinde
1955 3147 2080 3182 vero
2104 3131 2409 3183 immediate
2434 3142 2713 3199 sequentes

534 3220 780 3282 quattuor
797 3213 1176 3280 paragraphos:

637 3298 879 3349 Ceterum
914 3297 978 3351 de
1010 3296 1275 3346 Memoriis
1308 3296 1399 3348 sub
1432 3296 1636 3348 silentio
1670 3297 1924 3349 faciendis
1960 3314 2132 3364 operae
2154 3298 2383 3363 pretium
2408 3299 2509 3349 erit
2532 3306 2713 3349 notare

536 3398 652 3448 quae
673 3384 795 3447 post
818 3381 1019 3430 Primas
1041 3379 1097 3429 in
1124 3379 1329 3428 Sanctae
1353 3381 1534 3430 Crucis
1559 3379 1895 3430 Exaltatione
1917 3380 2179 3448 Vesperas
2203 3380 2483 3446 leguntur:

637 3463 730 3515 “Si
767 3463 861 3514 hoc
886 3462 1085 3529 festum
1112 3461 1171 3511 in
1204 3460 1482 3512 Dominica
1517 3462 1799 3528 contiqerit‚
1825 3462 1931 3531 fiat
1962 3461 2060 3525 Ῐιῖο,
2089 3462 2325 3534 primam
2358 3461 2622 3513 Memoria
2654 3461 2717 3512 de

539 3545 843 3597 “Dominiea
876 3552 923 3595 et
954 3544 1019 3595 de
1053 3542 1309 3594 Trinitate
1334 3542 1403 3609 [ν.
1430 3543 1497 3593 ad
1521 3547 1551 3606 ἓ
1579 3543 1692 3609 191]
1717 3544 1807 3596 sub
1830 3544 2047 3608 silentio,
2072 3544 2196 3594 dum
2219 3544 2417 3594 dicitur
2442 3543 2497 3610 [i.
2525 3561 2569 3593 e.
2593 3543 2717 3593 dum

538 3628 826 3695 “cantatur]
854 3628 1085 3693 primum
1108 3626 1488 3677 Benedicamus
1517 3623 1676 3691 [Diio.
1701 3627 1816 3676 Deo
1851 3624 2087 3692 gratiasl.
2111 3624 2322 3676 Deinde
2347 3625 2615 3676 Memoria
2643 3642 2717 3675 so·

539 3712 737 3763 “lenuis
770 3711 835 3762 de
861 3708 1185 3774 Martyribus
1205 3707 1281 3774 [S.
1309 3705 1548 3758 Cornelio
1567 3715 1616 3758 et
1636 3707 1696 3761 S.
1720 3707 2032 3774 Cypriano];
2067 3715 2115 3758 et
2122 3715 2309 3773 postea
2317 3707 2427 3773 fiat
2444 3706 2717 3759 Procas-’o

538 3794 688 3844 “ante
711 3792 921 3844 Crucem
943 3801 1001 3842 ut
1022 3807 1198 3856 supra,
1225 3789 1357 3857 [cum
1379 3789 1635 3841 Memoria
1658 3790 1722 3842 de
1744 3790 1871 3843 Ima
1894 3789 2089 3841 Nostra
2110 3791 2169 3842 in
2190 3789 2440 3859 reditu.]”

576 3911 580 3914 >
639 3874 869 3926 “Eodem
890 3872 1037 3923 modo
1042 3872 1162 3938 fiat,
1188 3879 1291 3922 tam
1312 3870 1378 3923 cle
1397 3871 1548 3926 Mem.
1565 3872 1717 3924 Dom.
1740 3889 1894 3940 quam
1907 3871 1974 3926 de
1990 3872 2329 3940 Martyribus,
2354 3875 2576 3942 quando
2601 3876 2659 3928 ἰπ
2679 3874 2723 3943 ἤ
2806 3938 2807 3949 ¹

539 3956 707 4026 ‘Jeria
728 3955 865 4008 idem
874 3955 1072 4022 festum
1094 3955 1389 4023 wntinqit.''
