2910 4457
539 433 605 522 vj
1271 447 1322 489 ιιι
1349 447 1585 490 comus
1609 443 1961 489 nosmon-
2321 430 2441 500 (An
2458 436 2494 500 5
2509 436 2692 489 16-20

641 604 681 675 8
718 602 873 674 18.)
912 613 1141 664 ANNUR
1178 603 1404 674 Christe]
1425 606 1598 672 Hujus
1619 605 1804 673 hymni
1824 610 1983 674 typus
2006 607 2252 659 metricus
2263 603 2342 673 (v.
2358 607 2427 659 ad
2447 608 2480 671 5
2500 607 2552 674 2)
2570 607 2696 660 Ian·-

541 699 679 752 biom
710 698 959 750 Trimeter
980 697 1351 750 Amalecticua
1373 702 1469 748 est.
1492 696 1791 748 Notandum
1815 702 1894 748 est
1916 702 2088 749 autem
2120 697 2210 763 (ef.
2234 696 2305 749 ad
2326 698 2551 750 eandem
2568 704 2618 750 et
2637 698 2697 750 ad

542 785 576 846 5
593 783 645 847 5)
673 783 730 833 in
758 780 1060 832 tetrasticho
1089 781 1254 846 primo
1281 781 1559 846 posterius,
1588 780 1644 830 in
1672 779 1905 831 secundo
1929 785 2206 848 utrumque
2222 795 2472 832 versuum
2498 784 2599 848 pa'r
2613 783 2699 834 ho-

543 866 919 919 moeoteleuton
945 880 1078 915 esse.

642 947 816 1017 chara]
842 948 945 998 Pro
969 947 1170 1011 cham,
1195 947 1438 1013 charitas,
1463 949 1574 1012 &c.,
1600 963 1715 1013 quse
1739 948 2085 1014 posteriorum
2109 946 2422 998 saeculorum
2447 951 2701 1018 scriptura

543 1036 639 1096 est,
662 1032 706 1081 L
731 1031 797 1081 de
820 1045 965 1080 more
988 1046 1155 1093 carus,
1190 1030 1394 1094 οανίεαε,
1430 1031 1524 1081 &c-
1555 1030 1641 1082 Ab
1664 1031 1894 1097 aspirato
1917 1034 2091 1081 autem
2114 1042 2228 1080 οιΑ
2254 1029 2587 1080 defluxerunt
2607 1031 2704 1082 for·

539 1132 637 1166 mse
673 1114 937 1165 hodiernae
973 1114 1293 1163 Francorum
1332 1111 1554 1176 charit6,
1596 1111 1851 1176 charbon,
1892 1114 2012 1176 δια,
2053 1118 2106 1163 et
2150 1111 2447 1177 Anglorum
2488 1111 2705 1179 chority,

541 1196 751 1259 chaace,
773 1197 895 1257 διας
927 1208 1228 1259 quanquam
1249 1210 1382 1245 sono
1407 1194 1654 1246 sibilante
1690 1193 1796 1260 (Fr.
1818 1193 2027 1258 sharioe,
2048 1192 2289 1258 storbon,
2314 1196 2437 1259 δια,
2459 1222 2535 1236 --
2552 1195 2706 1262 Angl.

541 1279 760 1342 tahar-iti,
785 1276 976 1340 tabulis,
1002 1275 1117 1341 διο.)
1142 1275 1374 1343 prolatae.

642 1359 901 1427 exolvisti]
933 1360 996 1409 In
1023 1358 1084 1423 L,
1111 1361 1368 1426 scriptura
1386 1362 1555 1429 magis
1573 1359 1846 1428 probatas
1851 1359 2156 1412 ‘exsolvisti'
2160 1359 2439 1422 ’.—-Quod
2455 1364 2635 1418 autem
2648 1359 2711 1411 ad

546 1447 687 1497 hunc
721 1443 983 1496 scribendi
1016 1442 1224 1494 modum
1257 1445 1460 1509 attinet,
1496 1461 1656 1510 quum
1677 1461 1789 1496 non
1811 1443 1985 1497 solum
2006 1443 2405 1510 pronunciando
2431 1443 2645 1498 difficile
2665 1452 2714 1496 et

548 1530 733 1581 durum
762 1529 836 1580 sit
855 1541 975 1590 ιη,
996 1525 1033 1575 i.
1060 1541 1103 1576 e.
1127 1540 1273 1591 acas,
1297 1529 1720 1594 praepositionem
1740 1541 1814 1578 nx
1834 1529 1890 1579 in
1914 1528 2109 1580 talibus
2131 1544 2241 1580 non
2265 1533 2324 1579 ut
2343 1541 2447 1579 :cs
2471 1527 2601 1596 (ἔξ),
2625 1529 2713 1581 sed

543 1617 748 1665 tantum
769 1615 830 1662 ut
851 1624 921 1660 xc
946 1608 1063 1676 (ἐκ)
1087 1608 1346 1676 prolatam
1367 1627 1501 1674 esse,
1524 1610 1799 1677 probabile
1820 1610 2044 1663 videtur.

642 1691 959 1758 Sancteque]
1002 1692 1066 1742 In
1103 1692 1148 1742 L
1190 1693 1492 1757 conjunctio
1532 1710 1628 1760 qus
1673 1693 1738 1744 de
1781 1709 1926 1745 more
1971 1694 2207 1757 seorsim,
2249 1692 2346 1745 sed
2389 1693 2715 1762 abbrev-iate,

543 1780 793 1845 scriptum
810 1782 917 1839 est;
942 1774 1056 1827 scil.
1079 1790 1173 1841 per
1194 1793 1227 1842 q
1250 1781 1301 1827 et
1322 1794 1350 1828 z
1373 1777 1597 1829 caudato
1619 1777 1712 1844 (3);
1738 1792 1852 1842 quae
1869 1776 2055 1828 ultima
2067 1776 2257 1840 littera,
2282 1778 2397 1829 sive
2416 1779 2546 1844 quia
2562 1796 2717 1848 sape,

544 1866 604 1914 ut
634 1875 777 1911 nunc
798 1859 1088 1921 Germanis,
1122 1865 1168 1911 ts
1198 1865 1424 1923 sonaret,
1455 1862 1570 1911 sive
1599 1861 1667 1912 ob
1691 1860 1849 1911 aliam
1873 1874 2238 1924 quamcunque
2259 1873 2528 1926 caussam,
2551 1871 2721 1915 oeten

545 1945 632 1996 vel
665 1951 715 1995 et
747 1950 915 1994 cetera
945 1942 1330 2009 significavisse
1362 1942 1587 1994 videtur.
1618 1943 1778 2006 Hinc,
1810 1940 1864 1991 et
1893 1943 1948 1991 in
1982 1941 2250 2006 impressis
2274 1942 2602 2006 quibusdam
2628 1963 2718 2013 pro

544 2044 640 2096 que
660 2028 927 2079 invenitur
952 2027 1017 2092 “q
1030 2025 1094 2090 ;'',
1118 2025 1172 2078 et
1192 2041 1287 2092 pro
1311 2026 1548 2079 videlicet
1574 2025 1736 2077 “via''
1759 2024 2019 2093 hodieque
2041 2026 2099 2077 in
2119 2041 2221 2076 usu
2244 2030 2341 2078 est.

644 2109 684 2180 8
711 2108 805 2173 1⁷
833 2126 952 2164 cum
973 2109 1248 2164 Versiculo
1270 2111 1505 2177 incipere
1529 2109 1699 2163 debet.

645 2196 777 2249 Cum
811 2192 974 2248 “ista''
1010 2194 1427 2247 subaudiendum
1467 2192 1681 2257 Oratio3
1721 2207 1844 2245 nam
1874 2191 2191 2245 vocabulum
2222 2193 2462 2262 proxime
2492 2209 2724 2263 sequens

549 2280 728 2347 potius
774 2284 833 2331 ut
871 2279 1050 2331 titulus
1089 2295 1245 2345 quam
1281 2283 1342 2331 ut
1384 2276 1791 2344 praecedentium
1834 2277 2161 2329 continuatio
2207 2277 2584 2345 accipiendum
2634 2286 2725 2331 est.

648 2362 713 2411 In
748 2364 1038 2413 recentiore
1067 2368 1240 2414 autem
1267 2361 1553 2411 Latinitate
1576 2360 1863 2426 saepissime
1889 2360 1982 2411 istc
2007 2376 2102 2426 pro
2130 2360 2215 2411 hic
2235 2361 2536 2426 invenitus-3
2571 2366 2731 2429 atque

553 2443 685 2495 adeo
702 2441 823 2493 loco
847 2442 931 2496 hio
950 2445 1250 2512 pronomini
1270 2444 1360 2496 ille
1383 2444 1681 2510 opponitur.
1706 2443 1789 2495 Cf.
1810 2459 1936 2495 veto
1960 2443 2031 2494 ad
2052 2446 2083 2507 5
2106 2443 2187 2494 54.

649 2540 687 2609 §
715 2539 876 2611 18.)
900 2544 1041 2596 orbis
1062 2542 1229 2610 terrm]
1254 2543 1318 2597 In
1340 2544 1385 2596 L
1410 2544 1734 2609 conjunctim
1756 2543 2130 2606 “orbisterre”;
2155 2548 2208 2594 et
2229 2543 2306 2595 sio
2328 2543 2548 2611 passim.

645 2627 736 2694 Vs,
769 2628 832 2683 In
864 2643 1071 2681 omnem
1100 2632 1289 2681 terram
1322 2627 1375 2693 (ἓ
1410 2625 1534 2693 16).]
1568 2625 1665 2678 Pro
1693 2630 1754 2679 16
1779 2627 1948 2679 scribe
1973 2631 2062 2678 17:
2093 2643 2146 2678 v.
2176 2626 2247 2678 ad
2269 2627 2508 2693 ejusdem
2530 2630 2731 2682 sectio·

551 2715 635 2764 nis
657 2712 881 2767 initium.

646 2807 688 2877 fi
714 2805 870 2878 19.)
896 2808 1078 2877 Modo]
1103 2810 1283 2861 Nunc:
1308 2808 1343 2859 i.
1368 2824 1412 2873 e,
1434 2807 1496 2859 in
1517 2807 1906 2873 ammplam-s
1924 2814 2106 2861 mente.
2267 2842 2272 2846 -

645 2906 685 2977 β
723 2904 880 2976 2⁰.)
914 2907 1071 2959 Intra
1102 2906 1264 2957 LXX
1273 2906 1290 2973 ]
1324 2907 1428 2957 Pro
1462 2905 1620 2957 Intra
1650 2906 1820 2959 scribe
1853 2905 2030 2975 Infra.
2064 2908 2196 2959 Haec
2218 2911 2393 2959 autem
2415 2910 2472 2958 et
2494 2924 2737 2977 sequens

546 2993 755 3045 rubrica
786 2992 950 3065 “Posti
972 2990 1136 3042 LXX
1142 2990 1188 3053 ”,
1220 3007 1336 3056 quae
1356 2990 1414 3042 in
1438 2990 1483 3040 L
1512 2985 1589 3056 (v.
1614 2994 1793 3040 annot.
1824 2989 2062 3043 ultimam
2094 2991 2161 3042 ad
2185 2991 2216 3053 ἓ
2241 2990 2292 3056 2)
2329 2990 2541 3059 desunt,
2581 2994 2658 3045 ad
2683 2994 2735 3045 S.

549 3074 827 3125 Matthiam
849 3076 1008 3126 unice
1030 3080 1285 3141 spectant.

647 3156 812 3225 Infra
846 3174 972 3210 vcro
1009 3159 1098 3209 vel
1127 3156 1255 3210 Post
1285 3156 1450 3208 LXX
1477 3163 1557 3209 est
1579 3156 1705 3209 Post
1737 3157 1954 3224 Tmpm
1975 3156 2409 3225 Sepmweeinwle
2432 3155 2735 3224 inceptum

551 3241 761 3307 quando
787 3241 1067 3308 “alleluja''
1099 3242 1202 3293 dici
1217 3257 1323 3292 non
1347 3246 1549 3308 potest:
1572 3256 1625 3292 v·
1642 3241 1882 3293 ultimum
1901 3242 2109 3310 paginae
2122 3242 2148 3307 j
2171 3239 2588 3308 paragraphum,
2615 3258 2738 3293 cum

548 3323 668 3376 loco
691 3323 767 3374 ibi
788 3323 1039 3377 indicate.
2804 3318 2805 3357 ¹

650 3406 900 3459 “merito''
935 3407 1321 3472 adverbialiter,
1351 3411 1412 3458 ut
1440 3423 1536 3474 per
1569 3412 1844 3459 accentum
1873 3408 2074 3472 notavi,
2107 3406 2477 3472 accipiendum
2506 3412 2622 3459 ost.
2654 3407 2740 3458 De

550 3505 712 3542 sensu
734 3496 908 3543 autem
941 3507 1044 3556 quo
1081 3490 1222 3559 apud
1242 3491 1414 3541 Deum
1449 3489 1608 3541 homo
1631 3474 1818 3544 mereri
1847 3489 2053 3556 dicitur,
2084 3508 2137 3542 v.
2164 3491 2316 3542 Fasc.
2338 3489 2380 3554 1,
2415 3489 2488 3541 ad
2523 3491 2742 3543 calcem

549 3590 602 3640 p.
625 3574 699 3636 vi,
724 3589 843 3625 cum
864 3574 1013 3626 Anni
1038 3574 1164 3626 1855
1187 3572 1329 3625 Adel.
1353 3580 1402 3625 et
1429 3572 1578 3624 Gerr.

648 3658 839 3711 “Cives
863 3656 1219 3725 apostolorum
1242 3662 1295 3708 et
1327 3656 1602 3708 domestici
1623 3655 1772 3721 Dei'',
1812 3656 1993 3708 Sancti
2026 3673 2141 3710 esse
2163 3659 2387 3724 possunt
2416 3655 2533 3721 qui,
2558 3663 2631 3709 ut
2655 3657 2744 3725 pie
2802 3648 2803 3743 ᾖ

553 3739 695 3791 credi
723 3745 914 3806 potest,
949 3739 1205 3808 apostolis
1240 3739 1429 3792 coelum
1458 3740 1776 3793 intrantibus
1807 3739 2181 3808 gratulabundi
2206 3739 2416 3791 obviam
2439 3746 2747 3793 venerunt.

550 3824 785 3876 Possunt
816 3829 992 3876 autem
1027 3829 1079 3876 et
1112 3824 1218 3892 ipsi
1251 3824 1482 3893 apostoli
1511 3840 1631 3879 cum
1653 3824 1811 3879 sociis
1841 3822 2289 3890 conjunctioribus
2318 3821 2396 3872 ita
2418 3821 2747 3892 designa-h
