2910 4457
1032 352 1106 391 m
1148 352 1478 395 mwrtms.
2217 339 2292 401 31

1370 465 1488 516 Tibi
1528 466 1656 517 dixit
1686 478 1770 518 eor
1805 479 1995 530 meum,
2029 471 2301 531 exquisivit

1308 532 1356 576 te
1380 526 1529 577 facies
1550 541 1661 578 mea
1685 544 1698 579 ε
1722 530 1896 579 faciem
1928 537 2070 581 tuam
2090 532 2202 583 Dite
2221 546 2300 584 re-

1307 590 1529 650 quiram.

1375 652 1448 699 Ne
1470 657 1668 700 avertas
1684 653 1860 703 faciem
1883 659 2025 704 tuam
2048 668 2078 705 a
2098 668 2211 707 me:
2232 670 2298 707 ne

1307 712 1527 763 declines
1549 715 1602 761 in
1625 715 1700 762 ira
1723 728 1750 763 a
1772 729 1915 765 servo
1937 723 2041 767 tuo.

1371 774 1593 833 Adjutor
1633 788 1778 825 meus
1816 784 1945 838 est03
1986 793 2048 829 ne
2078 780 2298 829 derelin-

1308 847 1439 896 quas
1460 849 1567 886 me:
1591 849 1753 897 neque
1772 840 2019 900 despicias
2039 855 2138 902 me,
2159 843 2298 892 Deus

1306 898 1550 946 salutaris
1573 911 1734 947 meus,

1371 958 1630 1019 Quoniam
1672 965 1810 1019 pater
1861 974 2006 1011 meus
2046 969 2096 1012 et
2135 972 2295 1016 mater

1306 1032 1419 1072 mea
1447 1022 1827 1082 dereliquerunt
1854 1036 1970 1075 me:
1999 1026 2108 1075 Diis
2126 1034 2295 1077 autem

1305 1085 1582 1143 assumpsit
1604 1097 1702 1133 me.

1370 1145 1555 1205 Legem
1579 1159 1706 1206 pone
1725 1147 1854 1195 mibi
1872 1148 1982 1197 Di‘ie
2002 1148 2057 1197 in
2079 1149 2161 1198 via
2182 1155 2297 1201 tua:

1303 1210 1353 1255 et
1372 1208 1536 1267 dirige
1557 1209 1707 1257 mein
1729 1210 1912 1259 semita
1938 1216 2073 1261 recta
2095 1217 2297 1273 propter

1304 1267 1540 1317 inimicos
1560 1282 1715 1319 meOS.

1368 1331 1442 1380 Ne
1457 1333 1727 1381 tradideris
1744 1345 1824 1381 me
1845 1333 1898 1382 in
1919 1336 2120 1384 animas
2138 1337 2298 1385 tribu-

1304 1390 1520 1441 lantium
1565 1406 1673 1453 me,
1727 1396 1968 1455 quoniam
2011 1398 2298 1447 insurrexe-

1306 1459 1428 1500 runt
1449 1455 1503 1501 in
1526 1468 1608 1503 me
1629 1461 1778 1504 testes
1799 1458 1992 1517 iniqui:
2016 1464 2064 1507 et
2084 1461 2296 1509 mentita

1306 1521 1382 1564 est
1404 1516 1650 1575 iniquitas
1671 1518 1788 1565 sibi.

1361 1577 1521 1626 Credo
1552 1578 1720 1630 videre
1749 1580 1879 1628 bona
1908 1580 2045 1631 nni:
2075 1580 2130 1629 in
2164 1586 2297 1637 terra

1305 1638 1607 1688 viventium.

1367 1701 1581 1760 Expecta
1627 1702 1790 1763 Di‘im,
1834 1703 2050 1753 viriliter
2097 1716 2204 1765 age,
2249 1711 2298 1755 et

1302 1764 1612 1875 ssonl'ortetur
1657 1777 1739 1813 cor
1773 1770 1922 1816 tuum
1957 1782 1971 1817 ε
2014 1772 2063 1815 et
2101 1768 2297 1818 sustine

1353 1839 1460 1876 um.

1581 1888 1821 1937 Psalmus
1851 1892 2023 1952 oeoemjy'.

1309 1949 1433 2063 Ad
1470 1955 1517 1999 te
1549 1951 1660 2000 Due
1689 1953 1939 2010 clamab03
1975 1955 2113 2002 Deus
2152 1964 2297 2000 meus

1406 2025 1467 2060 ne
1496 2013 1646 2060 sileas
1665 2025 1694 2060 a
1715 2027 1822 2063 me:
1846 2015 2113 2074 nequando
2134 2018 2296 2062 taceas

1305 2084 1333 2119 a
1356 2085 1437 2120 me
1465 2079 1513 2121 et
1533 2074 1850 2123 assimilabor
1876 2075 2297 2124 descendentibus

1306 2133 1359 2181 in
1387 2134 1573 2182 lacum.

1369 2195 1566 2245 Exaudi
1595 2195 1706 2245 Dsie
1731 2208 1904 2245 vocem
1933 2196 2296 2256 deprecationis

1307 2269 1431 2305 meae
1465 2259 1588 2307 dum
1624 2271 1712 2305 oro
1745 2260 1808 2307 ad
1841 2263 1925 2308 te:
1958 2260 2081 2308 dum
2119 2260 2296 2308 extollo

1307 2331 1494 2366 manus
1525 2332 1661 2369 meas
1689 2322 1751 2369 ad
1786 2321 2032 2380 templum
2061 2327 2294 2371 sanctum

1302 2385 1472 2429 tuum.

1369 2443 1443 2492 Ne
1464 2443 1616 2492 simul
1640 2446 1812 2494 tradas
1831 2457 1913 2493 me
1934 2457 2051 2494 cum
2074 2450 2296 2506 peccato-

1307 2504 1484 2555 ribus:
1507 2511 1553 2554 et
1575 2518 1691 2554 cum
1713 2509 2038 2566 operantibus
2058 2508 2296 2568 iniquita-

1303 2572 1407 2616 tem
1432 2581 1495 2615 ne
1517 2570 1695 2627 perdas
1717 2582 1816 2617 me.

1369 2630 1473 2689 Qui
1495 2630 1772 2689 loquuntur
1799 2642 1968 2688 pacem
1991 2642 2107 2678 cum
2130 2631 2296 2688 proxi-

1305 2703 1390 2739 mo
1432 2703 1562 2739 suo:
1599 2691 1732 2738 mala
1767 2696 1933 2737 autem
1966 2691 2020 2737 in
2062 2691 2296 2739 cordibus

1306 2764 1503 2801 eorum.

1368 2815 1443 2861 Da
1468 2813 1569 2860 illis
1599 2812 1877 2860 secundum
1902 2823 2048 2870 opera
2079 2825 2254 2861 eorum
2282 2829 2295 2863 τ

1306 2879 1354 2924 et
1375 2876 1654 2923 secundum
1679 2874 1962 2934 nequitiam
1983 2875 2298 2926 adinventio-

1305 2949 1432 2986 num
1455 2937 1700 2996 ipsorum.

1368 2999 1655 3048 Secundum
1679 3011 1826 3059 opera
1844 3013 2094 3049 manuum
2118 3013 2293 3051 eorum

1305 3060 1473 3109 tribue
1513 3062 1612 3110 illis
1645 3077 1657 3112 :
1711 3062 1862 3112 redde
1910 3064 2294 3113 retributionem

1304 3135 1478 3172 eorum
1503 3124 1642 3183 ipsis,

1370 3186 1625 3246 Quoniam
1649 3199 1750 3234 non
1773 3186 2122 3234 intellexerunt
2145 3197 2294 3244 opera

1304 3247 1407 3295 Dni
1443 3263 1457 3298 z
1499 3254 1547 3296 et
1588 3249 1639 3296 in
1693 3260 1841 3306 opera
1883 3259 2130 3296 manuum
2184 3248 2296 3307 ejus

1306 3311 1533 3358 destrues
1555 3311 1692 3367 ill05‚
1715 3315 1762 3356 et
1785 3322 1886 3356 non
1901 3309 2171 3358 aedificabis
2192 3321 2292 3358 eos.

1370 3371 1673 3420 Benedictus
1701 3372 1811 3419 Diis
1835 3385 1848 3419 ε
1871 3372 2114 3430 quoniam
2147 3382 2295 3418 exau·

1305 3433 1434 3481 divit
1454 3445 1624 3482 vocem
1646 3433 2008 3493 deprecationis
2029 3444 2168 3480 meae.

1367 3494 1478 3542 Diis
1514 3496 1714 3555 adjutor
1751 3506 1922 3553 meus„
1961 3498 2008 3542 et
2051 3495 2296 3552 protector
