2910 4457
194 435 223 495 §
244 435 515 499 151—153)

192 583 289 632 niis
313 584 426 646 ejus
446 584 750 633 insistamus
774 584 1047 646 laudibus;
1085 591 1143 634 ut
1167 584 1221 634 et

187 648 404 698 Matrem
427 651 711 699 sentiamus
735 651 891 700 nobis
914 652 1216 715 piissimam,

190 712 241 763 et
275 715 467 765 Filium
507 717 618 780 ejus
657 716 903 765 «Iudicem
949 718 1217 767 serenissi-

186 794 338 830 mum.
363 782 494 831 Haec
518 789 598 831 est
618 782 780 847 Virgo
807 798 922 847 quae
946 784 1217 846 antiquum

190 845 459 897 diabolicas
503 848 778 897 seditionis
816 848 1219 914 chirographum

188 911 431 976 abolevit,
473 915 674 977 totique
714 915 907 964 saeculo
955 914 1215 976 subvenit,

190 982 240 1026 et
278 978 488 1029 coeleste
530 995 752 1046 regnum
791 981 1054 1044 patefecit,
1095 981 1217 1029 dum

185 1058 277 1107 per
314 1045 563 1110 Spiritum
601 1046 850 1095 Sanctum
885 1047 987 1095 Dei
1025 1046 1217 1095 Filium

186 1113 442 1175 concepit.
1016 1110 1135 1162 Leo.
1158 1112 1215 1177 ᾖ.

274 1190 430 1225 1²13ssAE
441 1178 672 1242 precium
683 1178 874 1242 quippe
890 1183 967 1226 est
978 1186 1036 1225 ut
1045 1179 1215 1226 inten-

281 1243 349 1291 tis
365 1243 657 1292 celebretur
674 1243 918 1292 laudibus
934 1243 983 1292 ei
993 1244 1048 1291 in
1063 1244 1213 1292 terris

183 1309 267 1356 cui
295 1309 674 1358 officiosissime
705 1309 879 1374 angeli
898 1310 1216 1358 famulantur

179 1373 235 1423 in
259 1375 422 1424 coelis.
448 1375 580 1424 Nam
606 1375 651 1423 si
671 1390 783 1423 eam
810 1375 899 1423 ille
919 1376 1212 1440 praecipuus

180 1439 391 1490 Gabriel
420 1440 681 1489 humiliter
709 1441 957 1492 salutavit
974 1442 1028 1489 in
1047 1441 1213 1502 terriS,

180 1513 370 1569 quanto
386 1507 556 1570 magis
570 1522 724 1571 super
736 1508 897 1556 coelos
914 1507 1212 1568 exaltatam,

178 1576 242 1634 et,
261 1579 319 1621 ut
333 1574 411 1621 ita
430 1572 614 1633 dicam,
641 1574 697 1620 in
719 1573 908 1622 throno
929 1573 1032 1620 Dei
1051 1572 1213 1621 collo-

178 1643 361 1700 catam,
399 1654 544 1687 nunc
581 1654 698 1687 cum
732 1638 938 1687 Sanctis
971 1638 1212 1688 omnibus

177 1701 400 1753 honorat
417 1704 662 1753 laudibus
689 1704 1047 1770 dignissimis?
1083 1705 1214 1753 Haec

178 1774 258 1818 est
286 1771 399 1819 sola
419 1770 505 1819 cui
532 1771 679 1819 nulla
706 1772 853 1836 virgo
881 1777 1056 1835 potest
1074 1785 1212 1818 com-

174 1837 361 1899 parari,
393 1837 518 1900 quia
545 1842 693 1885 tanta
723 1847 801 1885 est
831 1845 890 1885 ut
919 1842 1115 1900 quanta
1145 1837 1214 1886 sit

174 1916 282 1949 non
299 1904 470 1966 possit
488 1904 733 1951 enarrari.
762 1903 916 1951 Hane
937 1904 1104 1951 sancti
1124 1918 1211 1950 ex-

174 1968 464 2031 pectabant
506 1968 834 2033 patriarchae,
869 1969 1006 2018 hanc
1042 1968 1212 2017 sancti

172 2035 532 2096 praecinebant
579 2034 871 2098 prophetae,
928 2048 1211 2098 omnesque

175 2113 303 2161 quos
317 2101 539 2164 Spiritus
553 2099 772 2148 Sanctus
788 2101 1043 2162 attigerat,
1065 2109 1209 2164 opta-

172 2163 301 2214 bant
334 2167 535 2216 videre.
569 2166 652 2215 Tu
679 2172 868 2228 autem,
895 2165 1030 2226 Dfie,
1060 2170 1211 2214 mise-

170 2247 283 2280 rere
311 2230 535 2298 [nostri].
996 2232 1115 2282 Lec.
1133 2232 1210 2296 ἰῇ.

282 2311 365 2346 acc
382 2304 535 2347 tanta
556 2304 764 2362 tamque
781 2303 966 2347 sancta
990 2307 1041 2347 et
1065 2301 1210 2363 regia

167 2308 281 2422 H
291 2363 450 2430 Virgo
467 2364 628 2430 digno
642 2366 806 2431 exigit
824 2365 1060 2413 venerari
1078 2380 1209 2428 prae-

173 2430 344 2491 coni0,
358 2432 440 2494 cuj
446 2447 508 2480 us
520 2436 728 2479 constat
738 2431 962 2479 mundus
973 2431 1207 2479 salvatus

170 2495 437 2563 suffragio.
465 2498 615 2557 Haec,
633 2497 860 2560 inquam,
882 2502 959 2545 est
976 2498 1209 2546 fenestra

170 2560 305 2623 coeli,
337 2578 530 2613 aurora
560 2562 695 2611 Solis
715 2564 907 2624 aeterni,
932 2564 1096 2626 janua
1113 2579 1204 2628 pa-

167 2626 352 2690 radisi,
401 2636 454 2678 et
498 2644 628 2677 vera
676 2643 798 2677 arca
840 2630 1204 2694 propitiatorii.

166 2690 297 2740 Haec
321 2697 401 2744 est
433 2710 561 2761 ergo
592 2694 802 2743 domina
823 2711 1019 2759 regum,
1049 2695 1207 2744 decus

165 2757 462 2822 mulierum,
481 2776 689 2827 gemma
705 2761 982 2825 virginum,
1003 2762 1095 2810 lux
1113 2777 1207 2810 sae-

170 2823 424 2886 culorum,
463 2827 847 2891 congratulatio
883 2828 1207 2891 angelorum,

173 2891 468 2941 consolatio
480 2893 807 2953 miserorum,
821 2893 1076 2957 refugium
1086 2909 1208 2958 pec-

173 2961 428 3019 catorum,
461 2960 692 3007 omnium
716 2960 974 3024 reparatio
995 2959 1209 3008 creden·

166 3021 315 3071 tium.
355 3022 490 3083 Quic
528 3024 619 3073 uid
647 3025 663 3072 i
707 3026 808 3073 ‘tur
833 3026 961 3075 boni
984 3025 1209 3073 mundus

162 3084 339 3150 habet,
376 3089 444 3139 ab
474 3090 514 3139 il
540 3105 572 3139 a
595 3090 664 3139 ha
704 3097 769 3152 et,
798 3107 863 3140 ex
896 3105 1000 3154 qua
1023 3091 1208 3140 salutis

169 3161 367 3204 nostrae
399 3157 613 3205 initium
644 3162 838 3207 manat.
880 3158 1011 3206 Haec
1047 3156 1208 3206 nobis

163 3222 274 3270 suis
301 3237 509 3287 semper
539 3223 820 3273 subvenire
851 3223 1094 3288 dignetur
1119 3239 1208 3272 ve-

163 3288 513 3352 neratoribuS,
546 3295 704 3353 atque
731 3290 816 3354 pie
851 3289 1013 3339 sacris
1041 3290 1207 3353 preci-

162 3349 263 3400 bus
294 3370 326 3402 a
352 3355 498 3404 vitiis
523 3360 717 3421 purget
746 3355 1015 3415 omnibus3
1047 3370 1208 3419 seque

167 3418 502 3470 considerare
541 3428 594 3472 et
630 3420 928 3472 collaudare
961 3421 1122 3470 donet
1151 3422 1210 3470 in

167 3483 484 3535 coelestibuS.

199 3546 238 3612 δ
271 3547 475 3614 152.)
513 3553 554 3603 Ἰ
587 3550 719 3604 Item
748 3552 885 3603 Aliae
910 3551 1177 3604 Lectiones

422 3617 488 3668 de
519 3618 718 3670 Sancta
746 3619 942 3670 Maria.

381 3683 665 3735 LEGENDA
683 3686 747 3735 V:
766 3684 940 3736 Lectio
946 3704 994 3751 J

160 3750 535 3863 ILooumma
554 3752 769 3815 aliquid,
794 3754 993 3813 fratres,
1021 3752 1076 3801 in
1095 3750 1208 3800 lau-

268 3814 422 3867 dibus
449 3819 826 3875 sacratissimae
843 3819 1073 3883 Virginis
1096 3818 1210 3868 Ma·

716 451 778 488 ET
804 450 1093 500 ADVENTum3
1123 452 1281 490 ExTRA
1308 452 1494 489 TEMPUS
1523 451 1784 490 PAscuALE.

2229 438 2348 503 189

1317 586 1424 633 riae.
1462 584 1565 634 Sed
1594 583 1719 648 quid
1747 601 1846 634 nos
1872 584 2079 648 tantilli,
2114 586 2238 649 quid
2267 601 2352 637 ac·

1317 652 1462 699 tione
1492 651 1686 716 pusilli,
1718 650 1841 714 quid
1868 651 1925 698 in
1961 651 2072 713 ejus
2106 651 2351 702 laudibus

1317 718 1628 778 referemus3
1680 731 1799 765 cum
1860 717 2062 765 etiamsi
2122 720 2353 768 omnium

1317 789 1555 831 nostrum
1581 782 1811 831 membra
1830 789 2152 831 verterentur
2180 785 2233 832 in
2251 785 2351 833 lin-

1316 864 1468 914 guas,
1498 863 1612 897 eam
1629 847 1842 897 laudare
1864 848 2120 897 sufficeret
2137 850 2349 901 nullus?

1702 912 1877 962 Lectio
1900 913 1954 978 ᾖ.

1417 991 1580 1027 mma
1599 979 1737 1028 enim
1761 980 1894 1029 coelo
1916 986 1994 1029 est
2018 980 2081 1030 de
2092 981 2349 1046 qualoqui

1314 991 1416 1104 A
1436 1045 1665 1106 nitimur,
1695 1045 1888 1110 abysso
1918 1047 2227 1110 profundior
2265 1048 2351 1098 cui

1314 1109 1501 1160 laudes
1529 1110 1701 1160 dicere
1730 1127 1993 1161 conamur.
2022 1113 2193 1161 Deum
2211 1115 2349 1162 enim

1314 1190 1471 1238 quem
1501 1178 1669 1225 omnis
1695 1185 1931 1225 creatura
1952 1193 2060 1227 non
2089 1180 2243 1243 capit,
2269 1180 2348 1243 ip·

1314 1256 1374 1291 sa
1412 1243 1746 1292 immaculato
1783 1250 1931 1292 utero
1964 1244 2198 1293 clausmn
2231 1261 2348 1310 ges·

1312 1309 1460 1356 tavit.
1490 1309 1619 1356 Haec
1639 1315 1718 1357 est
1746 1310 1882 1358 enim
1906 1325 2021 1372 quae
2040 1310 2153 1359 sola
2180 1328 2350 1360 meru-

1313 1374 1357 1421 it
1394 1371 1562 1423 Mater
1605 1372 1785 1440 [esse],
1831 1382 1882 1423 et
1915 1376 2120 1441 Sponsa
2156 1376 2349 1426 Christi

1313 1440 1509 1489 vocari.
1549 1440 1680 1489 Haec
1722 1442 1900 1508 primae
1934 1442 2116 1490 matris
2158 1442 2350 1492 damna

1312 1505 1556 1565 resolvit3
1608 1504 1724 1554 haee
1774 1506 1974 1555 homini
2017 1508 2219 1571 perdito
2267 1525 2347 1557 re·

1315 1571 1666 1635 demptionem
1711 1571 1944 1621 adduxit.
2127 1572 2247 1625 Lec.
2270 1575 2347 1639 iij.

1425 1651 1575 1685 Arna
1610 1638 1746 1686 enim
1781 1639 1988 1702 generis
2034 1641 2203 1688 nostri
2236 1656 2345 1704 poe·

1428 1719 1547 1752 nam
1570 1704 1745 1752 intulit
1762 1704 1975 1753 mundo:
1994 1706 2219 1769 genitrix
2236 1706 2359 1754 Dni-

1312 1767 1492 1817 Nostri
1525 1768 1657 1828 Jesu
1705 1769 1895 1818 Christi
1930 1771 2151 1820 salutem
2186 1771 2348 1821 edidit

1311 1834 1524 1883 mundo.
1559 1837 1778 1884 Auctrix
1812 1838 2016 1899 peccati
2042 1838 2187 1899 Eua3
2225 1853 2347 1887 auc-

1310 1901 1414 1947 trix
1433 1902 1601 1949 meriti
1618 1902 1799 1949 Maria.
1820 1903 1935 1951 Eua
1954 1902 2240 1953 occidendo
2256 1904 2348 1954 ob-

1310 1966 1433 2027 fuit,
1461 1967 1630 2015 Maria
1657 1968 1974 2017 vivificando
2001 1972 2212 2033 profuit.
2247 1970 2348 2018 Illa

1309 2034 1585 2095 percussit,
1626 2034 1730 2082 ista
1772 2035 1995 2083 sanavit.
2043 2035 2175 2085 Haec
2209 2038 2349 2085 enim

1309 2098 1537 2146 mirabili
1581 2102 1736 2161 atque
1786 2100 2139 2150 inaestimabili
2190 2101 2345 2150 modo

1311 2164 1543 2212 omnium
1570 2180 1738 2214 rerum
1770 2171 1822 2213 et
1843 2181 1994 2214 suum
2011 2168 2213 2232 peperit
2234 2166 2346 2216 Sal·

1309 2235 1561 2279 vatorem.

1350 2301 1387 2361 ς’
1423 2294 1625 2360 153.)
1652 2298 1691 2346 ‘is
1716 2295 1846 2347 Item
1866 2296 2004 2347 Aliae
2035 2296 2303 2349 Lectiones

1577 2364 1642 2413 de
1676 2361 1874 2413 Sancta
1902 2362 2096 2413 Maria.

1487 2430 1769 2480 LEcENnA
1797 2429 1896 2478 VI:
1926 2428 2102 2479 Lectio
2117 2429 2166 2494 j.

1399 2510 1551 2545 RATA
1582 2503 1633 2545 et
1658 2496 1974 2545 venerabilis
1999 2496 2154 2562 Virgo
2176 2497 2344 2546 Maria

1304 2509 1394 2622 Β
1407 2564 1575 2611 Mater
1587 2561 1701 2628 [est]
1715 2560 1823 2610 D‘1‘ii
1842 2563 2009 2611 nostri
2024 2563 2061 2610 J
2065 2578 2157 2611 esu
2169 2562 2342 2613 Chris·

1307 2631 1350 2677 ti
1378 2629 1666 2678 secundum
1695 2644 1929 2688 carnem3
1964 2643 2028 2676 ex
2056 2629 2253 2678 semine
2270 2629 2341 2677 A·

1308 2694 1484 2745 brahae
1512 2701 1641 2756 orta,
1663 2709 1727 2742 ex
1746 2693 1887 2742 tribu
1903 2693 2073 2759 Juda3
2101 2695 2253 2759 virga
2279 2695 2343 2744 de

1307 2761 1483 2811 radice
1508 2760 1544 2809 J
1549 2776 1691 2821 esse,
1720 2759 1861 2809 clara
1887 2775 1951 2807 ex
1974 2760 2133 2825 stirpe
2151 2761 2343 2810 David.

1307 2826 1444 2875 Filia
1477 2825 1831 2890 Hjerusalem,
1866 2825 2021 2875 stella
2048 2827 2221 2889 mariS‚
2249 2842 2342 2876 an-

1310 2892 1434 2941 cilla
1469 2893 1586 2954 Dei,
1622 2892 1805 2956 regina
1838 2893 2091 2956 gentium,
2130 2892 2342 2942 domina

1308 2973 1509 3023 regum,
1545 2959 1754 3021 Sponsa
1786 2956 1909 3018 Dffi,
1938 2957 2106 3006 Mater
2135 2959 2341 3020 Christi,

1311 3024 1612 3073 Conditor-is
1630 3021 1896 3086 templum,
1925 3023 2145 3088 Spiritus
2164 3026 2343 3076 Sancti

1310 3091 1610 3140 sacrarium.
1642 3089 1802 3138 Velut
1825 3088 2069 3140 columba
2085 3091 2340 3155 speciosa,

1308 3155 1529 3221 pulchra
1544 3162 1604 3204 ut
1624 3154 1769 3217 luna,
1793 3155 1961 3204 electa
1978 3162 2036 3204 ut
2052 3156 2148 3217 sol,
2168 3157 2342 3220 signa-

1311 3221 1487 3281 culum
1505 3222 1643 3284 fidei,
1668 3222 1925 3286 reparatio
1953 3222 2068 3283 viae,
2098 3223 2343 3272 introitus

1308 3288 1446 3349 vitae,
1479 3287 1644 3351 janua
1679 3287 1821 3350 coeli,
1861 3288 2019 3337 decus
2052 3287 2342 3350 mulierum,

1311 3360 1469 3419 caput
1502 3355 1788 3418 virginum,
1823 3353 2006 3402 hortus
2042 3353 2342 3415 conclusus,

1308 3420 1428 3469 fons
1459 3421 1725 3486 signatus,
1759 3426 1950 3485 puteus
1979 3434 2231 3482 aquarum
2262 3420 2342 3467 vi-

1309 3487 1560 3535 ventium.
2146 3481 2266 3533 Lec.
2283 3483 2343 3548 zj.

1428 3565 1833 3600 tnxruuncxma
1851 3556 1908 3599 ut
1928 3549 2114 3598 cedrus
2134 3549 2340 3611 Libani,

1427 3619 1618 3667 florens
1632 3625 1689 3667 ut
1698 3617 1885 3681 palma,
1897 3615 2042 3664 velut
2053 3615 2195 3665 oliva
2203 3617 2341 3666 fruc·

1309 3685 1525 3734 tiferain
1541 3685 1694 3734 domo
1707 3683 1826 3731 Dfii.
1840 3683 1999 3747 Virgo
2014 3688 2212 3744 sancta,
2224 3681 2339 3732 Vir-

1309 3767 1378 3817 go
1390 3750 1620 3815 prudens
1634 3754 1684 3798 et
1697 3764 1802 3798 una
1814 3764 1877 3797 ex
1889 3763 2104 3796 numero
2115 3747 2340 3812 pruden-

1307 3827 1434 3879 tum,
1468 3816 1629 3882 Virgo
1657 3815 2017 3881 pulcherrima,
2044 3813 2207 3879 Virgo
2242 3830 2341 3881 pu-

1940 3912 2043 3963 15*
