2910 4457
1133 372 1206 411 An
1244 370 1535 413 menas.
2281 353 2358 416 97

297 498 446 536 suum
464 522 478 544 ‚
493 486 627 534 sicut
647 485 845 533 locutus
859 488 933 533 est
949 485 1209 534 Abraham
1230 491 1279 534 et

297 549 479 597 semini
515 548 655 608 ejus3
700 552 749 595 et
787 548 1021 596 exaltavit
1060 547 1279 596 humiles

297 621 457 670 usque
481 609 535 658 in
557 608 819 658 saeculum.
850 608 943 657 Ps.
965 609 1276 670 Magnificat.

298 671 540 780 (p'qub'ces
561 735 652 779 etc.
665 735 727 778 nt
739 743 900 792 supra
918 731 976 778 in
995 730 1040 792 ij
1054 730 1189 791 feria
1211 731 1282 780 ad

298 793 591 846 Matutinus
609 795 675 853 (p.
692 792 756 842 39
773 799 822 841 et
840 795 1006 855 καφ).

356 893 475 942 Non
526 892 714 940 dicitur
766 893 836 940 ad
896 891 1141 952 Vespera-3
1188 890 1283 940 iste

299 954 541 1002 Psalmus
577 953 720 1014 cxlij.
749 955 861 1003 Due
892 954 1072 1002 exaudi
1099 954 1283 1002 oratio-

300 1029 415 1066 nem
436 1027 606 1066 meam
629 1031 643 1065 ε
666 1016 876 1064 auribus
892 1016 1088 1076 percipe
1106 1020 1198 1064 etc.

632 1102 945 1151 SABBATO

601 1164 684 1211 Ad
710 1164 969 1224 Vesper-as.

579 1225 821 1272 Psalmus
841 1224 1004 1286 cmliii.

301 1286 644 1398 Benedictus
682 1287 790 1334 Dns
821 1286 955 1335 Deus
987 1298 1157 1346 meuS,
1192 1285 1282 1347 qui

382 1350 523 1397 docet
543 1361 730 1396 manus
755 1361 892 1396 meas
917 1350 979 1397 ad
1014 1349 1243 1410 proelium
1268 1365 1282 1399 z

300 1416 347 1460 et
362 1411 551 1470 digitos
573 1422 710 1457 meos
726 1411 789 1459 ad
811 1411 1019 1459 bellum.

360 1472 708 1523 Misericordia
760 1484 871 1520 mea
926 1477 974 1519 et
1026 1472 1282 1532 retugium

302 1547 473 1583 meum
501 1549 515 1583 t
537 1537 790 1593 susceptor
810 1546 956 1582 meus
980 1538 1030 1582 et
1049 1534 1283 1583 liberator

302 1607 462 1645 meus,

364 1660 620 1708 Protector
629 1668 791 1714 meus,
805 1655 917 1704 etin
932 1656 1038 1716 ipso
1055 1657 1251 1716 speravi
1271 1673 1285 1707 z

304 1721 394 1781 qui
417 1718 591 1767 subdit
614 1718 853 1778 populum
877 1731 1046 1767 meum
1066 1720 1161 1766 sub
1183 1732 1282 1768 me.

365 1783 492 1840 Duc,
516 1781 640 1841 quid
672 1785 747 1826 est
784 1780 958 1838 homo,
982 1782 1103 1840 quia
1137 1781 1286 1830 inno·

304 1845 447 1892 tuisti
473 1844 557 1891 ei?
590 1847 679 1889 aut
711 1841 848 1889 filius
881 1842 1130 1902 hominiS‚
1163 1844 1285 1904 quia

307 1910 507 1965 reputas
527 1917 643 1952 eum
657 1905 681 1951 *Γ

364 1968 531 2016 Homo
554 1964 766 2014 vanitati
785 1965 971 2014 similis
992 1964 1152 2013 factus
1172 1971 1246 2014 cst
1268 1977 1282 2011 ε

306 2029 411 2078 dies
443 2029 556 2089 cjus
580 2028 712 2075 sicut
746 2028 929 2075 umbra
966 2032 1284 2088 praetcreunt.

365 2090 477 2139 Dfie
512 2089 699 2136 inclina
734 2090 881 2137 coelos
921 2094 1050 2147 tuoS‚
1089 2097 1137 2136 et
1175 2089 1289 2136 des-

305 2153 457 2201 cende
473 2156 646 2211 :tange
658 2155 872 2208 montes,
885 2156 932 2197 et
947 2150 1285 2209 fumigabunt.

367 2215 593 2274 Fulgura
619 2212 1030 2271 coruscationem,
1055 2216 1103 2261 et
1131 2211 1290 2260 dissi-

306 2277 450 2337 pabis
481 2289 601 2324 cos:
633 2275 806 2322 emitte
829 2275 1039 2334 sagittas
1073 2279 1203 2333 tuaS‚
1240 2278 1289 2321 et

306 2338 630 2386 conturbabis
647 2348 747 2385 eos.

369 2401 558 2449 Emitte
601 2409 811 2446 manum
862 2402 1006 2445 tuam
1046 2397 1108 2444 de
1160 2396 1287 2457 alto;

306 2464 443 2522 eripe
464 2474 546 2509 me
565 2466 613 2509 et
635 2460 785 2509 libera
808 2472 890 2508 me
910 2460 972 2507 de
991 2459 1139 2519 aquis
1156 2459 1291 2506 mul—

305 2526 404 2573 tis:
425 2523 545 2572 etde
567 2535 733 2574 manu
747 2522 971 2570 filiorum
985 2522 1288 2570 alienorum.

368 2588 605 2646 Quorum
633 2596 689 2631 os
724 2584 945 2631 locutum
977 2589 1054 2632 est
1085 2583 1292 2631 vanita-

305 2652 409 2695 tem
436 2661 449 2696 :
471 2652 520 2694 et
538 2647 736 2694 dextera
757 2659 933 2694 eorum
965 2646 1163 2693 dextera
1185 2643 1294 2692 ini-

304 2708 537 2771 quitatis·

371 2771 528 2825 Dcu5‚
572 2766 823 2812 canticum
860 2778 1050 2813 novum
1086 2766 1297 2814 cantabo

303 2832 399 2880 tibi
437 2845 450 2879 ε
490 2830 543 2876 in
567 2827 802 2887 psalterio
823 2827 1127 2874 decachordo
1164 2828 1297 2887 psal-

306 2893 409 2942 lam
434 2891 547 2939 tibi.

370 2954 476 3015 Qui
495 2955 587 3001 das
607 2949 819 2997 salutem
843 2949 1047 3010 regibus
1070 2964 1084 2999 :
1105 2949 1193 3010 qui
1219 2962 1297 2998 re-

307 3016 510 3064 demisti
532 3012 693 3061 David
718 3024 923 3060 servum
945 3017 1091 3060 tuum
1113 3013 1175 3061 de
1197 3012 1296 3072 gla-

307 3079 391 3127 dio
414 3078 656 3136 maligno,
686 3075 821 3134 eripe
842 3087 954 3124 me:

372 3140 436 3188 Et
476 3152 593 3187 crue
634 3149 715 3183 me
755 3137 815 3184 de
860 3148 1019 3184 manu
1071 3135 1294 3185 filiorum

308 3201 617 3258 alienorum,
641 3209 858 3257 quorum
887 3210 944 3246 os
965 3199 1188 3246 locutum
1221 3203 1295 3247 est

310 3263 586 3312 vanitatem
621 3276 634 3309 :
671 3264 718 3308 et
740 3260 939 3308 dextera
970 3272 1147 3308 eorum
1179 3261 1297 3309 dex-

309 3330 414 3373 tera
433 3322 735 3384 iniquitatis.

372 3386 605 3446 Quorum
645 3384 739 3432 filii
771 3382 904 3430 sicut
930 3383 1134 3446 novell-ai
1155 3382 1297 3444 plan-

308 3450 525 3496 tationes
545 3462 558 3496 :
581 3447 633 3493 in
652 3446 916 3504 iuventute
933 3457 1045 3493 sua.

372 3509 516 3559 Filioe
565 3519 741 3557 eorum
794 3507 1078 3567 compositae
1126 3521 1139 3555 ε
1192 3506 1295 3555 cir-

1373 489 1682 536 cumornatoe
1730 492 1788 535 ut
1845 487 2127 537 similitudo
2164 487 2359 548 templi.

1436 548 1791 607 Promptuaria
1826 561 2001 598 eorum
2039 552 2184 611 plena
2209 566 2222 600 ε
2244 562 2361 600 eru-

1373 609 1562 657 ctantia
1583 622 1638 657 ex
1662 610 1753 658 hoc
1775 612 1827 658 in
1849 611 1995 660 illud.

1434 670 1568 718 Oves
1576 684 1751 720 eorum
1764 673 1963 732 foetosae‚
1975 673 2289 723 abundantes
2305 674 2359 721 in

1372 733 1658 792 egressibus
1669 734 1777 781 suis
1791 749 1804 782 ε
1820 735 1966 783 boves
1977 748 2150 783 eorum
2162 748 2359 785 crassae.

1438 794 1550 845 Non
1592 799 1666 842 est
1711 796 1862 843 ruina
1902 798 2160 857 maccriae,
2199 809 2362 858 neque

1374 855 1661 904 transitus:
1694 869 1854 916 neque
1889 858 2076 907 clamor
2109 860 2161 907 in
2185 859 2363 919 plateis

1374 927 1571 965 eorum.

1438 980 1652 1026 Beatum
1689 978 1926 1027 dixerunt
1966 981 2235 1041 populum,
2276 984 2360 1031 cui

1375 1039 1482 1089 baec
1532 1045 1655 1088 sunt
1692 1055 1705 1089 ι
1748 1041 1925 1090 beatus
1957 1043 2173 1103 populus
2219 1045 2363 1103 cujus

1376 1102 1487 1150 Diis
1506 1103 1644 1150 Deus
1663 1102 1791 1161 cJUS.

1438 1164 1610 1213 Gloria
1644 1164 1802 1213 Patri.
1825 1167 1887 1213 Δ.
1921 1164 2224 1215 Benedictus
2254 1167 2364 1215 Dus

1377 1225 1515 1274 Deus
1535 1238 1697 1274 meus.

1648 1288 1891 1335 Psalmus
1906 1287 2089 1351 cmliiij.

1464 1347 1659 1397 xaltabo
1680 1355 1728 1398 tc
1749 1350 1883 1397 Deus
1902 1363 2047 1399 meus
2062 1353 2168 1399 Rex
2191 1355 2267 1399 :et
2279 1350 2364 1400 be·

1468 1412 1696 1459 nedicam
1715 1413 1911 1459 nomini
1924 1417 2011 1460 tuo
2028 1412 2080 1460 in
2098 1413 2357 1472 saeculum,

1380 1478 1428 1520 et
1449 1473 1503 1519 in
1521 1474 1764 1520 saeculum
1787 1474 1975 1520 saeculi.

1443 1534 1540 1582 Per
1558 1534 1788 1592 singulos
1803 1534 1910 1582 dies
1922 1534 2213 1582 benedicam
2235 1534 2326 1582 tibi
2349 1550 2365 1584 ε

1380 1600 1427 1643 et
1444 1596 1657 1643 laudabo
1677 1608 1856 1643 nomen
1875 1601 2021 1643 tuum
2037 1596 2089 1643 in
2101 1597 2363 1655 saeculum,

1379 1657 1503 1705 etin
1536 1657 1777 1705 saeculum
1803 1657 1993 1705 saeculi.

1441 1719 1666 1779 Magnus
1683 1720 1805 1777 Dns,
1827 1724 1874 1766 et
1895 1719 2164 1768 laudabilis
2180 1718 2364 1769 nimis:

1379 1786 1427 1829 et
1459 1781 1832 1841 magnitudinis
1850 1782 1961 1841 cjns
1996 1794 2097 1829 non
2118 1786 2193 1830 est
2228 1780 2365 1829 finis·

1443 1844 1711 1892 Generatio
1751 1849 1799 1891 ct
1845 1845 2098 1904 generatio
2139 1843 2366 1891 laudabit

1380 1917 1528 1964 opera
1551 1910 1637 1952 tua
1662 1920 1675 1955 :
1704 1910 1752 1954 et
1774 1907 2048 1965 potentiam
2072 1910 2213 1953 tuam
2251 1918 2364 1965 pro·

1381 1967 1713 2014 nuntiabunt.

1442 2026 1877 2087 Magnificentiam
1896 2026 2065 2086 gloriae
2085 2026 2370 2075 sanctitatis

1381 2092 1481 2135 tuae
1523 2090 1792 2148 loquentur
1835 2103 1848 2138 ε
1895 2093 1944 2136 et
1983 2087 2239 2135 mirabilia
2279 2092 2366 2136 tua

1381 2150 1684 2198 narrabunt.

1447 2212 1511 2260 Et
1543 2212 1781 2260 virtutem
1816 2209 2122 2259 terribilium
2162 2214 2368 2258 tuorum

1383 2273 1552 2383 ᾱίἱεῐιῐ
1575 2278 1650 2323 :et
1666 2274 2075 2334 magnitudinem
2088 2278 2231 2321 tuam
2254 2284 2374 2320 nar-

1385 2348 1441 2383 ra
1481 2341 1592 2384 unt.

1446 2398 1751 2448 Memoriam
1770 2397 2092 2446 abundantiae
2107 2395 2376 2445 suavitatis

1385 2464 1485 2508 tuoe
1538 2461 1838 2509 eructabunt
1881 2476 1894 2510 ε
1937 2464 1985 2508 et
2030 2459 2231 2519 Justitia
2284 2463 2372 2507 tua

1383 2523 1698 2570 exultabunt.

1446 2585 1715 2635 Miserator
1737 2588 1784 2631 ct
1806 2582 2091 2631 misericors
2114 2583 2226 2630 Diis
2250 2597 2264 2630 z
2289 2593 2376 2641 pa-

1383 2645 1516 2693 tiens
1537 2651 1585 2692 et
1605 2647 1826 2692 multum
1849 2645 2155 2691 misericors·

1450 2707 1633 2754 Suavis
1654 2706 1761 2753 Dns
1782 2705 2036 2751 universis
2059 2719 2072 2752 ε
2096 2708 2144 2750 ct
2163 2703 2377 2750 misera-

1387 2767 1553 2815 tiones
1572 2767 1684 2825 ejus
1707 2778 1858 2825 super
1888 2765 2059 2812 omnia
2080 2777 2229 2824 opera
2250 2764 2378 2823 ejus,

1453 2828 1797 2876 Confiteantur
1870 2827 1962 2874 tibi
2028 2827 2137 2875 Dite
2205 2827 2377 2874 omnia

1390 2901 1541 2948 opera
1576 2896 1662 2939 tua
1699 2894 1784 2939 :et
1805 2889 1966 2937 sancti
1989 2889 2063 2936 tui
2083 2889 2380 2938 benedicant

1392 2952 1505 2999 tibi.

1454 3013 1681 3062 Gloriam
1719 3013 1862 3074 regni
1885 3012 1964 3061 tui
1993 3013 2162 3062 dicent
2189 3018 2272 3063 :et
2293 3024 2379 3073 po-

1390 3077 1602 3124 tentiam
1623 3080 1763 3123 tuam
1789 3079 2078 3135 loquentur.

1454 3140 1524 3187 Ut
1552 3143 1723 3186 notam
1747 3139 1933 3185 saciant
1962 3138 2082 3184 tiliis
2111 3134 2378 3182 hominum

1392 3202 1666 3260 potentiam
1685 3206 1825 3248 tuam
1848 3203 1926 3247 :ct
1944 3198 2155 3258 gloriam
2176 3196 2380 3255 magni—

1391 3263 1602 3310 ficentiae
1625 3262 1763 3322 regni
1790 3261 1883 3307 tui.

1454 3325 1690 3382 Regnum
1708 3329 1856 3370 tuum
1872 3357 1885 3380 ,
1909 3331 2124 3379 regnum
2146 3319 2380 3368 omnium

1392 3386 1691 3432 saeculorum
1736 3399 1751 3433 t
1788 3388 1838 3431 ct
1869 3382 2152 3429 dominatio
2196 3385 2285 3428 tua
2328 3380 2380 3425 in

1392 3447 1533 3495 omni
1559 3445 1875 3505 generatione
1903 3447 1952 3490 et
1987 3442 2382 3502 generationem.

1455 3507 1644 3557 Fidelis
1681 3507 1791 3555 Diis
1827 3506 1880 3553 in
1928 3504 2168 3552 omnibus
2215 3502 2381 3551 verbis

2096 3582 2130 3631 9
