2910 4457
682 464 748 499 xo
1425 457 1500 496 ns
1527 458 1929 496 commu-omo.
2440 446 2591 516 [mn.
2617 460 2691 500 m·

755 586 958 658 Compl.
981 590 1065 660 xij
1082 587 1102 657 )
1116 586 1725 659 pulsatis—tripliciter]
1756 588 1822 639 In
1851 586 1936 640 Pr.
1965 587 2030 640 de
2054 588 2119 640 T.
2145 588 2397 658 “pulsata
2424 590 2552 642 bina
2574 594 2684 642 viee

676 676 737 728 in
760 674 1079 728 classieum’t

750 761 820 814 In
846 761 936 813 Br.
962 768 1143 814 autem
1170 759 1328 811 Ebor.
1360 758 1559 830 Compl.
1584 760 1669 828 xij
1691 767 1800 811 est:

747 852 780 878 ‘⁴
801 847 965 901 Sabb.
991 847 1186 900 Sancto
1217 847 1278 897 in
1311 846 1423 913 Viq.
1457 846 1690 908 Pascha,
1712 847 1782 897 ad
1822 843 2025 916 Compl.
2062 846 2214 899 Deus
2247 848 2303 899 in
2338 847 2443 918 adj.
2483 852 2570 912 ᾀτ.
2608 849 2680 900 Α.

677 939 710 963 “
735 934 871 987 All'a
891 935 1001 1004 iiij.
1039 935 1150 986 Pes.
1184 933 1327 986 Cum
1357 935 1464 985 inv.
1506 932 1573 984 In
1606 939 1656 984 te
1693 930 1828 983 D’ne
1852 948 1928 999 sp.
1967 931 2108 984 Ecce
2139 949 2300 985 nunc.
2338 934 2416 984 Et
2437 944 2683 1003 sequatur

676 1025 709 1049 ‘⁴
732 1022 912 1073 statim
934 1021 1082 1073 All’a.
1103 1018 1172 1072 Ἡ.
1201 1018 1613 1072 Confi—bonus.
1641 1016 2108 1086 Quoniam—ejus.
2136 1016 2208 1084 [v.
2234 1035 2285 1087 p.
2319 1019 2503 1086 xxxi]
2552 1019 2680 1070 Non

674 1111 707 1137 ⁴⁴
731 1107 1078 1175 reincipiatur
1099 1106 1251 1168 All'a,
1273 1122 1365 1155 nec
1387 1105 1596 1156 dicatur
1620 1103 1912 1154 Ver-siculus
1939 1103 2005 1155 In
2031 1105 2404 1156 resurrectione
2427 1106 2539 1168 tua,
2562 1105 2679 1156 Xte

674 1192 707 1218 ‘⁴
732 1201 851 1243 ante
873 1193 1032 1244 Diem
1056 1190 1483 1243 Resurrectionis.
1506 1191 1760 1259 Sequitur
1780 1188 2018 1242 Collecta.
2042 1190 2175 1243 D’ns
2193 1193 2308 1243 vob.
2332 1192 2532 1244 Oratio.
2560 1192 2680 1262 Spi-

675 1281 707 1305 “
732 1278 1153 1330 ritum—Amen.
1177 1277 1308 1330 D'ns
1325 1278 1439 1329 vob.
1463 1277 1537 1329 Et
1555 1292 1679 1329 cum
1699 1293 1772 1345 sp.
1792 1284 1901 1328 tuo.
1943 1276 2145 1329 Bened.
2168 1277 2319 1329 D’no.
2338 1278 2453 1329 sine
2463 1279 2639 1331 All’a.”

745 1362 814 1415 In
842 1363 1059 1416 Sabbati
1085 1364 1266 1417 Sancti
1289 1362 1395 1415 Off.
1424 1364 1598 1425 Rom„
1620 1364 1879 1426 restituto,
1897 1371 1960 1414 ut
1983 1363 2041 1414 in
2067 1360 2266 1415 Officiis
2289 1365 2494 1428 nostris,
2513 1365 2675 1418 Com-

672 1449 878 1515 pletorii
901 1450 1054 1502 initio
1090 1466 1212 1502 cum
1235 1449 1479 1519 Alleluia,
1503 1448 1707 1501 omissis
1728 1456 1909 1500 autem
1946 1447 2188 1500 similiter
2215 1447 2436 1518 Hymno
2460 1458 2514 1502 et
2537 1450 2673 1519 Cap.

671 1551 793 1587 cum
819 1534 976 1604 Resp.
1001 1553 1111 1598 suc,
1136 1535 1337 1588 Psalmi
1369 1553 1577 1604 quoque
1609 1536 1706 1588 sub
1731 1534 1921 1586 eedem
1951 1534 2087 1586 An'a
2110 1551 2234 1586 cum
2257 1535 2419 1587 Nune
2439 1535 2565 1588 dim.
2591 1536 2674 1589 di-

669 1628 881 1683 cuntur,
894 1637 1013 1688 quae
1031 1622 1286 1673 tamenin
1298 1620 1402 1673 Off.
1416 1621 1570 1673 Rom.
1587 1620 1771 1673 eadem
1790 1628 1866 1672 est
1882 1636 2002 1688 quae
2020 1618 2090 1671 ad
2102 1618 2289 1686 Maqn.
2302 1623 2491 1673 tamin
2510 1621 2669 1674 Rom.

671 1707 834 1773 quam
852 1706 909 1756 in
936 1705 1027 1757 Br.
1056 1705 1252 1757 Sarisb.
1279 1705 1489 1767 dicitur,
1512 1706 1624 1757 scil.
1664 1710 1696 1735 ‘⁴
1716 1704 1945 1774 Vespere
1970 1713 2151 1757 autem
2180 1704 2414 1768 Sabbati,
2437 1722 2552 1774 quae
2588 1708 2673 1760 lu-

671 1791 832 1843 cescit
845 1792 901 1843 in
918 1793 1092 1860 prima
1112 1790 1502 1854 Sabbati,venit
1521 1790 1700 1843 Maria
1717 1791 2040 1860 Magdalene
2054 1799 2108 1843 et
2125 1790 2290 1843 altera
2303 1790 2479 1844 Maria
2495 1791 2673 1846 videre

671 1877 1021 1946 sepulchrum,
1039 1873 1218 1929 All'a.'’
1237 1878 1294 1929 in
1309 1876 1515 1945 Compl.
1526 1885 1704 1932 autem
1718 1881 1750 1907 ‘⁴
1766 1879 1966 1929 dieitur
1978 1878 2046 1930 ad
2055 1876 2262 1929 modum
2273 1876 2672 1948 semiduplici-6¹.

673 1962 757 2026 (V.
781 1981 832 2033 p.
852 1981 903 2016 x.
923 1980 1106 2034 parag.
1124 1968 1177 2025 2,
1196 1980 1319 2015 cum
1344 1961 1487 2015 Add.
1512 1972 1565 2016 et
1583 1964 1731 2016 Corr-
1757 1963 1885 2035 ult.)
1948 1964 2283 2017 Omittuntur
2308 1965 2513 2018 Preces.

742 2049 802 2101 P.
832 2054 932 2102 105
957 2067 1007 2103 a.
1037 2048 1236 2121 Compl.
1260 2050 1387 2120 xiij)
1412 2068 1444 2101 a
1468 2050 1702 2119 cantore]
1731 2051 1853 2103 Non
1877 2053 2131 2119 exprimit
2151 2051 2252 2103 hoc
2277 2052 2369 2104 Br.
2396 2053 2555 2105 Ebor-

734 2140 809 2194 n.
848 2136 985 2189 Haec
1023 2137 1135 2190 dies
1169 2135 1292 2202 δια]
1340 2135 1409 2188 In
1449 2135 1536 2188 Pr.
1579 2136 1644 2188 de
1683 2138 1765 2200 Τ.,
1801 2146 1862 2189 ut
1897 2139 1951 2190 in
1989 2138 2081 2190 Br.
2120 2138 2281 2192 Ebor.
2324 2141 2358 2167 ‘⁴
2382 2138 2667 2192 Graduale.

669 2223 807 2276 Haec
844 2223 957 2278 dies
996 2223 1122 2278 &c.’'
1161 2225 1259 2278 Est
1301 2232 1483 2278 autem
1524 2242 1702 2277 revera
1742 2230 1774 2256 ‘⁴
1798 2225 1935 2279 Haec
1977 2224 2090 2279 dies
2127 2226 2254 2279 &c.''
2284 2226 2550 2280 Graduale
2593 2231 2667 2282 ad

667 2308 910 2373 Missam,
931 2312 1039 2363 sive
1064 2310 1221 2378 Resp.
1244 2320 1363 2380 post
1385 2311 1694 2380 Epistolam.

739 2396 897 2462 Coeli]
926 2395 995 2448 In
1022 2395 1111 2447 ΒΓ.
1142 2395 1299 2447 Ebor.
1328 2397 1539 2449 Coelum.

739 2480 805 2533 In
835 2482 922 2533 Br.
949 2481 1103 2534 Rom.
1129 2483 1184 2533 in
1211 2481 1296 2533 die
1318 2491 1373 2533 et
1394 2498 1487 2550 per
1508 2480 1667 2533 hebd.
1689 2480 1909 2535 Paschae
1933 2482 2144 2552 Compl.
2165 2481 2359 2535 dicitur
2382 2493 2444 2535 ut
2465 2484 2518 2535 in
2545 2485 2668 2538 aliis

667 2569 807 2620 sestis
838 2575 892 2620 et
925 2584 1018 2636 per
1049 2574 1274 2630 octavas,
1310 2576 1661 2636 praeterquam
1694 2567 1853 2635 qued,
1892 2573 1936 2620 l.
1963 2568 2094 2620 An'a
2128 2585 2281 2637 super
2314 2568 2552 2621 Psalmos
2585 2580 2670 2622 est

663 2658 694 2681 ⁴⁴
717 2654 961 2722 Alleluja,
985 2653 1134 2716 An'a,
1160 2651 1311 2715 Alsa,
1334 2653 1522 2715 All'a”;
1557 2657 1608 2704 2.
1649 2651 1920 2722 Hymnus,
1957 2654 2089 2721 Cap.
2132 2663 2186 2705 et
2216 2651 2291 2705 ‘R-
2323 2653 2478 2706 breve
2511 2656 2669 2706 omit-

665 2749 863 2792 tuntur.
901 2744 951 2791 3.
977 2739 1112 2791 An'a
1134 2739 1203 2791 ad
1226 2738 1385 2790 Nunc
1410 2739 1538 2791 dim.
1565 2747 1644 2791 est
1667 2738 1850 2790 “Haec
1875 2738 1986 2791 dies
2010 2737 2135 2790 &c.”

735 2825 795 2877 Ρ.
825 2830 922 2877 105
944 2826 996 2877 b.
1024 2825 1093 2876 In
1127 2824 1219 2876 ΒΓ.
1256 2823 1414 2875 Ebor.
1447 2833 1568 2893 post
1605 2823 1883 2893 Hymnum
1918 2821 2121 2891 reliqua
2153 2823 2495 2891 Completorii
2529 2825 2667 2893 eiiij

661 2913 737 2962 ita
761 2927 815 2961 se
837 2909 1065 2961 habent:
1113 2912 1145 2937 ‘⁴
1165 2908 1250 2959 Hi
1275 2909 1375 2959 duo
1398 2927 1567 2961 versus
1589 2909 1834 2960 dieantur
1856 2908 1917 2959 in
1927 2910 2046 2976 fine
2067 2909 2301 2959 omnium
2324 2906 2663 2976 Hymnorum

658 3000 688 3022 ⁴⁴
715 3012 932 3062 quorum
955 3003 1136 3044 cantus
1157 3001 1315 3044 metro
1351 2996 1582 3047 convenit
1616 3012 1773 3063 usque
1803 2995 1872 3045 ad
1908 2995 2023 3046 Asc.
2049 2994 2198 3057 D’ni‚
2221 2995 2328 3046 nisi
2357 2995 2418 3046 in
2443 2996 2663 3065 Hymno

657 3087 688 3109 ‘⁴
716 3080 921 3132 Chorus
942 3094 1095 3132 novae
1115 3077 1454 3131 Hierusalem
1469 3092 1506 3131 ⁴¹.
1542 3080 1622 3131 Et
1633 3080 2036 3149 quandocunque
2046 3082 2121 3150 fit
2144 3098 2265 3131 serv.
2288 3079 2350 3131 de
2368 3080 2430 3132 S.
2450 3080 2664 3145 Maria,

657 3173 687 3197 ‘⁴
716 3176 836 3218 tunc
870 3167 932 3218 in
952 3167 1071 3235 fine
1092 3164 1427 3235 Hymnorum
1457 3167 1678 3235 ejusdem
1702 3168 1853 3218 metri
1888 3167 2089 3219 dicetur
2114 3166 2431 3227 Quaesumus
2455 3176 2660 3221 auctor.

659 3259 690 3282 ⁴⁴
716 3271 832 3306 cum
867 3250 1053 3305 Gloria
1085 3251 1186 3303 tibi
1231 3250 1382 3314 D'ne,
1422 3250 1531 3311 Qui
1566 3260 1726 3305 natus
1766 3250 1924 3321 [&c.]
1984 3254 2053 3307 'H-
2095 3251 2164 3303 In
2201 3250 2524 3304 rea—Alsa.
2565 3252 2660 3322 [V.

655 3347 686 3370 ⁴⁴
710 3339 908 3410 Compl.
940 3340 1050 3410 xiij
1084 3356 1205 3391 cum
1228 3347 1409 3391 annot.
1435 3339 1657 3405 nostra]
1685 3339 1752 3391 A.
1778 3337 1931 3391 All’a.
1975 3339 2065 3390 Ps.
2094 3334 2254 3391 Nunc
2280 3338 2407 3391 dim.
2450 3339 2655 3408 Kyriel.

652 3434 682 3457 ‘⁴
708 3432 794 3496 85c.
854 3427 934 3478 Et
953 3427 1030 3478 sic
1053 3425 1260 3477 dicatur
1286 3423 1483 3494 Compl.
1504 3422 1811 3493 qeneraliter
1832 3443 1990 3493 usque
2013 3425 2082 3476 ad
2106 3424 2227 3475 Asc.
2251 3423 2398 3475 D'ni.

714 3546 734 3575 ‘¹
771 3538 866 3584 Hic
891 3537 1122 3598 Hymnus
1144 3536 1205 3582 ad
1224 3535 1369 3597 Vesp.
1397 3534 1716 3581 Sabbatorum
1737 3535 1862 3581 inter
1885 3535 2071 3582 Pascha
2094 3540 2141 3581 et
2163 3533 2277 3580 Asc.
2303 3533 2404 3580 Dni
2426 3532 2617 3580 dicitur.
