2910 4457
690 301 769 361 71·
1545 320 1710 360 rann
1753 319 1922 359 saxu

686 434 895 545 tinisssgn
914 434 1055 483 factis
1075 444 1327 483 manuum
1345 437 1551 481 tuarum
1564 443 1673 481 me-

724 497 790 544 ita
859 509 905 545 r.

749 558 978 617 Expandi
991 569 1176 606 manus
1189 569 1328 605 meas
1337 555 1400 604 ad
1411 562 1484 605 te:
1500 556 1673 604 anima

686 631 798 668 mea
818 620 948 667 sicut
964 624 1095 666 terra
1114 620 1226 667 sine
1246 631 1376 678 aqua
1393 619 1506 666 tibi.

747 680 994 730 velociter
1021 681 1201 729 exaudi
1227 692 1310 729 me
1330 681 1439 728 Due
1461 695 1475 730 :
1497 678 1676 728 defecit

686 743 898 803 spiritus
919 754 1081 791 meus,

752 805 861 853 Non
885 809 1084 853 avertas
1106 803 1279 852 faciem
1299 808 1440 851 tuam
1458 815 1486 851 a
1502 814 1609 852 me:
1626 805 1676 851 et

685 865 872 914 similis
887 879 972 913 ero
983 866 1402 914 descendentibus
1420 865 1473 912 in
1488 865 1674 913 lacum.

749 928 998 976 Auditam
1028 927 1103 976 fae
1125 928 1251 976 mibi
1285 938 1436 975 mane
1467 926 1677 974 miseri-

686 989 910 1040 cordiam
945 995 1116 1038 tuam:
1150 990 1272 1049 quia
1302 989 1356 1036 in
1385 993 1432 1035 te
1459 989 1673 1047 speravi.

752 1052 931 1109 Notaui
946 1051 1018 1099 fac
1032 1050 1159 1098 mibi
1173 1050 1306 1098 viam
1319 1050 1372 1097 in
1387 1061 1486 1109 qua
1502 1050 1676 1097 ambu-

687 1114 804 1163 lem:
818 1112 937 1172 quia
947 1113 1008 1160 ad
1024 1117 1069 1159 te
1081 1113 1237 1160 levavi
1248 1112 1476 1159 animam
1487 1123 1672 1159 meam.

753 1175 902 1233 Eripe
932 1186 1014 1221 me
1042 1174 1104 1222 de
1134 1173 1359 1221 inimicis
1378 1172 1508 1220 meis
1537 1174 1672 1232 Due:

687 1237 749 1284 ad
770 1240 816 1283 te
832 1235 1065 1295 confugi:
1087 1235 1205 1282 doce
1227 1246 1308 1282 me
1330 1235 1489 1282 facere
1504 1234 1675 1282 volun·

687 1302 841 1345 tatem
866 1301 1004 1344 tuam
1019 1333 1033 1355 ‚
1057 1296 1177 1356 quia
1199 1297 1332 1343 Deus
1352 1307 1500 1343 meus
1525 1300 1674 1344 estu.

751 1359 972 1417 Spiritus
986 1365 1106 1407 tuus
1127 1358 1290 1405 bonus
1305 1357 1516 1405 deducet
1525 1369 1608 1405 me
1622 1357 1675 1404 in

689 1425 878 1469 terram
890 1427 1075 1468 rectam
1089 1436 1102 1470 :
1117 1424 1314 1480 propter
1328 1430 1512 1467 nomen
1528 1424 1676 1466 tuum

689 1483 800 1532 Dne
822 1482 1101 1531 vivificabis
1126 1495 1207 1531 me
1228 1482 1281 1529 in
1316 1481 1549 1540 aequitate
1569 1486 1675 1529 tua.

750 1544 947 1592 Eduees
985 1545 1047 1592 de
1083 1543 1405 1592 tribulatione
1446 1543 1676 1590 animam

689 1617 886 1654 meam:
917 1610 965 1652 et
987 1606 1038 1652 in
1072 1605 1417 1653 misericordia
1445 1609 1534 1652 tua
1564 1603 1678 1651 dis-

691 1668 869 1726 perdes
885 1677 1060 1713 omnes
1081 1666 1315 1713 inimicos
1332 1676 1489 1713 meos.

752 1728 817 1776 Et
868 1727 1043 1786 perdes
1083 1739 1258 1773 omnes
1298 1727 1387 1786 qui
1430 1724 1680 1773 tribulant

688 1789 918 1837 animam
935 1800 1103 1836 meam
1117 1803 1128 1835 :
1143 1788 1383 1847 quoniam
1395 1800 1487 1847 ego
1501 1798 1680 1836 servus

689 1855 811 1899 tuus
826 1862 961 1898 sum.

752 1911 925 1960 Gloria
958 1911 1118 1959 Patri.
1153 1911 1217 1959 A.
1252 1911 1313 1959 ln
1347 1910 1555 1959 veritate
1590 1914 1679 1957 tua

689 1973 871 2023 exaudi
893 1986 975 2021 me
991 1974 1118 2021 Due.

754 2037 816 2085 A.
835 2035 1077 2084 Illumina
1097 2036 1207 2083 Due
1220 2034 1416 2083 vultum
1434 2038 1583 2082 tuum
1600 2044 1682 2080 su-

694 2111 781 2159 per
793 2110 900 2146 nOS.
920 2097 1006 2143 Ps.
1024 2098 1158 2146 Deus
1175 2098 1310 2145 Deus
1322 2108 1483 2144 meus·
1498 2097 1565 2156 (p.
1582 2093 1679 2155 12.)

899 2159 1164 2207 Canticum
1181 2157 1379 2206 Abacuc
1396 2157 1473 2218 iij.

784 2221 954 2270 omine
975 2222 1149 2271 audivi
1169 2220 1483 2271 auditionem
1505 2223 1680 2268 tuam:

787 2289 835 2331 et
857 2284 1028 2332 timui.

757 2345 866 2392 Dne
897 2356 1024 2402 opus
1040 2349 1221 2392 tuum:
1253 2344 1307 2391 in
1334 2343 1500 2391 medio
1529 2354 1684 2390 anno-

697 2418 816 2453 rum
838 2406 1034 2452 vivifica
1054 2404 1198 2452 illud.
1576 2463 1581 2465 Α
1658 2456 1670 2469 ¹

761 2467 821 2514 In
844 2466 1009 2514 medio
1029 2478 1282 2513 annorum
1299 2470 1482 2513 notum
1506 2464 1681 2515 facies:

697 2525 814 2576 eum
843 2528 1003 2577 iratus
1027 2528 1199 2589 fueriS,
1228 2527 1585 2576 misericordia}
1605 2539 1686 2575 re-

696 2590 999 2640 cordaberiS.

762 2654 897 2702 Deus
908 2654 970 2701 ab
985 2651 1175 2702 Austro
1194 2650 1388 2713 veniet:
1408 2654 1458 2701 et
1469 2650 1684 2701 Sanctus

697 2715 759 2764 de
782 2721 949 2764 monte
967 2716 1189 2763 Pharan.

761 2777 973 2836 Operuit
992 2778 1140 2825 coelos
1160 2777 1319 2837 gloria
1342 2776 1454 2836 ejus
1476 2780 1556 2825 :et
1574 2775 1684 2825 lau-

698 2838 778 2886 dis
799 2841 908 2894 ejus
930 2839 1073 2896 plena
1090 2844 1165 2886 est
1190 2845 1341 2886 terra.

759 2899 1002 2957 Splendor
1023 2899 1135 2957 ejus
1155 2905 1213 2948 ut
1232 2899 1320 2948 lux
1338 2899 1434 2948 erit
1457 2915 1471 2949 :
1493 2911 1682 2949 cornua

696 2960 751 3008 in
779 2960 1016 3007 manibus
1035 2960 1162 3018 ejus.

758 3022 836 3070 Ibi
856 3021 1146 3070 abscondita
1178 3025 1253 3068 est
1278 3019 1516 3070 fortitudo
1534 3022 1678 3082 ejus:

695 3090 812 3132 ante
834 3084 1009 3132 faciem
1030 3084 1072 3143 ej
1083 3096 1141 3131 us
1165 3082 1259 3130 ibit
1276 3095 1431 3131 mors·

756 3147 1053 3206 Egredietur
1096 3145 1328 3194 diabolus
1368 3148 1486 3192 ante
1536 3146 1684 3203 pedes

690 3210 834 3270 ejns:
860 3209 997 3257 stetit
1026 3214 1074 3256 et
1095 3219 1303 3256 mensus
1327 3211 1401 3255 est
1420 3212 1629 3255 terram.

753 3271 967 3330 Aspexit
979 3275 1027 3318 et
1038 3269 1267 3319 dissolvit
1282 3269 1493 3318 Gentes:
1507 3273 1556 3317 et
1567 3281 1680 3317 con-

689 3333 797 3382 triti
815 3337 937 3382 sunt
957 3338 1154 3382 montes
1172 3331 1363 3380 saeculi.

748 3396 1008 3444 Incurvati
1037 3400 1160 3443 sunt
1189 3393 1336 3443 colles
1366 3394 1552 3444 mundi
1575 3393 1670 3445 :ab

684 3458 955 3508 itineribus
975 3457 1271 3508 :eternitatis
1291 3456 1334 3517 ej
1342 3469 1420 3506 us,

1834 432 1934 480 Pro
1943 430 2210 490 iniquitate
2225 431 2330 481 vidi
2343 431 2559 480 tentoria
2571 430 2766 480 AEtbio-

1771 492 1867 603 gia:
1898 492 2274 543 :turbabuntur
2296 493 2449 554 pelles
2479 498 2628 543 terra:
2652 494 2766 544 Ma-

1809 568 1913 604 ian.

1835 616 2080 677 Nunquid
2107 617 2160 665 in
2183 615 2487 665 fluminibus
2507 616 2675 666 iratus
2712 628 2767 665 es

1770 677 1882 727 Dine
1905 695 1918 728 :
1939 679 2103 727 autin
2126 678 2427 726 fluminibus
2449 677 2589 726 furor
2612 685 2764 739 tuus:

1773 741 1848 789 vel
1874 741 1926 788 in
1951 741 2081 790 mari
2107 740 2392 799 indignatio
2417 742 2543 788 tua‘l

1835 803 1939 862 Qui
1965 803 2203 850 ascendes
2221 814 2370 861 super
2385 814 2541 861 equos
2554 805 2671 850 tuos
2687 816 2701 851 :
2717 805 2768 851 et

1770 865 2030 924 quadrigae
2053 868 2151 911 tuae
2171 864 2401 911 salvatio.

1834 927 2096 975 suscitans
2107 925 2373 973 suscitabis
2387 936 2565 973 arcum
2583 929 2734 973 tuum
2751 941 2766 975 :

1767 988 2060 1048 juramenta
2081 987 2318 1035 tribubus
2333 999 2446 1047 quae
2470 986 2668 1035 locutus
2691 1000 2765 1036 es·

1835 1049 2041 1098 Fluvios
2057 1049 2256 1097 scindes
2269 1055 2414 1096 terrae
2428 1060 2443 1107 3
2461 1048 2704 1097 viderunt
2717 1055 2767 1098 te

1772 1118 1821 1163 et
1852 1111 2123 1160 doluerunt
2145 1116 2373 1159 montes:
2399 1121 2587 1170 gurges
2604 1122 2764 1171 aqua-

1776 1186 1892 1223 rum
1915 1172 2137 1220 transiit.

1839 1234 1986 1283 Dedit
2005 1234 2217 1292 abyssus
2241 1244 2411 1281 vocem
2437 1244 2586 1282 suam
2611 1248 2626 1282 ι
2647 1233 2764 1296 alti-

1770 1297 1895 1346 tudo
1917 1307 2101 1343 manus
2121 1306 2242 1342 suas
2257 1294 2458 1345 levavit.

1836 1358 1917 1407 Sol
1933 1363 1981 1405 et
1997 1357 2118 1404 luna
2138 1360 2384 1404 steterunt
2404 1357 2459 1404 in
2474 1356 2764 1405 habitaculo

1774 1432 1871 1468 suo
1900 1435 1914 1470 ε
1943 1420 1998 1466 in
2030 1419 2139 1466 luce
2172 1418 2476 1477 sagittarum
2520 1424 2767 1476 tuarum,

1774 1482 1924 1530 ibunt
1935 1481 1988 1529 in
2009 1479 2271 1539 splendore
2286 1478 2594 1540 fulgurantis
2604 1480 2766 1530 basta:

1776 1549 1893 1592 tuae.

1838 1606 1899 1653 In
1937 1602 2141 1651 fremitu
2182 1602 2500 1652 conculcabis
2534 1607 2765 1652 terram:

1744 1704 1752 1715 .
1772 1667 1828 1715 in
1849 1666 2015 1714 furore
2030 1665 2388 1724 obstupefacies
2407 1664 2611 1713 Gentes·

1836 1728 2085 1787 Egressus
2106 1740 2158 1775 es
2173 1728 2225 1774 in
2239 1727 2452 1774 salutem
2468 1727 2638 1785 populi
2657 1726 2763 1776 tui:

1774 1790 1829 1840 in
1855 1790 2072 1837 salutem
2096 1800 2211 1837 cum
2240 1788 2438 1837 Christo
2461 1793 2565 1836 tuo.

1835 1851 2135 1900 Percussisti
2157 1855 2306 1909 caput
2326 1850 2389 1898 de
2407 1850 2557 1897 domo
2577 1849 2728 1909 impii
2752 1864 2766 1899 :

1774 1912 2038 2022 ggnutlllasti
2059 1911 2449 1961 fundamentum
2464 1912 2578 1971 ejus
2601 1924 2767 1972 usque

1857 1987 1913 2022 co
1953 1986 2061 2021 um.

1835 2034 2140 2086 Maledixisti
2188 2034 2400 2094 sceptris
2444 2034 2573 2094 ejuS,
2610 2035 2766 2094 capiti

1776 2097 2071 2146 bellatorum
2090 2097 2202 2156 ejus
2216 2096 2564 2145 :venientibus
2587 2102 2643 2145 ut
2659 2103 2768 2146 tur·

1775 2160 1839 2212 bo
1860 2160 1923 2207 ad
1943 2159 2333 2219 dispergendum
2359 2170 2458 2206 me.

1838 2221 2090 2270 Exultatio
2124 2233 2300 2270 eorum
2324 2236 2338 2269 :
2359 2220 2490 2268 sieut
2526 2218 2640 2279 eius
2673 2220 2768 2282 qui

1775 2284 1981 2333 devorat
2000 2295 2270 2343 pauperem
2294 2283 2348 2330 in
2367 2283 2680 2331 abscondito.

1841 2346 1992 2394 Viam
2026 2344 2184 2393 fecisti
2216 2344 2270 2392 in
2305 2345 2438 2392 mari
2456 2344 2601 2404 equis
2625 2345 2734 2394 tuis
2753 2361 2769 2394 :

1775 2407 1831 2456 in
1855 2407 1961 2455 luto
1979 2419 2228 2467 aquarum
2251 2406 2548 2454 multarum.

1826 2467 2033 2517 ,Audivi
2063 2473 2112 2516 et
2134 2468 2463 2516 conturbatus
2492 2472 2566 2516 est
2591 2471 2772 2517 venter

1777 2542 1924 2578 meus
1947 2545 1960 2579 :
1990 2542 2020 2579 a
2044 2542 2162 2579 voce
2181 2533 2597 2579 contremuerunt
2631 2529 2775 2579 labia

1778 2605 1910 2641 mea.

1837 2654 2160 2715 Ingrediatur
2203 2654 2413 2712 putredo
2464 2654 2517 2701 in
2564 2653 2780 2704 ossibus

1779 2717 1906 2765 meis
1929 2732 1943 2766 :
1964 2721 2013 2765 et
2032 2716 2204 2764 subter
2225 2728 2307 2764 me
2325 2720 2527 2764 scateat.

1841 2779 1909 2826 Ut
1940 2779 2250 2838 requiescam
2283 2779 2336 2825 in
2369 2778 2450 2826 die
2480 2776 2782 2826 tribulatio-

1779 2840 1891 2889 nis:
1924 2846 1980 2888 ut
2010 2840 2275 2888 ascendam
2308 2839 2371 2887 ad
2405 2839 2652 2900 populum
2682 2852 2783 2889 ac.-

1778 2902 2001 2950 cinctum
2026 2906 2274 2949 nostrum.

1841 2962 1993 3011 Ficus
2023 2964 2161 3011 enim
2196 2975 2295 3009 non
2329 2961 2630 3011 florebit:et
2662 2976 2778 3012 non

1777 3025 1873 3073 erit
1899 3036 2102 3084 germen
2125 3025 2176 3071 in
2206 3024 2386 3072 vineis.

1837 3087 2114 3137 Mentietur
2126 3098 2253 3145 opus
2266 3085 2409 3134 oliva:
2423 3089 2498 3134 :et
2515 3096 2642 3133 arva
2663 3099 2783 3136 non

1775 3148 1987 3197 afferent
2005 3149 2196 3196 cibum.

1840 3210 2178 3259 Abscindetur
2190 3209 2252 3257 de
2264 3207 2385 3257 ovili
2402 3220 2552 3267 pecus
2566 3223 2580 3258 :
2596 3213 2650 3256 et
2663 3223 2785 3260 non

1774 3272 1871 3320 erit
1891 3276 2182 3320 armentum
2203 3271 2258 3318 in
2290 3269 2618 3331 praesepibus.

1838 3333 1944 3393 Ego
1976 3339 2144 3382 autem
2181 3332 2235 3380 in
2273 3333 2384 3380 Dno
2421 3332 2652 3390 gaudebo
2682 3348 2699 3382 :
2728 3340 2792 3384 et

1778 3394 2006 3442 exultabo
2024 3395 2075 3443 in
2099 3396 2202 3443 Deo
2222 3394 2343 3441 Jesu
2361 3405 2491 3441 meo.

1840 3456 1975 3505 Deus
2007 3457 2115 3505 Dns
2149 3455 2389 3506 fortitudo
2411 3466 2556 3506 mea:
2587 3460 2641 3505 et
2672 3468 2792 3518 po-
