2910 4457
794 440 1196 484 ELE180N0--DE
1220 446 1291 483 ΕΤ
1314 445 1387 483 ΝΕ
1413 444 1517 484 NOS
1540 445 1660 485 Ero.
2157 446 2226 487 XV

211 599 305 653 per
328 579 505 634 crasin
529 596 652 632 cum
673 576 712 630 ἔ
727 586 979 648 sequente
997 579 1331 648 conjunctam
1355 597 1465 633 esse
1482 590 1625 643 ;—ut
1646 588 1821 634 totum
1845 582 2014 653 Kyn'e
2035 581 2225 637 eleison

210 685 321 722 non
344 684 446 737 per
468 673 690 734 septem,
712 665 808 717 sed
824 664 1103 734 aliquando
1121 665 1336 734 quidem
1353 683 1447 735 per
1472 684 1563 720 sex
1585 668 1812 737 syllabas
1835 668 2060 738 Ερμῆ-ἔ
2076 668 2223 722 etta·-

207 773 299 806 son
315 754 411 806 vel
428 749 909 822 Κῃ-ή-ἒ-Ιέ-ῖ-εοη,
923 751 1108 819 soepius
1124 761 1309 804 autem
1324 769 1416 821 per
1433 755 1665 821 quinque
1684 753 1870 823 Ky-ri'
1887 753 2122 806 Z-lei-son
2139 756 2222 807 vel

208 839 274 891 K
263 837 912 910 y-ri-E-lei-som—totum
921 835 1043 890 vero
1062 836 1267 890 Christe
1283 837 1468 890 eleison
1483 857 1588 891 non
1606 857 1698 908 per
1713 857 1822 904 sex,
1834 840 1928 893 sed
1939 840 2221 910 aliquando

208 925 443 995 quidem
472 941 564 993 per
594 925 835 992 quinque
865 923 1089 992 syllabas
1126 923 1365 976 Chris-te*
1392 923 1626 977 ἔ-ῑεί-εοη
1655 926 1738 978 vel
1768 925 2217 989 Chis-te-le-t-eon,

208 1014 419 1081 saepius
442 1019 618 1063 autem
634 1027 725 1079 per
747 1016 1002 1077 quattuor
1032 1009 1250 1062 Chris-t'
1278 1009 1512 1063 blei-ron
1532 1012 1616 1064 vel
1644 1010 2080 1064 Chris-ti-lei-son
2102 1028 2219 1081 pro·

209 1098 404 1151 latum
426 1098 508 1149 sit.
555 1097 686 1149 Hoec
710 1104 894 1149 autem
919 1112 1043 1149 vera
1065 1112 1190 1161 esse,
1215 1113 1321 1150 non
1345 1097 1506 1150 modo
1530 1095 1711 1151 crebro
1735 1099 1794 1149 in
1817 1098 1964 1150 libris
1986 1099 2219 1167 antiquis

213 1198 494 1236 recurrens
527 1183 778 1251 scriptura
801 1179 1156 1252 Kydeleysom
1181 1183 1282 1251 (vel
1305 1183 1446 1254 Kyri
1471 1183 1584 1252 eL),
1613 1182 2008 1254 Chvisteleyson,
2030 1183 2216 1236 verum

213 1271 387 1322 etiam
418 1269 614 1320 notatio
645 1268 850 1320 musica
870 1268 928 1319 in
958 1267 1104 1319 libris
1124 1275 1276 1320 notas
1308 1268 1644 1334 habentibuS,
1681 1276 1735 1322 et
1766 1271 2058 1339 proesertim
2082 1272 2214 1339 ipsae

206 1354 536 1424 syllabarum
552 1352 833 1406 divisiones
855 1354 912 1405 in
928 1352 1187 1406 Graduali
1206 1354 1398 1406 Sarisb.
1418 1363 1651 1424 repertae,
1670 1355 1813 1409 certo
1832 1355 2214 1409 demonstrant.

277 1440 444 1493 Pater
468 1447 656 1505 noster.
731 1439 807 1494 Et
828 1458 895 1494 ne
918 1457 1029 1494 nos,
1096 1436 1209 1493 'Sed
1239 1442 1447 1510 libera]
1488 1442 1796 1496 Secundum
1817 1459 1974 1496 usum
1999 1443 2216 1512 quidem

205 1526 527 1578 hodiernum
549 1525 666 1578 haec
690 1525 1174 1595 verba'significant
1206 1525 1514 1580 Orationem
1549 1527 1886 1579 Dominicam
1917 1525 2115 1579 secreto
2140 1526 2219 1579 di·

208 1612 437 1665 cendam
460 1629 573 1665 esse
594 1628 765 1680 usque
788 1610 857 1664 ad
879 1612 973 1665 illa
996 1613 1152 1665 verba
1175 1612 1257 1663 Et
1278 1631 1343 1664 ne
1371 1632 1464 1665 nos
1492 1612 1732 1683 [inducas
1750 1614 1810 1664 in
1829 1613 2216 1682 tentationem.],

208 1716 333 1768 quae
356 1717 391 1753 a
426 1698 709 1752 Sacerdote
732 1699 874 1752 clam
901 1717 1025 1752 voce
1047 1699 1355 1768 proferenda
1383 1709 1524 1765 sunt,
1548 1699 1991 1770 quemadmodum
2015 1708 2069 1754 et
2092 1717 2213 1770 qua

209 1793 506 1853 sequuntur
540 1784 650 1837 Sed
677 1783 841 1837 libera
861 1784 977 1852 [nos
998 1804 1030 1837 α
1052 1785 1248 1855 malost]
1276 1804 1309 1839 a
1331 1788 1506 1840 Choro
1522 1786 1885 1857 respondenda
1906 1795 2044 1840 sunt.
2119 1787 2211 1840 Se-

209 1870 448 1924 cundum
478 1888 639 1924 usum
674 1878 854 1924 autem
897 1871 1352 1938 Sarisburiensem,
1387 1873 1674 1944 aliquando
1715 1874 1904 1927 saltem
1937 1882 2061 1927 ante
2091 1890 2208 1942 pro·

206 1959 602 2012 nuntiationem
626 1959 972 2011 conclusionis
986 1958 1065 2011 Et
1086 1978 1151 2012 ne
1174 1958 1271 2011 διο.
1292 1957 1601 2012 Orationem
1618 1965 1787 2012 totam
1801 1976 1926 2012 cum
1949 1959 2078 2027 ipsis
2097 1959 2205 2011 iuis

208 2046 381 2098 verbis
405 2053 460 2098 et
482 2045 653 2096 Amen
685 2043 881 2097 secreto
917 2044 1196 2097 dicendam
1227 2045 1386 2098 fuisse
1407 2062 1516 2098 non
1544 2045 1708 2098 modo
1739 2048 1977 2114 ipsarum
2012 2044 2206 2096 Rubri-

208 2139 598 2195 carum‚—tam
615 2147 732 2198 quoe
751 2132 807 2182 in
827 2130 1171 2199 completorii
1188 2131 1458 2194 PrecibuS‚
1475 2132 1661 2182 saltem
1683 2129 1825 2199 apud
1844 2128 2161 2180 Psalterium
2170 2138 2206 2193 ¹,

211 2215 605 2270 Salutationem
637 2215 967 2286 Angelicam,
1004 2223 1057 2268 et
1089 2223 1211 2268 ante
1244 2215 1509 2267 Nocturni
1542 2215 1700 2283 primi
1731 2214 1982 2266 lectiones
2011 2213 2069 2264 in
2099 2213 2208 2281 ple-

210 2302 392 2371 risque
415 2300 625 2369 quidem
644 2302 788 2354 libris
814 2300 1127 2371 Symbolum
1149 2299 1526 2367 Apostolicum,
1550 2299 1607 2350 in
1631 2297 1948 2367 quibusdam
1971 2296 2092 2351 vero
2116 2299 2207 2352 hic

210 2389 381 2441 etiam
402 2387 511 2438 Ave
530 2385 708 2439 Maria
731 2386 799 2454 (v.
827 2387 915 2439 Pr.
941 2391 975 2439 5
1010 2403 1058 2438 a.
1085 2401 1209 2438 cum
1244 2392 1422 2437 annot.
1448 2383 1666 2453 nostra),
1688 2386 1825 2437 inter
1848 2384 2011 2437 Pater
2039 2395 2207 2438 noster

206 2483 264 2528 et
282 2474 367 2527 Et
381 2493 448 2527 ne
470 2475 786 2542 interponit,·
817 2473 980 2543 quam
1003 2489 1125 2542 quae
1145 2469 1256 2541 (per
1273 2472 1633 2541 exceptionem
1656 2489 1762 2525 non
1786 2469 1962 2525 minus
1979 2472 2204 2541 probans

204 2561 469 2632 regulam)
490 2561 546 2612 in
564 2560 805 2629 Vesperis
818 2559 1174 2624 Mortuorum,
1193 2559 1380 2612 saltem
1396 2558 1539 2628 apud
1558 2558 1911 2611 Breviariumt
1926 2556 1997 2627 (p.
2017 2563 2118 2611 117
2132 2560 2200 2627 a),

263 2689 286 2721 ¹¹
321 2680 441 2727 Non
464 2679 659 2726 additur
680 2681 835 2727 Amen.
858 2684 969 2740 post
989 2680 1055 2725 Et
1075 2695 1131 2726 ne
1152 2694 1232 2726 nos
1249 2678 1336 2726 &a
1359 2676 1493 2725 clara
1514 2691 1631 2725 voce
1650 2675 1849 2737 prolata„

264 2764 285 2787 ¹'
320 2762 378 2811 P.
408 2759 500 2811 107
525 2776 568 2807 a.
622 2759 686 2806 In
708 2759 905 2821 Proprio
927 2759 984 2806 de
1006 2759 1240 2821 Tempore
1263 2757 1332 2819 (p.
1357 2759 1389 2803 4
1411 2755 1464 2817 a)
1490 2756 1726 2802 omissum
1748 2762 1821 2803 est
1841 2759 1939 2804 Ave
1960 2758 2135 2806 Maria.

259 2850 277 2873 ⁸
315 2842 399 2889 Sic
433 2846 486 2888 et
517 2839 662 2887 Brev.
698 2838 863 2886 Heres.
893 2838 948 2885 in
979 2836 1412 2887 Commendatione
1444 2835 1769 2883 Animarum:
1807 2839 1837 2864 “
1851 2836 1997 2884 Pater
2026 2843 2199 2886 noster.

203 2923 306 2973 Ave
331 2921 510 2970 Maria.
545 2919 617 2967 Et
637 2934 698 2965 ne
711 2920 824 2965 -.”

258 3005 275 3033 θ
310 3003 377 3052 In
398 2999 629 3049 Manuali
651 2999 848 3061 quidem
864 2998 1098 3046 omissum
1118 3004 1193 3045 est
1209 3001 1306 3046 Ave
1322 3000 1498 3046 Maria.
1534 2998 1705 3061 Operae
1720 2999 1931 3061 pretium
1947 3006 2020 3048 est
2032 3008 2196 3050 autem

198 3091 363 3134 notare
399 3087 553 3145 quam
586 3096 761 3143 pamm
805 3081 864 3128 de
899 3080 1180 3143 hujusmodi
1211 3080 1655 3144 interpositionibus
1689 3081 1799 3128 libri
1836 3082 1961 3129 inter
1995 3097 2046 3130 se
2078 3099 2195 3131 con-

201 3166 445 3222 eordent,*
474 3162 607 3226 quod
628 3162 826 3224 quidem
841 3177 867 3209 e
885 3162 1072 3210 diverso
1091 3159 1388 3209 diversorum
1403 3162 1622 3209 locorum
1639 3162 1982 3209 consuetudine
1994 3163 2196 3211 fortasse

201 3248 542 3312 explicandum
576 3251 664 3293 est.
720 3245 912 3292 Morem
945 3251 1110 3292 autem
1139 3244 1304 3307 ipsum
1334 3244 1672 3307 interponendi
1707 3244 1808 3291 sive
1843 3243 2196 3294 Salutationem

203 3328 296 3375 sive
324 3326 617 3390 Symbolum
649 3339 746 3372 non
768 3325 1031 3374 admodum
1053 3325 1310 3386 antiquum
1328 3325 1478 3373 fuisse
1498 3324 1817 3388 suspicamur.

255 3446 278 3471 ⁰
305 3444 371 3483 Ne
398 3445 445 3482 in
472 3442 606 3494 ipsius
635 3442 806 3493 quidem
834 3442 1008 3485 ΒΑΣΜ.
1030 3442 1185 3482 ‘Horis
1211 3440 1304 3482 &ce
1330 3441 1390 3494 (v.
1419 3454 1463 3494 Ρ.
1483 3441 1574 3494 xvi)
1593 3445 1691 3481 ante
1719 3441 1918 3482 lectiones
1944 3440 2027 3481 Ave
2052 3440 2195 3482 Maria

202 3528 357 3569 temper
374 3517 580 3557 insertum
598 3520 676 3582 est.

1180 3604 1210 3639 c
1234 3591 1270 3638 2
