2910 4457
707 104 795 132 w*
884 106 907 111 -
1314 104 1447 122 *τ
1699 104 1766 126 'v
1822 104 2032 122 τὴ*
2123 104 2142 112 ⁷·

2164 339 2191 368 U

193 449 271 501 An
285 451 368 503 Pr.
389 453 450 503 18
468 462 581 508 απ-
597 449 683 502 Pr.
703 452 764 501 37
783 450 835 517 b)
1109 465 1224 506 amu
1248 463 1346 508 1855
1369 465 1481 506 Anu.
1506 466 1567 505 ur
1593 465 1737 507 cona.
2026 511 2045 528 .
2226 451 2339 541 xiij

184 602 374 652 rectius
406 599 669 651 videretur
704 598 825 651 “Sic
857 598 1008 651 etiam
1027 628 1095 638 —
1117 599 1269 652 etiam
1290 628 1356 639 —
1377 600 1579 652 etiam.
1605 600 1666 650 In
1689 599 1739 650 A
1770 604 1942 650 autem
1967 598 2081 667 (per
2104 615 2346 667 errorem,
2428 633 2447 652 .-

181 688 238 735 ut
259 682 488 762 videtur)
505 687 627 750 post
647 681 855 738 tertium
881 683 958 734 “et
979 681 1127 747 nisi'’,
1152 698 1247 751 pro
1275 682 1361 734 “in
1370 681 1574 749 soetzb'ss
1602 682 1688 732 “in
1711 681 1794 734 do.
1806 682 1946 749 fes?

279 768 340 818 In
373 757 555 820 eodem
572 765 899 834 paragrapho
922 782 1018 833 pro
1048 766 1412 833 “comiqerim”
1436 765 1770 819 scribendum
1791 765 2138 833 “comiqerit'',

277 864 385 914 par.
408 846 525 913 ult.)
557 849 639 898 De
668 848 787 898 loco
806 847 899 899 ubi
929 848 985 898 in
1009 849 1052 898 L
1074 848 1303 900 Rubrica
1328 849 1654 900 “Semnnmu
1677 847 1780 899 θεῖ’
1806 853 1856 899 et
1880 855 2065 902 ceterae
2089 866 2222 915 quae,
2257 866 2346 902 us-

183 948 282 998 que
305 931 373 990 ad
398 932 641 982 “TAMEN
661 929 923 982 sciendum
940 929 1043 986 est”
1070 930 1142 996 (p.
1165 933 1224 984 19
1244 930 1299 1000 a)
1318 931 1602 995 exclusive,
1628 930 1692 983 de
1709 932 1854 992 Festi
1871 931 2002 986 Loci
2021 931 2344 986 Commemo-

177 1015 382 1065 ratione
421 1018 647 1064 tractant
689 1013 1040 1078 inveniantur,
1085 1014 1206 1065 vide
1241 1014 1318 1086 (in
1350 1015 1502 1066 Fasc.
1535 1014 1608 1080 ΙΙ)
1645 1013 1712 1068 ad
1745 1016 1774 1078 5
1811 1015 1890 1078 93,
1937 1030 2055 1066 cum
2089 1015 2346 1082 (ejusdem

178 1096 356 1161 Fasc.)
380 1093 523 1150 Add.
548 1104 597 1148 et
625 1094 772 1147 Gorr.

282 1182 366 1229 Pr.
402 1179 464 1228 18
496 1177 572 1244 h.)
608 1194 714 1244 par.
748 1178 968 1245 penult.)
1015 1179 1247 1245 “excepto
1292 1179 1430 1247 quod
1468 1178 1556 1231 ubi
1584 1178 1686 1246 fit”
1720 1176 1860 1247 διο.»
1887 1180 2033 1246 Haec,
2077 1198 2245 1249 usque
2280 1184 2345 1235 ad

182 1261 548 1327 “omnipotens
571 1260 767 1311 Deus.”
789 1262 845 1310 in
869 1278 1047 1327 parag.
1069 1262 1183 1327 ult„
1208 1279 1307 1313 om.
1332 1262 1377 1312 L
1402 1262 1476 1328 (v.
1500 1261 1696 1328 supra).

288 1347 371 1394 Pr.
396 1344 461 1393 18
483 1345 528 1407 b,
552 1359 716 1409 parag
737 1343 852 1409 ult.)
882 1343 1164 1404 “Similiter
1191 1363 1226 1396 a
1253 1345 1634 1398 Girwncisiom
1651 1370 1713 1381 —
1722 1344 1957 1412 patebit]
1981 1347 2114 1398 Haec
2139 1348 2227 1413 qui
2260 1349 2348 1399 ad-

180 1425 331 1489 didit,
349 1454 416 1462 —
434 1431 485 1476 et
501 1428 557 1475 in
573 1427 617 1476 L
638 1441 845 1491 quoque
866 1423 943 1493 (v.
962 1427 1141 1493 supra)
1170 1427 1357 1478 iisdem
1379 1428 1488 1478 fere
1505 1427 1681 1479 verbis
1701 1427 1880 1477 addita
1897 1435 2034 1492 sunt,
2055 1456 2120 1467 —
2138 1446 2245 1481 non
2262 1431 2351 1481 hic

181 1510 250 1560 de
278 1508 462 1560 Officio
491 1524 820 1575 quocunque,
846 1510 941 1561 scd
965 1511 1027 1561 de
1056 1512 1201 1561 Festi
1228 1510 1359 1568 Loci
1388 1516 1588 1561 tantum
1609 1509 2112 1562 Commemoratione
2130 1514 2232 1579 agi,
2259 1512 2348 1563 ob·

180 1593 311 1644 litus
340 1607 457 1642 esse
483 1593 713 1655 videtur3
746 1608 868 1641 nam
898 1608 930 1642 a
947 1594 1066 1659 Vig.
1089 1593 1387 1644 Nativitatis
1415 1591 1525 1643 Dm
1552 1608 1718 1657 usque
1747 1592 1813 1643 ad
1845 1593 1963 1645 Oct.
1981 1594 2170 1660 Epiph.
2193 1594 2349 1659 hujus

183 1675 332 1726 modi
351 1674 880 1726 Commemorationes
898 1692 1006 1727 non
1030 1674 1253 1726 fiebant:
1272 1692 1322 1727 v.
1342 1675 1408 1726 ad
1427 1678 1459 1737 5
1482 1679 1591 1727 136.
1609 1704 1676 1713 -
1691 1675 1843 1726 Unde
1860 1674 2046 1727 melius
2065 1678 2226 1729 verba
2241 1678 2354 1729 haec

178 1767 243 1810 ut
282 1758 639 1826 paragraphus
679 1764 947 1824 separatus
989 1763 1042 1808 et
1079 1757 1494 1824 parentheticus‚
1537 1773 1654 1808 cum
1693 1759 1893 1810 monito
1932 1760 2070 1810 inter
2109 1760 2350 1824 uncinos,

181 1842 574 1894 exhibebuntur
588 1859 600 1892 τ

289 1921 610 1989 “(Similiter,
631 1922 715 1991 [de
731 1940 1025 1991 quoeunque
1027 1924 1100 1992 fit
1115 1923 1411 1991 servitium]
1429 1941 1466 1975 a
1488 1921 1913 1975 circumciaionffl
1932 1923 2026 1973 διο.

287 2010 372 2057 Pr.
403 2007 462 2055 18
485 2005 528 2069 b,
553 2006 590 2056 l.
612 2005 707 2056 ult.
731 2007 902 2058 scribe
928 2003 1274 2069 “servitium'’;
1299 2007 1385 2057 Pr.
1413 2008 1473 2057 19
1498 2022 1544 2068 a,
1572 2004 1952 2056 “Scitnnum''.

285 2093 370 2141 Pr.
397 2090 460 2140 19
482 2089 557 2153 ιι.)
578 2090 682 2140 Pro
710 2090 1050 2157 paragraphis
1082 2095 1105 2140 1
1140 2097 1194 2140 et
1220 2094 1267 2154 2,
1294 2091 1365 2140 L:
1394 2089 1463 2140 “¹
1490 2089 1580 2140 Ad
1600 2085 1737 2139 Mat⁸
1765 2090 1937 2140 omnia
1955 2089 2100 2155 fiant
2133 2090 2262 2142 sicut
2295 2091 2353 2143 -ἱη

188 2172 357 2240 “festo
374 2171 598 2239 ejusdem
615 2188 728 2223 cum
745 2172 1102 2239 tribuoprimie
1119 2172 1421 2224 kcciom'bue
1437 2180 1485 2223 et
1502 2171 1663 2222 tribus
1670 2172 1860 2237 primia
1876 2171 2037 2238 Biia-'⁹

286 2259 393 2308 Pro
424 2259 751 2324 paragrapho
780 2265 951 2309 autem
978 2259 1130 2309 tertio
1149 2257 1286 2309 idem
1306 2258 1473 2309 codex
1490 2257 1671 2308 habet:
1706 2254 1823 2305 “Ita
1840 2263 2009 2306 tamen
2025 2254 2160 2320 quod
2177 2254 2235 2304 in
2252 2262 2354 2306 toto

187 2344 214 2370 ‘⁸
230 2340 480 2406 Tempore
511 2338 635 2391 Pae.
663 2340 769 2393 ‹mv-
799 2340 862 2407 iij
876 2340 1049 2406 prime
1074 2340 1173 2391 alie
1200 2347 1320 2392 ante
1342 2339 1609 2391 Lectiones
1636 2346 1860 2399 tantum5
1891 2353 1986 2402 que
2018 2337 2357 2388 terminentur

184 2441 302 2475 cum
330 2422 467 2473 all’a.
491 2423 613 2477 Hoc
638 2429 829 2488 autem,
846 2453 913 2461 —-
929 2439 1024 2489 pro
1053 2421 1216 2490 prima
1247 2430 1349 2474 tres
1357 2423 1561 2488 primas
1585 2420 1716 2472 afias
1736 2420 1986 2471 dicendas
2004 2420 2184 2485 fuisse,
2201 2450 2270 2460 -
2291 2421 2355 2471 de

183 2506 398 2557 saeculis
424 2506 825 2572 antiquioribus,
846 2505 1054 2572 quando
1083 2505 1251 2557 codex
1268 2505 1357 2557 ille
1374 2506 1599 2572 scriptus
1618 2510 1711 2569 est,
1730 2502 2001 2555 commode
2019 2504 2244 2573 intelligi
2263 2522 2354 2571 po-

183 2594 321 2639 test:
341 2589 411 2638 cf.
431 2586 500 2638 ad
521 2591 551 2651 5
572 2592 681 2639 132.

290 2676 375 2722 Pr.
397 2670 466 2720 ²⁰
488 2668 566 2734 α.)
592 2670 788 2722 Gloria.
823 2671 890 2720 Et
924 2670 1143 2722 verbum
1176 2668 1285 2721 D'ffi
1320 2671 1384 2722 de
1419 2667 1587 2736 Hier.]
1622 2670 1759 2720 Fieri
1782 2674 1956 2736 potest
1974 2675 2032 2722 ut
2056 2675 2176 2738 post
2203 2669 2356 2719 “Glo-

188 2758 303 2807 “ria
325 2784 397 2794 -
422 2754 512 2820 Sp.
537 2753 624 2804 83⁹
646 2754 984 2820 repetendum
1009 2757 1078 2806 sit
1099 2761 1268 2806 totum
1293 2755 1460 2817 “Quia
1483 2781 1545 2790 -—
1569 2752 1761 2805 Hier.'’.
2424 2742 2429 2747 ’

290 2843 377 2889 Pr.
401 2838 468 2888 2⁰
490 2837 568 2901 b.)
594 2836 714 2905 Qui]
743 2837 844 2899 Qui
868 2843 1042 2888 tecum
1064 2839 1199 2889 vivit
1221 2842 1273 2888 et
1292 2843 1480 2905 regnat
1501 2835 1593 2887 ὥσ.
1616 2844 1674 2887 ut
1696 2834 1762 2887 P.
1787 2839 1849 2886 24
1872 2835 1918 2887 b.

290 2926 376 2973 Pr.
398 2921 466 2972 22
488 2922 532 2984 b,
556 2935 734 2988 parag.
758 2920 869 2987 ult„
896 2920 1154 2972 scribatur
1180 2921 1338 2971 “Sion
1349 2919 1412 2970 :'’.

288 3009 374 3056 Pr.
397 3004 510 3069 24.)
535 3004 597 3054 In
619 3004 749 3054 Pica
772 3012 823 3054 et
845 3004 1040 3069 ubique
1073 3005 1148 3055 “O
1176 3003 1479 3070 Sapientia'’
1502 3001 1821 3067 majusculas
1847 3000 1978 3052 duas
2001 2999 2210 3052 habeat.

289 3092 377 3139 Pr.
403 3088 471 3138 29
494 3088 538 3151 b,
560 3087 597 3139 1.
627 3091 687 3138 15
711 3103 743 3137 a
764 3087 883 3152 fine,
907 3088 1076 3140 scribe
1103 3086 1305 3139 “ecce'’.

288 3175 374 3222 Pr.
398 3173 468 3222 30
491 3171 565 3236 ιι.)
587 3171 649 3222 In
674 3177 781 3222 ant.
810 3176 851 3234 1,
878 3172 1047 3224 scribe
1071 3169 1370 3222 “Justum'’:
1397 3171 1465 3223 cf.
1487 3170 1556 3222 ad
1578 3187 1628 3236 p.
1654 3175 1682 3221 2
1706 3170 1757 3221 b.

289 3260 376 3306 Pr.
400 3255 469 3304 33
490 3255 563 3320 b.)
587 3255 716 3306 ordo
727 3255 944 3322 ferialis
962 3253 1267 3321 servabitur]
1294 3253 1728 3319 Quandocunque
1752 3252 1816 3302 dc
1840 3253 1970 3303 feria
1988 3251 2230 3303 Officium
2254 3250 2358 3313 fiet,

193 3339 402 3390 dicetur
434 3338 574 3404 quod
608 3339 776 3389 eidem
797 3339 939 3389 feriae
960 3339 1284 3405 assignatum
1309 3344 1403 3402 est,
1440 3339 1657 3401 etiamsi,
1699 3335 1804 3386 ob
1790 3353 1844 3386 rx
1865 3336 2148 3386 lectionum
2172 3336 2361 3385 festum

186 3423 276 3487 (de
293 3424 457 3473 trium
477 3421 575 3473 lec.
598 3422 744 3471 festis
769 3437 821 3471 v.
839 3419 905 3470 ad
925 3421 955 3481 5
975 3420 1076 3485 28),
1101 3420 1290 3472 festum
1306 3420 1650 3486 praecedentis
1670 3416 1939 3484 cujusdam
1963 3417 2104 3468 feriae
2122 3417 2361 3469 Officium

187 3505 391 3557 dictum
415 3521 525 3555 non
548 3506 719 3555 fuerit.

286 3591 373 3639 Pr.
397 3587 512 3652 33.)
537 3588 639 3638 Lit.
663 3587 818 3638 Dom.
842 3586 903 3650 B,
925 3601 1021 3653 pro
1048 3584 1157 3650 “4,”
1181 3585 1352 3637 scribe
1380 3586 1441 3634 “4
1468 3583 1754 3651 [leyendum
1776 3584 1895 3652 5]‚”.

284 3674 373 3723 Pr.
398 3672 466 3720 34
489 3683 536 3734 α,
568 3671 625 3721 in
658 3670 908 3721 Oratione
943 3668 1076 3730 “Qui
1111 3667 1249 3735 [cum
1271 3670 1387 3720 Deo
1410 3669 1566 3719 Patre
1590 3665 1751 3733 etc.]'’,
1775 3674 1826 3718 et
1849 3667 1885 3718 1.
1908 3666 2107 3734 penult.
2147 3664 2238 3717 “In
2261 3671 2362 3717 ter-

187 3754 386 3820 “ram'',
414 3755 723 3806 scribantur.

287 3843 375 3891 Pr.
398 3840 467 3892 37
490 3839 570 3904 b.)
596 3853 774 3904 parag.
798 3836 995 3904 penult.
1020 3836 1191 3889 scribe
1218 3835 1413 3887 “Filius
1436 3833 1730 3886 Hominis''.

114 4126 690 4322 un..
