2910 4457
1266 537 1341 587 IN

526 627 1089 761 {uteniarii
1169 627 2083 742 3arizhurienziz

796 785 1393 854 FASCIOULUM
1441 785 1827 868 PRIMUM,

670 898 960 949 LONDINI
994 897 1057 946 A.
1092 897 1161 945 D.
1192 893 1610 946 MDCGCXLIH
1642 892 1934 956 EDITUM,

382 987 837 1054 ADDENDA
896 988 1019 1053 ET
1084 984 1692 1053 CORRIGENDA
1755 983 2235 1065 QUAEDAM.
2334 942 2347 955 ⁶

712 1229 804 1279 AB
838 1228 1165 1279 EJUSDEM
1197 1225 1567 1277 FASCICULI
1600 1226 1908 1277 EDITORE

924 1324 1183 1395 CAROLO
1227 1324 1499 1403 SEAGER‚
1542 1324 1602 1391 A.
1643 1324 1713 1391 Μ.

1101 1561 1144 1610 L
1164 1561 1209 1612 Ο
1228 1561 1276 1611 Ν
1292 1561 1340 1609 D
1360 1560 1383 1607 I
1400 1558 1516 1610 NI:

826 1652 1018 1703 APUD
1055 1650 1486 1701 WHITTAKER
1517 1650 1610 1699 ΕΤ
1644 1648 1805 1714 500.,

987 1743 1393 1795 AVE-MARIA
1429 1742 1636 1792 LANE.

1140 1833 1495 1885 MDCCCLV.

1071 2202 1573 2273 NOTANDA.

347 2320 391 2367 1.
415 2314 612 2366 Textfis
628 2313 749 2366 loca
769 2316 827 2365 in
853 2316 1003 2368 Fase.
1027 2317 1053 2366 1
1078 2318 1416 2381 occurrentia,
1431 2316 1770 2384 perpaqinae
1791 2323 1840 2368 et
1861 2316 2135 2380 volumnae,
2167 2317 2224 2365 in
2249 2317 2399 2367 Fasc.

235 2400 311 2465 11,
325 2415 430 2465 per
450 2398 691 2450 sectiones
714 2397 838 2464 (ἐξ),
861 2400 919 2450 in
938 2403 1163 2466 utroque
1185 2417 1278 2466 per
1291 2399 1659 2467 paragraphus
1681 2408 1728 2451 et
1748 2399 1927 2462 lineas,
1952 2398 2267 2449 indicantur.

345 2486 391 2532 2.
424 2480 578 2542 Quod
612 2487 787 2533 autem
817 2481 885 2533 ad
918 2482 1182 2534 Fasciculi
1203 2484 1366 2534 Primi
1388 2488 1588 2533 textum
1612 2483 1812 2545 attinet,
1845 2482 1911 2532 ad
1933 2482 2138 2547 Proprii
2161 2482 2224 2531 de
2248 2482 2399 2532 Tem-

241 2581 377 2633 pore
411 2565 683 2617 Adventus
713 2567 938 2633 paginas
972 2582 1005 2616 a
1037 2566 1280 2619 Psalterii
1313 2571 1367 2634 et
1398 2567 1524 2616 huie
1558 2565 1919 2630 adjunctorum
1947 2566 2154 2632 paginis
2176 2566 2402 2617 breviter

244 2647 663 2715 distinguendas,
685 2649 766 2700 hae
786 2665 881 2716 per
906 2649 1057 2702 “Pr.”
1082 2666 1201 2702 eum
1233 2649 1531 2701 immediate
1554 2655 1804 2715 sequente
1827 2651 2032 2716 paginae
2055 2665 2269 2701 numero
2293 2649 2400 2717 ple-

244 2747 470 2796 rumque
501 2731 743 2783 indieatae
766 2737 903 2784 sunt.

354 2818 399 2866 3.
422 2814 485 2866 In
520 2813 778 2866 columnis
811 2816 1208 2884 distinguendis,
1242 2835 1277 2868 a
1309 2818 1577 2868 sinistram
1609 2815 1730 2883 (eol.
1759 2815 1826 2882 1),
1857 2813 1888 2864 b
1919 2815 2150 2867 dextram
2183 2817 2307 2881 (eol.
2332 2814 2400 2884 2),

249 2898 478 2964 indicat3
500 2924 567 2936 —
587 2896 728 2948 unde
754 2899 869 2949 “Pr.
891 2899 923 2948 5
945 2899 1011 2949 αἶ’
1037 2905 1117 2951 est
1137 2896 1356 2964 Propria·
1377 2899 1443 2951 de
1476 2898 1718 2965 Tempore
1741 2899 2008 2950 Adventsss
2018 2915 2080 2964 p.
2103 2901 2150 2962 5,
2174 2900 2265 2950 eol.
2293 2904 2336 2949 1.

352 2983 399 3031 4.
420 2981 483 3031 In
516 2980 853 3048 paragraphis
876 2982 1209 3034 numerandis
1233 2981 1437 3049 (paraq.
1473 2982 1560 3034 vel
1586 2999 1710 3048 par.
1739 2988 1781 3046 1,
1809 2987 1853 3046 2,
1880 2986 1926 3046 3,
1950 2982 2088 3047 een),
2118 2989 2225 3033 tam
2256 2999 2403 3049 para-

252 3064 439 3132 graphi
470 3063 589 3114 finis
623 3079 737 3129 quae
760 3065 965 3131 paginae
987 3065 1074 3116 vel
1107 3066 1361 3117 columnae
1386 3072 1467 3117 est
1497 3066 1716 3128 initium,
1755 3081 1909 3130 quam
1931 3066 2242 3132 paragraphi
2264 3067 2403 3116 initi-

253 3164 347 3199 um
381 3161 495 3212 quae
527 3147 733 3213 paginas
763 3147 847 3199 vel
878 3147 1133 3199 columnae
1156 3153 1236 3200 est
1258 3148 1402 3214 finis,
1436 3164 1555 3200 eum
1577 3147 1917 3216 paragraphis
1949 3148 2166 3214 integris
2201 3163 2403 3214 semper

256 3229 611 3298 computanda
632 3233 770 3283 sunt.
