2910 4457
718 373 885 425 xxviii
1459 388 1535 425 m:
1561 388 1964 425 comma-omo.

786 519 861 572 ss.
889 516 968 569 Ut
989 516 1248 586 pupillam
1273 515 1462 586 oouli,]
1493 517 1562 568 In
1587 516 1742 570 Brev.
1771 518 1930 569 Ebor.
1957 525 2009 569 et
2034 517 2235 580 Heres„
2260 518 2724 586 quemadmodum

714 606 772 658 in
795 606 1059 668 Romano,
1083 605 1196 658 haec
1221 606 1376 657 verba
1399 605 1734 673 Responsorii
1758 621 1879 673 pars
1902 614 2039 657 sunt.
2091 603 2174 655 Cf.
2200 604 2270 656 ad
2295 604 2382 656 Pr.
2408 610 2443 657 2
2468 606 2520 658 b.

779 693 842 746 P.
875 696 970 744 101
996 689 1080 761 b.)
1108 692 1268 745 Nunc
1294 689 1546 757 dimittis]
1575 691 1712 743 Vide
1737 708 1896 760 supra
1917 690 1987 743 ad
2011 708 2061 759 p.
2093 695 2193 743 100
2217 708 2264 743 a.

778 778 849 831 In
883 783 915 808 “
937 778 1103 848 Kyrie
1138 779 1201 831 el.
1231 788 1322 830 etc.
1350 777 1651 847 Sequuntur
1686 776 1930 840 Precesf,
1953 777 2095 845 quod
2120 779 2196 829 ita
2217 779 2273 829 in
2307 779 2551 831 omnibus
2586 795 2723 847 quos

704 866 1029 936 inspeximus
1075 866 1222 919 libris
1268 865 1479 936 legitur,
1519 881 1684 933 quum
1726 868 1758 893 “
1779 864 1944 933 Kyrie
1982 864 2045 916 el.
2092 863 2205 929 §rcss'
2254 882 2433 918 revera
2479 867 2716 935 ipsarum

704 954 931 1009 Precum
954 956 1168 1008 initium
1203 955 1271 1007 sit
1294 952 1366 1016 (v.
1392 954 1461 1006 ad
1485 972 1535 1023 p.
1563 959 1632 1006 22
1662 951 1747 1023 b),
1775 960 1835 1006 ut
1864 954 2070 1006 inverso
2103 955 2281 1024 potitis
2318 954 2501 1007 ordine
2534 954 2718 1008 dieen-

702 1042 831 1096 dum
854 1042 1029 1107 fuerit,
1052 1046 1084 1072 “
1106 1041 1408 1109 Sequuntur
1430 1041 1614 1093 Preces
1639 1063 1656 1093 .·
1694 1040 1860 1110 Kyrie
1892 1041 1957 1092 el.
1990 1040 2108 1092 etc.”
2132 1049 2227 1093 aut
2250 1042 2388 1093 inter
2410 1040 2721 1109 Sequuntur

698 1137 753 1182 et
776 1130 959 1181 Preces
982 1127 1485 1196 subintelligendum
1503 1127 1734 1196 reliquae,
1752 1137 1847 1180 aut
1869 1145 1963 1197 pro
1987 1129 2327 1180 annotatione
2349 1128 2717 1197 parenthetica

695 1215 811 1269 haec
848 1216 953 1268 duo
988 1217 1148 1268 verba
1194 1215 1506 1284 accipienda
1542 1223 1681 1268 sunt.
1755 1215 1824 1266 In
1862 1213 2081 1285 Proprio
2120 1215 2185 1268 de
2227 1215 2485 1284 Tempore
2527 1224 2713 1269 autem

697 1301 770 1373 (p.
788 1309 822 1356 4
841 1305 911 1373 a),
929 1305 985 1355 in
1005 1303 1222 1371 reliquis
1246 1303 1461 1372 quidem
1486 1320 1519 1355 a
1542 1303 1694 1355 nobis
1712 1303 1962 1371 inspeetis
1980 1302 2126 1355 libris
2141 1302 2335 1355 melitis
2350 1302 2546 1371 legitur
2564 1307 2595 1332 “
2610 1302 2711 1355 Se-

692 1400 924 1460 quuntur
961 1392 1124 1461 [unus
1147 1409 1177 1445 e
1199 1391 1345 1443 libris
1374 1392 1568 1444 nostris
1601 1391 1657 1443 in
1692 1390 1856 1443 Psalt.
1891 1391 2053 1443 etiam
2087 1393 2118 1419 “
2136 1388 2466 1459 Sequuntur]
2503 1390 2711 1442 Preces.

691 1477 859 1547 Kyrie
884 1478 948 1531 el.
974 1478 1116 1531 etc.'':
1163 1479 1220 1530 in
1261 1478 1447 1530 Douce
1484 1478 1602 1530 Ref.
1639 1477 1763 1530 vero
1788 1476 1858 1544 (V.
1885 1485 2068 1530 notam
2092 1495 2132 1528 e.
2159 1494 2210 1545 p.
2237 1476 2317 1545 vi)
2345 1477 2517 1546 magis
2540 1478 2709 1529 etiam

690 1564 933 1617 anomale
958 1566 1212 1634 scriptum
1242 1572 1337 1628 est,
1364 1569 1396 1594 ‘⁴
1415 1564 1681 1634 Kyrieley.
1721 1564 1793 1632 [v.
1828 1563 1897 1616 ad
1932 1581 1983 1632 p.
2021 1565 2086 1615 16
2120 1562 2183 1632 a]
2209 1563 2296 1615 iii.
2328 1572 2368 1624 ΊῘ
2402 1562 2716 1632 Sequuntur

683 1666 868 1717 preces.
942 1649 1315 1717 christeleyso.
1353 1649 1563 1701 iii.——''.
1605 1649 1735 1702 Post
1770 1649 2037 1701 “Preces''
2073 1656 2252 1702 autem
2287 1648 2440 1712 adde,
2477 1653 2508 1678 “
2529 1650 2612 1718 [ut
2649 1667 2705 1719 p.

692 1738 793 1786 107
819 1752 853 1787 a
873 1733 1016 1801 b].’':
1055 1734 1122 1787 ad
1147 1751 1306 1804 quem
1328 1736 1501 1787 locum
1520 1735 1585 1788 cf.
1606 1744 1783 1789 annot.
1812 1743 2059 1788 nostram.

755 1821 817 1871 in
846 1819 1215 1890 Conceptione]
1243 1821 1557 1889 Legendum
1590 1840 1713 1876 cum
1748 1822 1949 1892 Gough
1984 1826 2052 1874 68
2078 1820 2145 1889 (v.
2173 1826 2357 1876 notam
2389 1824 2430 1885 i,
2461 1841 2512 1892 p.
2539 1825 2702 1893 xxiii)

685 1914 739 1960 et
763 1907 948 1960 Douce
974 1908 1091 1960 Ref.
1118 1910 1178 1960 in
1203 1910 1691 1962 commmoratione.

752 1994 856 2047 Per
880 1995 1245 2064 sempiterna]
1280 1997 1425 2048 Corr.
1455 1996 1524 2048 In
1546 1997 1877 2066 sempiterna.

752 2080 955 2153 Compl.
981 2079 1072 2153 zj.)
1091 2082 1219 2135 Post
1241 2082 1353 2134 “ad
1381 2082 1609 2153 Compl.''
1645 2088 1677 2113 “
1693 2083 1849 2152 [unus
1874 2084 1936 2136 de
1957 2085 2213 2155 superiori
2234 2084 2473 2154 qradu]''‚
2498 2095 2552 2138 et
2573 2098 2702 2156 post

681 2169 987 2223 “Psalmos''
1013 2174 1044 2199 “
1068 2170 1394 2242 [incipiat]’',
1414 2187 1442 2224 e
1470 2171 1686 2243 Proprio
1711 2171 1776 2225 de
1801 2172 2061 2243 Tempore
2086 2174 2400 2225 inserantur.

744 2259 884 2310 Ante
909 2262 940 2287 “
959 2258 1254 2328 Hymnus.”
1305 2259 1502 2328 Gough
1528 2263 1596 2312 68
1621 2269 1675 2312 et
1700 2260 1885 2313 Douoe
1910 2260 2026 2313 Res.
2054 2262 2322 2313 inserunt:

748 2347 781 2372 “
805 2344 1079 2403 Quaeritur
1101 2354 1280 2396 utrum
1311 2345 1595 2414 aliquando
1628 2345 1826 2399 dieitur
1850 2346 1988 2399 alius
2014 2357 2193 2399 cantus
2217 2348 2277 2399 in
2310 2347 2461 2400 choro
2488 2347 2695 2401 Sarum

671 2432 703 2457 “
727 2447 879 2498 super
900 2428 1149 2498 hymnum
1174 2429 1414 2482 Salvator
1437 2435 1595 2499 quam
1619 2434 1715 2484 iste
1739 2444 1923 2486 cantus
1944 2435 2250 2504 subsequens
2265 2434 2299 2486 ,Ρ

744 2517 777 2542 “
802 2513 946 2581 [Hie
971 2515 1172 2567 notatio
1196 2516 1404 2568 musica
1427 2519 1725 2586 antiquitus
1748 2521 1947 2574 inserta
1969 2539 2080 2574 esse
2103 2520 2354 2590 wdetun]

742 2603 776 2629 “
794 2600 1116 2671 Responsum
1134 2612 1206 2654 est
1228 2603 1365 2672 quod
1380 2605 1593 2656 nonnisi
1619 2606 1679 2657 in
1706 2605 1870 2658 tribus
1893 2607 2073 2660 diebus
2097 2609 2156 2660 in
2180 2607 2497 2661 hebdomad&
2523 2609 2694 2663 Nati-

672 2691 705 2717 “
728 2689 923 2752 vitatis,
946 2690 1049 2741 viz.
1076 2690 1136 2742 in
1161 2690 1245 2742 die
1271 2689 1335 2743 S.
1364 2689 1640 2761 Stephani,
1668 2691 1729 2746 S.
1743 2692 1790 2745 J
1788 2693 2024 2758 ohanniS,
2043 2703 2091 2745 et
2113 2704 2406 2747 sanctorum
2429 2696 2692 2749 Innocen-

671 2776 704 2802 “
732 2776 881 2838 tium,
905 2777 998 2845 qui
1022 2786 1141 2829 sunt
1166 2788 1312 2830 extra
1336 2778 1584 2848 requlam.
1655 2780 1728 2833 In
1751 2782 1941 2850 quibus
1964 2782 2202 2835 omnibus
2237 2791 2416 2834 cantus
2440 2801 2690 2851 quorum-

670 2862 703 2888 “
728 2877 926 2928 cunque
961 2861 1269 2930 hymnorum
1295 2874 1463 2933 potest
1486 2867 1683 2919 variari
1713 2885 1811 2937 pro
1837 2867 2095 2920 voluntate
2129 2869 2448 2939 incipientis,
2465 2879 2690 2939 propter

669 2948 701 2974 “
730 2954 827 2997 tres
856 2944 1181 2999 solennitates
1218 2948 1298 3000 ibi
1335 2949 1608 3004 celebratas
1640 2963 1688 3005 et
1720 2953 1785 3006 ab
1822 2957 2035 3024 antiquo
2065 2957 2357 3026 permissas,
2380 2955 2492 3008 scil.
2528 2957 2689 3010 Levi-

667 3033 700 3059 “
728 3040 914 3094 tarum,
942 3030 1298 3100 Sacerdotum‚
1323 3045 1370 3087 et
1395 3037 1729 3091 Puerorum.''

735 3117 958 3170 Dicitur
980 3121 1160 3190 etiam]
1189 3122 1385 3192 Gough
1414 3128 1500 3177 68.
1528 3127 1666 3179 male
1692 3130 1890 3183 omittit
1913 3131 2084 3183 etiam.

672 3253 676 3260 .
736 3205 800 3256 Ρ.
822 3210 922 3258 102
946 3225 992 3260 a.
1025 3208 1214 3279 Compl.
1235 3208 1325 3281 zj.)
1353 3212 1569 3280 quando
1587 3214 1738 3283 D'ns]
1762 3215 1829 3268 In
1857 3216 2075 3287 Proprio
2100 3215 2165 3270 de
2184 3218 2461 3289 Tempore,
2486 3236 2683 3289 quem-

664 3292 959 3346 admodum
997 3298 1056 3348 in
1090 3296 1364 3368 Scriptura
1404 3299 1568 3353 Sacra
1606 3301 1685 3372 (v.
1714 3302 1885 3356 Marc.
1911 3305 2024 3356 xiii.
2052 3308 2140 3369 33,
2176 3309 2282 3370 353
2317 3314 2372 3360 et
2390 3306 2456 3360 cf.
2491 3324 2542 3359 v,
2570 3306 2677 3380 37)

663 3380 879 3449 quando
905 3382 1037 3436 D'ns
1060 3383 1267 3437 domfiS.

731 3470 931 3539 veniet]
961 3471 1027 3523 In
1055 3472 1195 3526 Bibl.
1215 3473 1377 3544 Vulg.
1402 3475 1590 3527 veniat.
1618 3475 1713 3530 Gr.
1740 3474 1953 3538 ἔρχεται.
