2910 4457
542 406 663 472 144

535 558 590 605 in
608 554 890 616 laboribus,
915 559 967 603 et
978 554 1258 618 complevit
1279 553 1486 604 labores
1502 552 1565 601 il-

536 622 655 672 lius·
688 621 868 687 major.
902 618 1100 670 Psalmi
1121 619 1373 670 Ferialee.

759 701 948 766 Cap'm.
973 702 1159 764 (Eccl’i
1180 706 1260 751 44.
1287 701 1370 765 C.)

626 782 729 817 cca
748 767 1003 818 Sacerdos
1026 784 1248 835 magnus
1273 769 1364 832 qui
1386 770 1441 817 in
1462 766 1568 817 die·

639 835 737 884 bus
756 835 863 883 suis
886 834 1082 898 placuit
1099 836 1229 896 Deo,
1256 843 1308 883 et
1323 835 1570 883 inventus

537 908 616 950 est
640 902 842 964 justus3
879 909 930 949 et
958 901 1013 949 in
1036 905 1266 964 tempore
1288 899 1571 950 iracundiae

535 967 703 1016 factus
717 972 810 1015 est
830 966 1207 1015 reconciliatio·

608 1048 829 1110 Quando
873 1048 930 1097 ix
969 1048 1204 1097 lectiones
1241 1048 1322 1098 vel
1354 1047 1428 1112 iz),
1462 1063 1574 1096 cum

525 1116 754 1182 propria
797 1113 1025 1174 historia,
1065 1115 1145 1163 vel
1194 1130 1304 1161 cum
1335 1112 1573 1177 propriis

535 1181 818 1242 Laudibus,
838 1179 1118 1236 habentur,-
1140 1187 1188 1228 et
1212 1179 1363 1228 eriam
1391 1179 1450 1227 in
1474 1195 1574 1227 om-

533 1248 684 1297 nibus
694 1246 848 1312 festis
882 1244 1042 1294 Unius
1079 1243 1229 1310 Gonf.
1266 1253 1313 1293 et
1336 1242 1488 1293 Pont.
1516 1244 1575 1292 in

546 1313 789 1376 Tempore
843 1308 1089 1360 Paschali
1144 1310 1547 1376 continyentibus
1557 1327 1575 1369 ;

535 1388 658 1428 tunc
674 1378 746 1427 ad
762 1384 1003 1441 utrasque
1045 1376 1202 1440 Vesp„
1238 1385 1285 1426 et
1308 1376 1381 1426 ad
1406 1375 1575 1438 Mat's,

537 1453 586 1496 et
635 1443 709 1493 ad
753 1442 990 1504 Tertt'am,
1041 1441 1248 1492 dicatur
1302 1442 1395 1492 hoc
1450 1440 1574 1506 Cap.

537 1512 677 1560 Ecce
707 1508 961 1559 Sacerdos
995 1509 1363 1572 supradictum.
1398 1508 1473 1558 Et
1504 1507 1577 1557 ad

539 1574 752 1627 Sextum
814 1574 938 1638 Gap.
990 1574 1432 1624 Benedictionem.
1487 1572 1578 1623 Ad

538 1642 744 1692 Nonam
767 1640 889 1704 Gap.
927 1640 1192 1705 Cognovit
1210 1656 1342 1689 eum.
1381 1639 1451 1688 Ιπ
1474 1657 1575 1689 om-

536 1708 685 1757 nibus
712 1724 831 1756 vero
859 1706 978 1755 aliis
1031 1705 1161 1767 escis,
1197 1714 1301 1754 tam
1328 1706 1391 1771 izj
1425 1721 1578 1770 quam

536 1775 593 1823 ix
622 1775 728 1834 lec„
759 1772 919 1821 Unius
991 1772 1099 1837 ons.
1124 1779 1171 1821 et
1196 1769 1364 1832 Pont„
1384 1771 1577 1821 dicitur

539 1839 612 1889 ad
619 1839 823 1903 primas
854 1835 1099 1901 Vesper-as
1117 1845 1329 1886 tantum.

605 1907 666 1968 Β.
684 1905 837 1953 Miles
859 1902 1051 1952 Christi
1070 1903 1121 1966 (ξ
1141 1904 1242 1966 61).
1323 1901 1577 1967 Hymnus.

594 1985 689 2019 sue
712 1970 996 2020 Confessor
1015 1970 1228 2018 Domini
1248 1978 1498 2030 sacratus,

537 1984 765 2099 HFesta
786 2035 937 2101 plebs
958 2036 1107 2099 cujus
1134 2035 1363 2084 celebrat
1385 2051 1478 2100 per
1496 2051 1576 2085 or-

1178 2101 1313 2162 bem,

538 2168 711 2218 Hodie
729 2167 881 2216 laetus
905 2167 1092 2216 meruit
1111 2173 1310 2216 secreta

737 2234 999 2284 Scandere
1019 2234 1152 2284 coeli.

541 2299 646 2361 Qui
661 2299 796 2364 pius,
815 2300 1059 2365 prudens,
1077 2300 1304 2362 humilis,
1323 2299 1545 2363 pudicus

543 2366 775 2428 Sobrius,
797 2373 971 2415 castus
991 2367 1102 2427 fuit,
1124 2373 1176 2415 et
1194 2366 1430 2429 quietus3

540 2431 665 2480 Vita
683 2432 808 2481 dum
825 2448 1055 2496 praesens
1074 2433 1345 2498 vegetavit
1355 2432 1479 2494 ‘ejus

742 2497 988 2562 Corporis
1006 2504 1165 2547 artus.

543 2561 627 2611 Ad
640 2578 842 2612 sacrum
856 2564 1003 2626 cujus
1015 2564 1270 2612 tumulum
1281 2564 1581 2628 stequenter

541 2628 778 2679 Membra
800 2629 1140 2694 languentum
1166 2629 1321 2679 modo
1348 2631 1577 2693 sanitati,

544 2693 792 2754 Quolibet
807 2695 987 2745 morbo
1006 2696 1197 2744 fuerint
1214 2701 1447 2762 gravata,

739 2761 1115 2811 Restituuntur.

543 2826 695 2877 Unde
712 2844 855 2878 nunc
871 2833 1048 2878 noster
1067 2826 1254 2877 chorus
1278 2827 1333 2876 in
1351 2827 1552 2878 honore

544 2892 568 2940 Ι
606 2894 715 2943 sius
739 2894 992 2958 hymnum
1012 2895 1151 2943 canit
1168 2894 1310 2944 hunc
1326 2894 1577 2956 libenter3

595 2964 615 3006 t
635 2960 735 3023 piis
755 2961 865 3023 ejus
884 2961 1079 3009 meritis
1089 2961 1334 3023 juvemur

742 3026 909 3076 Omne
965 3042 1019 3074 er
1037 3042 1220 3076 aevum.

544 3090 622 3139 Sit
638 3091 781 3140 salus
799 3091 892 3153 illi,
950 3106 1087 3152 ecus,
1106 3099 1263 3156 atque
1281 3093 1464 3153 virtu-«1,

547 3157 665 3218 Qui,
683 3173 840 3222 supra
858 3158 978 3206 coeli
993 3158 1228 3208 residens
1248 3173 1515 3219 cacumen,

545 3224 731 3273 Totius
749 3224 933 3272 mundi
954 3224 1247 3273 machinam
1263 3223 1537 3290 gubernat,

741 3291 933 3338 Trinus
953 3295 1004 3338 et
1025 3306 1175 3339 unus.
1210 3290 1395 3338 Amen.

612 3371 650 3437 ἕ
674 3371 830 3438 58.)
861 3371 950 3425 Vs.
981 3372 1193 3421 Amavit
1223 3388 1340 3421 eum
1369 3368 1501 3430 D‘fis,
1532 3374 1585 3419 et

548 3442 753 3490 ornavit
781 3456 912 3489 eum.
940 3440 1032 3502 Βο.
1053 3438 1199 3488 Stola
1215 3436 1396 3503 gloriae
1412 3435 1584 3485 induit

550 3522 683 3557 eum.

613 3587 751 3637 Ana.
769 3587 1055 3637 Confessor
1083 3583 1190 3634 D‘fii
1222 3583 1305 3645 N„
1327 3588 1584 3633 astantem

547 3653 755 3718 plebem
788 3653 1069 3703 corrobora
1087 3657 1268 3701 sancta
1288 3651 1583 3699 intercessi-

550 3734 674 3779 one;
694 3725 753 3768 ut
769 3719 857 3782 qui
874 3720 1119 3768 vitiorum
1141 3716 1370 3782 pondere
1433 3716 1584 3764 remi-

547 3800 676 3845 mur,
687 3784 1029 3834 beatitudinis
1046 3790 1148 3833 tuae
1158 3783 1328 3849 gloria
1339 3798 1403 3832 su
1439 3781 1585 3831 leve-

1182 421 1420 460 connum:
1449 419 1595 460 mnus
1624 415 1955 459 cowssssoms
1983 415 2044 454 Er

2434 398 2486 463 (ς
2513 399 2709 449 57-59

1663 566 1792 611 mur,
1806 554 1856 598 et
1872 553 1924 598 te
1942 547 2075 597 duce
2093 551 2285 597 aeterna
2299 548 2511 611 praemia
2525 562 2710 597 conse·

1666 630 1896 680 quamur.
1907 612 1994 663 Pa.
2009 613 2312 678 Magnificat
2321 612 2391 677 (p.
2406 614 2510 676 99).
2571 611 2711 662 Or'o.

1760 692 2077 729 umrormvs
2101 680 2413 743 sempiterne
2431 679 2596 740 DeuS,
2619 679 2710 743 qui

1761 762 1856 796 nos
1867 745 2009 795 beati
2018 744 2101 806 N„
2123 745 2451 794 confessoris
2462 745 2544 793 tui
2553 750 2712 808 atque

1668 811 1954 872 Pontificis,
1981 811 2237 860 hodierna
2262 811 2546 860 festivitate
2580 809 2711 859 laeti·

1667 879 1825 938 ficas;
1854 885 1995 926 tuam
2026 877 2288 941 supplices
2308 891 2589 926 exoramus
2609 875 2712 924 cle·

1667 944 1932 1006 incutiam,
1965 950 2023 992 ut
2051 944 2198 1006 cujus
2233 942 2473 992 solennia
2503 941 2713 991 devotis
2804 961 2805 966 ¹

1671 1009 1853 1061 officiis
1864 1024 2186 1070 veneramur,
2207 1008 2316 1071 ejus
2330 1008 2430 1073 piis
2444 1007 2713 1073 suffrag-iis

1671 1082 1875 1127 aeternae
1903 1076 2024 1124 vitae
2052 1074 2282 1124 remedia
2310 1088 2713 1137 consequamur.

1671 1145 1787 1192 Per.
2364 1139 2491 1188 Alia
2517 1137 2714 1188 Oratio.

1772 1221 1829 1269 A,
1857 1221 2153 1270 quaesumus
2182 1206 2513 1270 omnipotens
2546 1205 2714 1265 Deus,

1670 1221 1770 1333 [ὦ
1787 1279 1847 1322 ut
1862 1271 2002 1322 beati
2018 1271 2103 1334 N„
2124 1270 2452 1321 Confessoris
2464 1271 2544 1320 tui
2556 1276 2715 1334 atque

1672 1338 1960 1399 Pontificis,
1998 1338 2298 1387 veneranda
2342 1337 2635 1386 solennitas
2665 1341 2718 1385 et

1676 1404 2007 1454 devotionem
2024 1402 2177 1453 nobis
2195 1409 2385 1470 augeat
2401 1409 2452 1452 et
2470 1402 2715 1453 salutem.

1674 1472 1789 1520 Per.

1740 1537 1780 1587 Ἰ
1804 1535 1930 1586 Oam
1955 1550 2074 1585 vero
2100 1534 2206 1584 duo
2216 1534 2362 1600 festa
2378 1534 2534 1584 unius
2564 1532 2718 1598 Conf-

1675 1609 1723 1652 et
1753 1600 1907 1651 Pom.
1936 1601 2087 1651 simul
2111 1600 2417 1665 contiqerim
2430 1638 2442 1662 ,
2472 1608 2598 1649 tunc

1673 1668 1917 1718 memoria
1933 1667 1998 1716 de
2026 1666 2276 1731 aliofesto
2307 1666 2532 1716 cumbae
2562 1665 2613 1714 A
2701 1683 2717 1713 .·

1677 1732 1926 1784 Similabo
1947 1749 2065 1782 eum
2086 1733 2202 1782 viro
2222 1734 2462 1797 sapienti,
2483 1733 2575 1796 qui
2595 1730 2718 1780 aedi-

1675 1800 1854 1850 ficavit
1880 1798 2088 1848 domum
2116 1814 2265 1847 suam
2290 1814 2448 1862 supra
2479 1805 2703 1862 petram.

1741 1864 1829 1918 vs.
1852 1866 1889 1915 J
1892 1870 2065 1915 ustum
2093 1863 2307 1913 deduxit
2326 1863 2460 1929 [D‘fis
2479 1879 2575 1928 per
2601 1864 2721 1912 vias

1675 1938 1860 1982 rectas.
1907 1933 1998 1994 Ro.
2028 1932 2097 1980 Et
2127 1930 2354 1979 ostendit
2386 1930 2465 1978 illi
2492 1944 2721 1996 regnum

1677 1995 1819 2112 Deg.

1795 2062 1929 2112 ratio
1952 2069 2011 2111 ut
2033 2061 2188 2111 decet.

1740 2126 1779 2195 ἕ
1807 2125 1926 2186 59.
1988 2128 2075 2176 An
2100 2127 2452 2188 MAwrmAs,
2479 2124 2726 2192 Infestis

1673 2195 1729 2246 ix
1741 2197 1846 2259 lec„
1865 2212 1922 2246 ve
1954 2194 2030 2260 iij.
2043 2210 2153 2260 quoe
2164 2192 2349 2243 habent
2360 2192 2727 2243 invitatorium

1679 2262 1886 2327 duplex,
1906 2260 2021 2311 I‘nv.
2034 2261 2209 2309 Unum
2221 2260 2392 2309 Deum
2408 2260 2464 2307 in
2483 2260 2726 2308 trinitate

1679 2329 1901 2378 fideliter
1934 2327 2232 2376 adoremus:
2269 2326 2432 2389 Cujus
2471 2325 2577 2374 fide
2601 2327 2725 2375 Deo

1678 2395 1810 2444 vivit
1842 2400 2055 2444 sanctus
2079 2392 2278 2442 Praesul
2303 2391 2370 2440 N.
2404 2389 2495 2441 Po.
2528 2391 2729 2440 Venite

1680 2460 1735 2526 (p
1745 2525 1815 2575 In
1841 2525 1996 2591 festis
2036 2524 2100 2590 iv·
2128 2525 2218 2574 lec.
2252 2522 2459 2588 quando
2500 2522 2609 2572 inv.
2655 2531 2732 2573 est

1676 2593 1920 2657 simplex,
1955 2589 2069 2639 Inv.
2105 2592 2301 2655 Regem
2340 2589 2729 2638 Confessorum

1677 2658 1835 2719 Dfim,
1846 2658 2032 2707 Venite
2048 2653 2380 2722 [adoremus].
2406 2653 2494 2704 Pe.
2510 2654 2729 2705 Venite.

1744 2724 1998 2789 Hymnus,
2023 2722 2127 2772 Iste
2154 2721 2440 2770 Confessor
2465 2720 2519 2784 (ὃ
2549 2722 2662 2785 57).

1744 2791 1810 2839 ΙΝ
1843 2792 2027 2839 Pmmo
2061 2789 2226 2836 Nocr.
2250 2787 2375 2836 Ant.
2412 2787 2614 2835 Beatus
2649 2787 2732 2835 vir

1681 2858 1770 2920 qui
1792 2857 1848 2905 in
1869 2856 1986 2929 lege
2009 2852 2118 2904 Dffi
2142 2853 2445 2903 meditatur:
2469 2852 2733 2902 voluntas

1681 2924 1793 2986 ejus
1811 2926 2077 2989 permanet
2096 2920 2178 2969 die
2197 2935 2260 2970 ac
2275 2925 2459 2983 nocte3
2482 2924 2535 2967 et
2547 2920 2734 2967 omnia

1682 3004 2007 3053 quaecunque
2035 2987 2193 3036 faciet
2215 3001 2418 3049 semper
2442 3000 2733 3050 prospera-

1681 3055 1892 3104 buntur.
1929 3053 2016 3103 Pe.
2040 3054 2234 3101 Beatus
2255 3051 2337 3099 vir
2363 3050 2435 3115 (p.
2466 3050 2533 3113 1).

1747 3120 1814 3170 A.
1850 3122 2046 3170 Beatus
2082 3119 2181 3167 iste
2213 3117 2436 3166 Sanctus
2471 3117 2567 3180 qui
2600 3132 2737 3167 con·

1682 3187 1809 3236 fisus
1828 3192 1907 3236 est
1924 3188 1979 3235 in
1997 3182 2146 3233 D‘fio:
2171 3183 2476 3249 praedicavit
2492 3198 2739 3248 praecep·

1680 3259 1791 3302 tum
1819 3250 1953 3301 Dffi:
1992 3251 2305 3300 constitutus
2338 3254 2418 3296 est
2451 3249 2508 3296 in
2546 3257 2738 3300 monte

1684 3324 1867 3367 sancto
1905 3319 2035 3382 ejus.
2071 3314 2159 3365 Pa.
2196 3315 2367 3375 Quare
2398 3314 2741 3366 fremuerunt

1683 3384 1829 3498 (ΡΑ.)
1852 3450 1934 3497 Tu
1969 3463 2025 3496 es
2064 3446 2234 3512 gloria
2257 3460 2400 3505 mea;
2434 3450 2494 3494 tu
2519 3462 2580 3495 es
2617 3462 2742 3497 sus-

1685 3522 1865 3582 ceptor
1881 3529 2043 3575 meus,
2062 3511 2206 3573 Di'1e3
2232 3518 2287 3561 tu
2307 3510 2552 3561 exaltans
2572 3520 2745 3579 caput

1681 3596 1880 3640 meum3
1928 3585 1981 3628 et
2020 3579 2279 3628 exaudisti
2317 3592 2400 3626 me
2440 3577 2506 3627 de
2550 3586 2745 3629 monte

1684 3652 1868 3698 sancto
1882 3653 1988 3697 tuo·
2001 3643 2088 3694 Pe.
2100 3644 2235 3707 Dfie,
2256 3643 2379 3708 quid
2390 3644 2747 3711 multiplicati

1685 3712 1852 3841 (9⁶15ss
1876 3778 2086 3828 Amavit
2110 3793 2229 3826 eum
2253 3774 2305 3839 (ἓ
2329 3775 2433 3839 58).
