2910 4457
560 341 640 402 26
1157 364 1429 406 nonnum
1482 366 1685 406 raam

560 476 798 539 Sodoma)
833 478 1248 539 praedicaverunt,
1291 493 1381 530 nec
1426 481 1544 529 abs-

559 541 948 589 conderunt.Vae
959 540 1143 590 animae
1158 555 1350 591 eorum:
1365 543 1543 602 quoni·

560 614 645 651 am
657 603 847 651 reddita
859 608 978 650 sunt
992 604 1064 651 eis
1073 605 1224 653 mala.
1234 603 1338 666 [fl.]
1355 605 1544 667 1321.Ec-

561 676 616 712 ce
639 664 895 723 apparebit
917 665 1023 712 Diis
1041 677 1190 725 super
1214 668 1398 715 nubem
1421 680 1543 715 can-

560 727 752 784 didam,
769 731 945 774 etcum
959 739 1016 775 eo
1037 733 1328 777 sanctorum
1343 730 1506 777 millia
1526 744 1539 779 z

560 786 753 836 habens
783 789 837 835 in
872 789 1170 838 vestimento
1190 796 1239 838 et
1272 792 1325 839 in
1357 791 1543 839 femore

561 862 653 898 suo
696 850 943 909 scriptum
975 866 988 898 :
1014 853 1119 900 Rex
1155 865 1334 913 regum
1368 858 1416 902 et
1446 853 1542 901 Do-

561 910 738 960 minus
756 911 1153 963 dominantium.
1175 913 1237 976 ylt.
1262 915 1542 975 Apparebit

561 973 616 1021 in
639 974 820 1033 finem,
845 981 893 1022 et
915 988 1014 1022 non
1038 978 1340 1025 mentietur:
1363 976 1409 1025 si
1431 990 1542 1025 mo-

562 1047 674 1083 ram
706 1034 890 1095 fecerit,
910 1043 1108 1096 expecta
1136 1051 1284 1100 eum;
1307 1040 1427 1100 quia
1457 1051 1542 1087 ve-

562 1098 711 1147 niens
735 1097 917 1147 veniet.
941 1100 1045 1147 Rex
1071 1112 1268 1159 regum.

624 1159 804 1221 Lec.ij.
823 1160 983 1208 Dicite
987 1162 1007 1221 j
1016 1167 1126 1210 usto
1136 1163 1378 1223 quoniam
1389 1163 1515 1211 bene
1530 1177 1544 1212 t

562 1222 805 1280 quoniam
849 1221 1069 1272 fructum
1118 1225 1539 1274 adinventionum

557 1295 770 1331 suarum
796 1286 1038 1334 comedet.
1064 1286 1149 1334 Vae
1175 1288 1331 1346 impio
1352 1288 1405 1335 in
1427 1299 1540 1335 ma-

559 1343 668 1392 lum
695 1359 708 1394 :
727 1346 989 1395 retributio
1005 1348 1142 1396 enim
1162 1362 1409 1397 manuum
1427 1349 1540 1409 eius

556 1406 644 1455 fiet
657 1407 721 1455 ei.
733 1407 984 1468 Populum
1008 1422 1180 1459 meum
1196 1416 1444 1461 exactores
1457 1410 1541 1459 sui

557 1469 900 1527 spoliaverunt
920 1476 994 1521 :et
1013 1473 1253 1522 mulieres
1267 1474 1539 1522 dominatae

557 1535 679 1578 sunt
693 1532 782 1580 εἰς.
799 1532 987 1592 Populo
1007 1546 1170 1593 meuS,
1188 1536 1278 1596 qui
1295 1536 1473 1584 dicunt
1493 1540 1541 1584 te

557 1592 786 1653 beatum,
817 1594 914 1654 ipsi
937 1600 985 1645 te
1008 1597 1287 1657 decipiunt,
1330 1603 1379 1646 et
1400 1598 1537 1646 viam

559 1664 828 1713 gressuum
861 1663 1067 1705 tuorum
1110 1658 1378 1719 dissipant.
1418 1659 1539 1707 Haec

557 1715 699 1763 dicit.
732 1728 779 1778 13²
808 1716 858 1765 2.
891 1719 1181 1768 Bethlehem
1226 1720 1404 1770 civitas
1446 1720 1539 1769 Dei

557 1778 770 1836 summi,
807 1791 864 1827 ex
905 1785 952 1829 te
983 1781 1110 1829 exiet
1130 1784 1427 1831 Dominator
1463 1783 1541 1831 Is-

556 1838 659 1886 rael
686 1854 699 1888 ε
721 1845 770 1887 et
788 1852 1023 1899 egressus
1053 1842 1164 1902 ejus
1188 1845 1320 1892 sicut
1343 1857 1372 1892 a
1396 1845 1540 1904 prin-

553 1899 686 1960 cipio
706 1900 906 1950 dierum
923 1905 1219 1954 (eternitatis
1236 1921 1250 1954 z
1267 1912 1316 1954 et
1335 1908 1539 1967 magni-

553 1961 790 2010 ficabitur
822 1965 875 2012 in
907 1966 1073 2014 medio
1094 1968 1344 2017 universae
1372 1972 1536 2018 terrae.

553 2023 619 2073 Et
640 2036 734 2085 pax
756 2026 852 2074 erit
880 2026 931 2074 in
964 2032 1098 2078 terra
1122 2035 1291 2079 nostra
1311 2032 1437 2080 dum
1461 2043 1540 2080 ve·

556 2089 708 2137 nerit.
724 2084 786 2150 Ῠ.
803 2089 1058 2149 Loquetur
1076 2103 1245 2151 pacem
1275 2094 1535 2154 gentibus3

552 2153 604 2197 et
643 2154 859 2208 potestas
888 2152 1000 2211 ejus
1025 2166 1067 2201 a
1098 2154 1231 2203 mari
1276 2168 1439 2217 usque
1473 2158 1536 2205 ad

555 2222 715 2261 mare.
739 2213 804 2261 Et
827 2225 938 2273 pax.

619 2273 731 2322 Leo.
774 2275 852 2336 iij.
922 2277 1033 2325 Stat
1085 2278 1149 2326 ad
1197 2277 1537 2338 iudicandum

554 2334 692 2398 Diis3
717 2341 765 2385 et
785 2341 885 2385 stat
903 2339 965 2386 ad
985 2339 1288 2399 judicandos
1311 2344 1537 2402 populoS.

554 2396 665 2444 Diis
696 2398 758 2446 ad
800 2398 1054 2457 judicium
1106 2404 1274 2451 veniet
1303 2416 1419 2452 cum
1461 2417 1540 2454 se-

554 2458 708 2506 nibus
750 2461 923 2519 populi
964 2463 1071 2520 sui,
1116 2467 1164 2510 et
1217 2465 1539 2524 principibus

551 2520 595 2580 ej
604 2533 683 2570 uS.
703 2520 805 2570 Vos
823 2522 962 2570 enim
985 2524 1178 2583 depasti
1192 2528 1315 2574 estis
1332 2528 1538 2578 vineam

552 2594 719 2630 meam
740 2588 825 2632 :et
848 2586 1029 2644 rapina
1054 2589 1289 2646 pauperis
1311 2588 1362 2636 in
1386 2590 1538 2640 domo

550 2650 733 2693 vestra.
790 2646 961 2705 Quare
1016 2649 1232 2698 atteritis
1291 2653 1537 2711 populum

550 2719 742 2767 meum,
765 2713 815 2755 et
844 2707 994 2758 iacies
1018 2723 1296 2770 pauperum
1321 2726 1541 2765 commo-

551 2768 657 2817 litis
699 2785 712 2819 ε
754 2770 878 2818 dicit
910 2772 1018 2820 Diis
1053 2775 1383 2825 exercituum.
1419 2779 1539 2828 Haec

550 2831 693 2880 dicit.
715 2842 762 2891 152
782 2833 829 2881 3.
855 2833 957 2893 Qui
981 2842 1228 2885 venturus
1257 2843 1332 2886 est
1354 2841 1535 2900 veniet,

552 2898 603 2941 et
626 2905 728 2940 non
753 2896 973 2944 tardabit
991 2897 1127 2956 :jam
1152 2911 1252 2948 non
1273 2901 1370 2950 erit
1385 2903 1540 2951 timor

549 2954 605 3002 in
644 2955 835 3004 finibus
873 2961 1076 3009 nostris.
1127 2960 1385 3021 Quoniam
1431 2966 1539 3026 ipse

551 3020 628 3066 est
645 3016 874 3066 Salvator
898 3025 1085 3071 noster.
1107 3020 1168 3084 is.
1191 3025 1539 3085 Deponetom-

549 3090 640 3128 nes
662 3078 956 3140 iniquitates
995 3089 1210 3146 nostras,
1238 3093 1288 3136 et
1311 3088 1539 3148 projiciet

553 3153 584 3190 a
605 3141 753 3190 nobis
772 3143 945 3192 omnia
966 3152 1163 3204 peccata
1182 3155 1371 3199 nostra.
1395 3154 1538 3212 Quo-

553 3203 716 3252 niam.
742 3204 934 3255 Gloria.
959 3207 1236 3268 Quoniam.

611 3266 674 3314 ῙΝ
706 3267 758 3315 11
798 3268 960 3318 NocT.
980 3270 1115 3333 fiant
1150 3273 1324 3322 medua
1369 3271 1540 3321 lectio-

551 3338 642 3376 ms
689 3329 752 3376 de
799 3342 1027 3380 sermone
1080 3332 1212 3382 beati
1263 3335 1540 3394 Aayustini

549 3402 576 3437 e
622 3389 770 3452 ‘scopi
793 3392 854 3440 de
884 3395 1080 3442 unitate
1105 3396 1378 3445 Trinitatis
1398 3401 1447 3445 et
1477 3399 1538 3446 da

585 3455 920 3515 ott-amatione
943 3455 1068 3504 Βῆί.

620 3514 732 3565 Leo.
753 3517 850 3578 iiij.
872 3519 1115 3578 Legimus
1133 3523 1369 3568 sanctum
1390 3519 1537 3582 Moy-

1730 365 2011 408 novamus
