2910 4457
226 464 257 525 5
280 464 362 525 81,
386 459 469 524 82)

224 606 552 660 circundedit
582 621 681 654 me.
723 606 794 654 Et
821 608 1070 668 tanquam
1100 620 1258 670 spon·

223 691 340 727 sam
364 672 631 722 decoravit
647 687 728 719 me
749 686 957 720 corona.
987 669 1053 723 V.
1077 671 1258 720 Tradi-

224 742 301 792 dit
318 738 532 789 auribus
559 738 689 786 meis
710 737 1098 786 inaestimabiles
1126 753 1257 785 mar·

221 808 441 874 garitas,
475 809 530 852 et
560 802 886 852 circundedit
918 819 1000 852 me
1035 818 1257 852 vernan-

220 873 364 923 tibus
400 876 554 934 atque
588 870 982 921 coruscantibus
1022 870 1256 935 gemmis.

220 940 291 989 Et
316 935 445 1003 [cea]
1045 932 1165 984 Lec.
1189 935 1255 1000 ψ’.

356 1015 554 1050 munu-
610 1016 709 1049 nos
755 1000 941 1065 Virgo,
988 1015 1097 1049 non
1140 1001 1254 1050 viro

308 1068 484 1135 plena,
509 1066 600 1116 sed
623 1067 824 1132 spiritu.
860 1068 1003 1115 Parit
1024 1081 1122 1115 nos
1140 1067 1256 1115 Vir-

221 1151 311 1201 g0‚
358 1150 466 1183 non
514 1148 632 1182 cum
678 1132 855 1181 dolore
895 1133 1254 1188 membrorum,

221 1200 317 1251 sed
353 1216 472 1249 cum
496 1197 701 1263 gaudiis
731 1197 1048 1263 angelorum.
1083 1199 1257 1247 Nutrit

221 1283 322 1316 nos
347 1266 529 1329 Virgo,
572 1280 680 1313 non
713 1264 944 1329 corporis
969 1264 1118 1324 lacte,
1162 1263 1255 1312 sed

220 1331 479 1397 apostoli,
506 1345 624 1379 cum
645 1330 900 1380 infirmam
924 1329 1093 1378 adhuc
1119 1344 1255 1378 cres-

221 1400 389 1448 centis
409 1396 592 1461 populi
603 1395 819 1444 lactavit
842 1400 1061 1444 aetatem.
1084 1395 1254 1461 Virgi-

221 1467 363 1514 nitas
388 1463 492 1512 Dei
517 1461 710 1510 donum
734 1466 828 1522 est,
851 1476 1040 1509 munus
1060 1462 1254 1509 Paren-

218 1532 305 1592 tis,
363 1527 716 1578 sacerdotium
760 1527 1033 1575 castitatis.
1090 1527 1252 1592 Virgo

218 1597 406 1645 Matris
442 1593 695 1643 Ecclesiae
735 1593 925 1641 Hostia
958 1598 1061 1655 est,
1106 1594 1253 1656 cujus

222 1661 533 1725 quotidiano
558 1659 816 1708 sacrificio
836 1660 918 1708 vis
944 1659 1122 1707 divina
1144 1659 1255 1723 pla-

222 1735 387 1777 catur.
412 1726 576 1790 Virgo
598 1731 675 1773 est
691 1724 945 1786 Ecclesia,
970 1741 1125 1788 quam
1149 1731 1255 1773 stu-

221 1792 334 1843 duit
357 1791 651 1857 Apostolus
672 1791 930 1856 virginem
953 1797 1151 1839 castam
1174 1807 1255 1839 as-

221 1861 431 1925 signare
460 1856 686 1905 Christo.
720 1857 882 1922 Virgo
909 1864 987 1905 est
1008 1857 1143 1905 Filia
1172 1856 1255 1905 ‚Si-

222 1941 316 1986 on;
353 1924 522 1987 Virgo
560 1929 638 1971 est
662 1923 847 1972 civitas
883 1923 984 1971 ista
1005 1923 1255 1986 Hjerusa-

219 1992 324 2040 lem
347 2005 470 2054 quae
490 1990 547 2037 in
572 1988 705 2038 coelo
730 1996 823 2050 est,
860 1989 914 2036 in
940 2003 1094 2051 quam
1125 1987 1256 2037 nihil

217 2058 381 2107 intrat
406 2071 682 2106 commune
707 2059 862 2118 atque
885 2054 1221 2102 immundum.

285 2124 332 2186 Bc
356 2126 402 2172 6.
437 2119 581 2171 Audi
602 2120 711 2169 filia
736 2128 786 2169 et
816 2120 953 2181 vide,
989 2125 1041 2168 et
1057 2119 1255 2168 inclina

220 2204 311 2238 aur
319 2204 401 2237 em
416 2193 562 2236 tuam
578 2203 590 2249 ;
610 2192 663 2235 ct
681 2186 991 2238 obliviscere
1003 2185 1255 2252 populum

219 2260 385 2316 tuum,
413 2259 468 2303 et
490 2254 700 2302 domum
724 2254 885 2318 patris
909 2253 1001 2301 tui.
1036 2254 1107 2301 Et
1129 2267 1253 2301 con-

220 2321 457 2384 cupiscet
495 2320 608 2368 Rex
645 2320 872 2400 speciem
901 2325 1071 2367 tuam:
1113 2318 1253 2378 Quo-

219 2388 363 2436 niam
385 2387 501 2450 ipse
521 2390 602 2434 est
618 2387 733 2434 Dns
755 2386 899 2434 Deus
924 2392 1058 2433 tuus,
1082 2382 1148 2437 V.
1167 2386 1253 2432 In-

221 2452 347 2501 duet
380 2458 430 2500 te
464 2449 581 2500 Dfis
615 2453 929 2500 vestimento
965 2449 1166 2512 salutiS‚
1203 2455 1255 2498 et

216 2518 528 2567 indumento
575 2517 769 2566 laetitiae
820 2516 1142 2566 circundabit
1185 2523 1253 2565 te.

218 2586 287 2633 Et
311 2583 652 2648 concupiscet
679 2582 808 2649 [Rex
826 2611 892 2620 -
916 2584 982 2632 D.
1008 2584 1075 2631 D.
1095 2581 1252 2647 tuus].

219 2651 402 2699 Gloria
428 2648 512 2715 [—
534 2650 621 2715 Sp.
648 2647 717 2714 S.]
746 2650 1005 2711 Quoniam
1026 2647 1156 2714 [ipse
1175 2657 1256 2698 est

217 2717 287 2765 D.
311 2718 380 2765 D.
400 2714 567 2780 tuus].

288 2778 327 2846 ὃ
356 2779 513 2848 82.)
551 2782 617 2830 ΙΝ
641 2781 716 2828 ΠΙ
739 2781 905 2830 Νοετ.
934 2778 999 2828 A.
1024 2780 1154 2830 Haec
1177 2786 1257 2829 est

221 2864 340 2911 quae
362 2849 591 2897 nescivit
615 2854 785 2895 torum
815 2848 870 2895 in
909 2845 1132 2895 delicto:
1164 2847 1256 2895 ha-

218 2913 368 2965 bebit
397 2916 624 2963 fructum
656 2914 712 2961 in
745 2913 1029 2961 refectione
1061 2914 1255 2962 anima-

218 2996 335 3028 rum
367 2988 682 3029 sanctarum.
704 2976 792 3028 Pe.
820 2979 1039 3028 Cantate
1062 2977 1202 3028 Dfio.
1208 2978 1254 3044 j.

222 3045 358 3161 (ΡΑ.
392 3046 558 3176 Ιέῖίςτα
581 3125 714 3172 sum,
748 3109 840 3160 sed
868 3111 1109 3171 formosa,
1134 3109 1257 3160 filiae

217 3177 583 3242 Hjerusalem:
623 3176 741 3225 ideo
784 3175 966 3224 dilexit
1003 3192 1088 3225 me
1127 3177 1256 3239 Rex,

221 3249 274 3292 et
290 3244 582 3293 introduxit
598 3257 680 3290 me
697 3243 752 3290 in
770 3241 1069 3292 cubiculum
1087 3257 1255 3292 suum.

221 3307 309 3359 Pa.
326 3310 590 3359 Dominus
617 3309 887 3372 regnavit;
915 3306 1134 3374 [exultet
1155 3313 1255 3357 ter·

221 3390 294 3423 ra.
361 3412 373 3424 .
400 3379 477 3425 73.

291 3391 356 3489 Δῖ
390 3441 435 3490 Ο
463 3374 620 3504 (guam
654 3439 873 3504 pulchra
896 3444 975 3488 est
997 3444 1143 3488 casta
1165 3455 1256 3505 ge-

224 3506 425 3554 neratio
462 3522 580 3555 cum
611 3506 863 3555 claritate.
907 3504 998 3556 Ps.
1035 3505 1256 3555 Cantate

223 3570 468 3620 Domino.
490 3571 546 3636 ᾗ.
572 3572 644 3636 (p.
672 3572 772 3637 75.)

291 3633 381 3688 Va.
423 3637 712 3699 Adjuvabit
750 3653 864 3687 eam
902 3639 1051 3688 Deus
1087 3636 1258 3704 [vultu

226 3716 339 3751 su0.
376 3702 466 3764 Ro.
501 3705 648 3753 Deus
679 3704 735 3753 in
766 3704 937 3754 medio
968 3705 1108 3767 ejus:
1146 3720 1257 3754 non

226 3767 672 3834 commovebitur].

393 3832 434 3882 ἵ
457 3832 751 3885 Secundum
772 3834 1085 3887 Matthaeum.

1020 474 1099 512 vm
1106 473 1229 512 (31le
1255 474 1315 512 ET
1340 473 1590 513 MARTYRIS.

2266 458 2383 522 157

1690 602 1838 668 (Gap.
1865 607 1942 653 13.
1965 603 2047 667 F.)

1412 684 1451 719 Ν
1475 669 1568 718 illo
1592 675 1849 735 tempore:
1885 669 2014 718 dixit
2046 670 2084 720 J
2087 686 2206 720 esus
2229 670 2384 721 disci·

1464 737 1567 785 ulis
1609 738 1719 786 suis
1760 735 2062 799 parabolam
2100 738 2253 786 hanc.
2306 738 2385 786 Si-

1356 804 1422 849 m'
1450 818 1479 851 e
1516 807 1596 851 est
1617 817 1835 868 regnum
1860 802 2107 852 coelorum
2140 804 2384 852 thesauro

1358 867 1668 918 abscondito
1701 870 1756 917 in
1797 884 1952 932 agro:
1994 883 2146 931 quem
2185 870 2275 933 qui
2305 870 2384 917 in·

1356 934 1506 983 venit
1536 934 1708 997 hom0,
1734 933 2024 995 abscondit,
2051 941 2102 983 et
2130 950 2237 999 prae
2258 948 2385 999 gau-

1358 999 1443 1048 dio
1479 1000 1621 1049 illius
1656 999 1814 1060 vadit,
1851 1006 1901 1047 et
1926 1000 2107 1048 vendit
2139 1002 2386 1051 universa

1357 1081 1472 1129 quae
1493 1066 1666 1129 habet,
1691 1072 1743 1115 et
1766 1066 1889 1114 emit
1912 1081 2092 1130 agrum
2120 1067 2283 1115 illum.
2316 1068 2387 1117 Et

1354 1132 1573 1194 reliqua.

1441 1197 1686 1247 Homelia
1706 1198 1855 1246 Beati
1872 1198 2111 1263 Gregorii
2128 1199 2300 1263 Papae.

1421 1262 1541 1314 Lec.
1558 1264 1644 1329 vzj.
1667 1265 1903 1329 Regnum
1918 1264 2179 1325 coelorum‚
2198 1265 2384 1313 fratres

1356 1330 1661 1390 charissimi,
1712 1330 1906 1379 idcirco
1961 1331 2180 1378 terrenis
2230 1330 2384 1379 rebus

1355 1396 1523 1445 simile
1550 1396 1753 1458 dic-itur,
1777 1400 1837 1443 ut
1861 1412 1924 1444 ex
1940 1395 2020 1447 his
2045 1411 2160 1459 quae
2183 1397 2386 1446 animus

1356 1463 1522 1524 novit,
1555 1470 1736 1527 surgat
1759 1462 1825 1510 ad
1846 1463 2117 1525 incognita
2141 1477 2255 1525 quae
2277 1478 2386 1510 non

1354 1529 1519 1576 novit.
1564 1527 1831 1587 Quatenus
1877 1528 2114 1591 exemplo
2163 1527 2384 1577 visibili-

1355 1610 1442 1642 um
1474 1609 1530 1642 sc
1570 1594 1637 1642 ad
1670 1593 1958 1642 invisibilia
1989 1595 2171 1657 rapiat,
2208 1600 2258 1642 et
2293 1610 2386 1659 per

1358 1674 1420 1707 ea
1489 1676 1601 1722 quae
1657 1675 1757 1708 usu
1823 1658 2003 1708 didicit
2069 1660 2383 1709 confricatus

1354 1726 1655 1775 incalescat.
1701 1726 1771 1773 Ut
1809 1741 1901 1789 per
1939 1725 2042 1774 hoc
2091 1724 2230 1787 quod
2270 1726 2383 1786 scit,

1357 1798 1540 1840 notum
1573 1791 1804 1858 diligere,
1843 1791 2009 1839 discat
2040 1796 2090 1839 et
2115 1792 2387 1856 incognita

1356 1872 1545 1905 amare.

1418 1924 1466 1985 Ba
1491 1927 1536 1972 7.
1572 1923 1706 1971 Veni
1737 1922 1906 1971 electa
1936 1939 2065 1984 mea,
2109 1929 2160 1971 et
2191 1929 2385 1988 ponam

1353 1989 1409 2038 in
1433 1996 1484 2037 te
1508 1990 1752 2038 thronum
1770 2006 1956 2037 meum.
1982 1989 2118 2049 Quia
2136 1991 2384 2053 concupi-

1353 2057 1430 2104 vit
1451 2055 1566 2103 Rex
1588 2056 1815 2119 speciem
1833 2060 1999 2103 tuam.
2029 2052 2094 2108 V.
2119 2054 2256 2104 Audi
2275 2056 2386 2104 filia

1354 2126 1404 2169 et
1423 2121 1561 2183 vide,
1590 2127 1643 2170 et
1658 2120 1856 2170 inclina
1873 2136 2049 2169 aurem
2067 2127 2223 2169 tuam.
2249 2121 2385 2181 Quia

1356 2186 1484 2253 [oea]
2134 2185 2252 2236 Leo.
2275 2186 2382 2253 viij.

1443 2267 1547 2303 cen
1578 2254 1716 2302 enim
1745 2268 1965 2318 regnum
2000 2252 2249 2302 coelorum
2272 2253 2383 2302 the-

1352 2270 1440 2382 Ε
1459 2336 1612 2370 sauro
1654 2318 1960 2369 abscondito
1992 2320 2049 2366 in
2081 2335 2206 2384 agro
2242 2334 2382 2368 com-

1353 2391 1592 2452 paratur3
1648 2400 1802 2448 quem
1847 2386 1937 2449 qui
1979 2385 2182 2433 invenit
2225 2385 2382 2434 homo

1354 2452 1648 2513 abscondit,
1674 2458 1725 2500 et
1746 2467 1852 2516 prae
1868 2451 2060 2516 gaudio
2078 2451 2221 2500 illius
2240 2451 2387 2500 vadit

1355 2527 1407 2570 et
1446 2518 1628 2568 vendit
1666 2520 1913 2566 universa
1958 2533 2073 2582 quae
2112 2517 2284 2579 habet,
2332 2523 2385 2566 et

1355 2587 1480 2634 emit
1512 2599 1694 2649 agrum
1725 2583 1889 2631 illum.
1927 2583 2044 2644 Qua
2074 2584 2130 2632 in
2166 2600 2220 2633 re
2257 2600 2386 2647 quo·

1357 2667 1459 2716 que
1496 2649 1786 2699 notandum
1826 2654 1907 2698 est
1952 2649 2092 2711 quod
2137 2651 2384 2699 inventus

1354 2718 1631 2766 thesaurus
1666 2715 2003 2764 absconditur
2036 2720 2096 2763 ut
2135 2724 2385 2765 servetur.

1356 2782 1494 2842 Quia
1533 2780 1762 2830 studium
1802 2782 2030 2831 coelestis
2075 2781 2315 2830 desiderii
2355 2798 2387 2830 a

1355 2848 1601 2913 malignis
1658 2847 1924 2910 spiritibus
1971 2847 2233 2896 custodire
2277 2864 2387 2896 non

1356 2913 1547 2963 sufficit
1588 2914 1676 2976 qui
1711 2913 1813 2962 hoc
1858 2913 1922 2961 ab
1947 2912 2187 2963 humanis
2220 2913 2386 2962 laudi-

1354 2980 1455 3030 bus
1478 2995 1584 3028 non
1611 2978 1900 3028 abscondit.

1421 3047 1469 3108 Bc
1492 3048 1542 3094 8.
1573 3044 1800 3094 Pulchra
1825 3046 1974 3108 facie,
2005 3045 2098 3095 sed
2122 3046 2386 3111 pulchrior

1355 3111 1476 3173 fide,
1501 3111 1658 3161 beata
1684 3127 1755 3172 eS‚
1773 3112 1941 3177 virgo,
1970 3128 2221 3176 respuens
2239 3129 2386 3161 mun-

1357 3177 1497 3226 dum.
1531 3177 1815 3228 Laetaberis
1833 3193 1949 3227 cum
1966 3178 2194 3243 angelis:
2228 3180 2385 3226 inter-

1357 3243 1485 3293 cede
1513 3259 1607 3309 pro
1641 3244 1880 3293 omnibus
1908 3245 2078 3294 nobis.
2113 3243 2178 3296 V.
2202 3245 2385 3308 Specie

1354 3315 1447 3358 tua
1465 3313 1518 3358 et
1545 3308 1930 3374 pulchritudine
1957 3316 2065 3364 tua.
2102 3310 2384 3358 Laetaberis

1358 3390 1477 3425 cum
1498 3375 1728 3440 angelis:
1766 3374 1894 3440 [ὤα]
2171 3375 2289 3424 Lec.
2312 3375 2383 3425 ix.

1411 3455 1450 3490 Ν
1484 3442 1729 3505 praesenti
1763 3442 1953 3491 etenim
1990 3441 2114 3501 vita,
2152 3441 2300 3504 quasi
2329 3442 2385 3489 in

1425 3508 1515 3555 via
1540 3523 1718 3556 sumus
1752 3522 1856 3571 qua
1884 3507 1950 3556 ad
1976 3508 2196 3573 patriam
2216 3508 2384 3571 pergi-

1355 3587 1488 3622 mus.
1538 3572 1761 3638 Maligni
1809 3578 1980 3621 autem
2031 3573 2243 3637 spiritus
2285 3575 2386 3622 iter

1355 3645 1592 3688 nostrum
1610 3640 1760 3702 quasi
1780 3639 1985 3702 quidam
2002 3638 2281 3687 latrunculi
2295 3639 2384 3688 ob-

1357 3705 1543 3754 sident.
1580 3705 1879 3769 Depraedari
1914 3720 2037 3770 ergo
2074 3705 2384 3767 desiderant,

1356 3772 1447 3834 qui
1483 3771 1783 3820 thesaurum
1813 3770 2023 3834 publice
2055 3772 2110 3819 in
2145 3773 2236 3820 via
2266 3788 2384 3836 por-

1354 3841 1486 3886 tant.
1520 3837 1640 3887 Hoc
1657 3842 1831 3886 autem
1849 3836 1982 3899 dice,
2010 3853 2115 3887 non
2136 3843 2194 3888 ut
2211 3838 2384 3904 proxi-

1988 3936 2092 3987 13*

2304 4130 2413 4198 f
