2910 4457
910 359 983 398 An
1024 360 1265 416 unum,
1314 364 1384 405 m·
1426 366 1501 408 n.
1549 370 1622 409 An
1651 372 1785 413 mr.
2300 365 2378 425 67

1454 483 1531 533 Ne
1549 495 1730 547 corpus
1747 488 1871 538 assit
1890 491 2170 555 sordidum,

1391 544 1494 594 Nec
1516 552 1683 607 torpor
1709 551 1859 601 instet
1880 555 2129 616 cordium,

1390 606 1491 655 Nec
1512 609 1743 660 criminis
1765 615 1994 675 contagio

1388 668 1626 729 Tepescat
1644 674 1793 722 ardor
1807 676 2034 735 spiritus.

1451 731 1529 779 Ob
1546 733 1636 781 hoc
1659 735 1959 797 Redemptor
1981 753 2292 804 quaesumuS,

1387 791 1493 841 Nos
1514 795 1646 853 reple
1666 802 1752 844 tuo
1773 798 1982 860 lumine,

1389 851 1488 901 Per
1509 857 1642 914 quod
1659 857 1856 906 dierum
1879 860 2097 923 circulis,

1389 914 1558 964 Nullis
1582 930 1794 968 ruamus
1813 922 2025 973 actibus·

1484 977 1656 1027 Gloria
1679 981 1788 1040 tibi,
1809 983 1918 1032 Dfie
1941 986 2006 1043 (p.
2040 987 2106 1047 1.)
2126 988 2219 1053 vel]

1494 1045 1655 1100 raesta‚
1680 1043 1845 1092 Pater.
1874 1044 2036 1109 (ibid.)

1388 1103 1492 1152 Per
1522 1103 1781 1153 AEstatem
1812 1107 2057 1169 Hymnus
2089 1112 2241 1163 Nocte
2261 1128 2379 1165 sur-

1446 1169 1637 1223 gentes,
1666 1166 1826 1230 (ibid.)

1664 1227 1909 1278 Psalmus
1941 1233 2095 1284 Iaexx.

1382 1287 1649 1396 Exultate
1665 1290 1766 1346 Deo
1783 1293 2003 1353 adJ‘utori
2023 1303 2220 1349 nostro:
2238 1300 2379 1361 lubi-

1462 1348 1560 1397 late
1585 1350 1685 1399 Deo
1708 1352 1880 1403 Jacob.

1446 1410 1641 1460 Sumite
1678 1416 1952 1476 psalmum,
1976 1424 2023 1468 et
2045 1421 2160 1471 date
2182 1428 2378 1484 tympa-

1383 1483 1510 1579 nulrln
1548 1487 1560 1520 ε
1602 1476 1896 1532 psalterium
1929 1480 2217 1539 jucundum
2258 1498 2375 1535 cum

1380 1531 1444 1580 cit
1486 1546 1592 1581 ara.

1442 1594 1714 1645 Buccinate
1747 1596 1800 1647 in
1841 1602 2100 1652 neomenia
2132 1605 2250 1655 tuba
2284 1608 2374 1657 :ln

1380 1654 1573 1717 insigni
1595 1657 1675 1706 die
1692 1661 2008 1712 solennitatis
2029 1671 2236 1718 vestrae:

1362 1755 1385 1765 -
1439 1718 1574 1778 Quia
1597 1729 1898 1782 praeceptum
1922 1725 1975 1774 in
2006 1728 2161 1779 Israffl
2191 1736 2266 1780 est
2292 1747 2305 1781 τ
2328 1738 2376 1782 et

1371 1778 1625 1839 judicium
1647 1784 1746 1832 Deo
1762 1786 1933 1836 Jacob.

1437 1843 1805 1895 Testimonium
1830 1848 1882 1896 in
1907 1850 2091 1911 Joseph
2124 1854 2289 1913 posuit
2312 1856 2374 1903 il-

1374 1902 1481 1963 lud,
1517 1906 1634 1955 cum
1669 1910 1822 1958 exiret
1851 1912 1912 1960 de
1949 1920 2083 1963 terra
2115 1917 2322 1977 AEgypti
2358 1933 2371 1965 ε

1375 1963 1607 2027 linguam
1649 1983 1806 2029 quam
1841 1985 1940 2021 non
1981 1982 2186 2024 noverat
2228 1978 2374 2027 audi-

1374 2028 1465 2074 vit.

1435 2086 1652 2136 Divertit
1667 2091 1729 2137 ab
1745 2093 1984 2143 oneribus
1998 2096 2204 2145 dorsum
2224 2099 2337 2159 eJus
2356 2118 2369 2151 :

1373 2160 1562 2197 manus
1585 2151 1695 2209 eJus
1718 2151 1770 2198 in
1803 2153 2014 2212 cophino
2035 2158 2336 2210 servierunt.

1435 2210 1494 2258 In
1518 2210 1840 2262 tribulatione
1855 2215 2095 2267 invocasti
2119 2233 2218 2281 me,
2243 2227 2292 2271 et
2308 2224 2369 2274 li-

1371 2271 1543 2320 beravi
1568 2279 1614 2322 te
1639 2289 1652 2321 t
1676 2277 1908 2325 exaudivi
1934 2285 1979 2328 te
2000 2280 2053 2328 in
2077 2283 2367 2336 abscondito

1369 2335 1710 2397 tempestatis;
1731 2340 1936 2397 probavi
1955 2348 2002 2394 te
2023 2346 2156 2405 apud
2179 2359 2363 2408 aquam

1371 2398 1800 2449 contradictionis,

1433 2457 1575 2508 Audi
1607 2462 1821 2521 populus
1852 2477 1997 2516 meus
2033 2474 2081 2518 et
2116 2476 2364 2523 contesta-

1367 2519 1458 2568 bor
1490 2527 1536 2570 te
1568 2538 1580 2570 :
1616 2525 1769 2574 Israel
1796 2526 1840 2574 si
1868 2530 2091 2580 audieris
2122 2545 2219 2593 me,
2259 2548 2361 2584 non

1366 2583 1463 2631 erit
1498 2585 1551 2632 in
1575 2590 1622 2633 te
1641 2587 1766 2635 deus
1788 2601 1976 2650 recem,
2001 2606 2162 2653 neque
2184 2597 2363 2644 adora-

1364 2645 1445 2693 bis
1467 2646 1618 2694 dcum
1639 2648 1882 2697 alienum.

1429 2707 1536 2765 Ego
1573 2707 1709 2755 enim
1753 2721 1869 2756 sum
1904 2710 2012 2758 Diis
2042 2712 2178 2762 Deus
2218 2720 2356 2777 tuus,

1366 2766 1457 2826 qui
1479 2768 1690 2816 eduxite
1710 2769 1771 2816 de
1787 2774 1918 2819 terra
1941 2774 2146 2834 AEgypti
2172 2791 2184 2825 :
2206 2777 2360 2829 dilata

1368 2839 1425 2876 os
1442 2833 1587 2876 tuum
1611 2835 1659 2878 et
1682 2829 1895 2889 implebo
1917 2833 2061 2884 illud.

1428 2889 1493 2937 Et
1516 2904 1615 2939 non
1648 2892 1842 2942 audivit
1873 2899 2086 2955 populus
2107 2911 2253 2950 meus
2275 2915 2362 2952 vo-

1365 2963 1474 3000 cem
1507 2965 1673 3002 meam
1700 2969 1712 3003 :
1736 2960 1785 3004 et
1819 2958 1979 3015 lsrael
2006 2974 2107 3010 non
2146 2963 2362 3015 intendit

1365 3014 1513 3062 mihi.

1427 3076 1491 3125 Et
1511 3076 1685 3127 dimisi
1705 3091 1788 3129 eos
1810 3085 2090 3134 secundum
2112 3087 2360 3138 desideria

1363 3138 1530 3188 cordis
1551 3153 1726 3190 eorum
1761 3159 1772 3192 ε
1797 3142 1944 3193 ibunt
1966 3146 2019 3193 in
2043 3147 2360 3198 adinventio-

1366 3201 1518 3249 nibus
1540 3202 1664 3252 suis.

1427 3262 1481 3311 Si
1506 3264 1718 3322 populus
1739 3279 1882 3314 meus
1903 3266 2125 3317 audisset
2145 3282 2226 3320 me
2251 3274 2357 3321 :Is-

1362 3326 1464 3373 rael
1488 3325 1531 3373 si
1555 3326 1607 3373 in
1632 3327 1728 3376 viis
1743 3327 1869 3375 meis
1884 3330 2191 3380 ambulasset
2216 3347 2228 3381 :

1423 3388 1523 3435 Pro
1560 3387 1718 3437 nihilo
1755 3387 1962 3437 forsitan
2007 3389 2356 3462 inimicos-co-

1363 3460 1482 3496 rum
1522 3449 1869 3499 humiliassem
1897 3465 1909 3498 ε
1933 3456 1981 3497 et
2018 3464 2167 3510 super
2199 3456 2356 3504 trlbu-

1362 3509 1523 3559 lantes
1544 3524 1626 3559 eos
1651 3511 1901 3562 misissem
1929 3524 2141 3560 manum
2165 3527 2349 3565 meam.
