2910 4457
655 314 765 365 lxiv
1219 327 1295 363 nn
1319 325 1619 364 mmmmm
1640 325 2091 363 noummumus.
2416 315 2572 382 [Anu.
2593 333 2669 370 m·

725 475 780 526 p.
802 457 877 520 ix,
902 462 1021 524 post
1039 454 1135 507 lin.
1160 459 1211 507 4.
1236 455 1410 507 insere
1428 453 1784 524 paragraphos
1808 452 1942 506 duas
1965 424 2268 522 sequentes:

729 561 940 630 Hymni
970 568 1152 614 autem
1176 560 1362 612 Primo
1396 560 1600 612 dierum
1635 560 1692 611 in
1727 558 1883 610 Brev.
1920 558 2112 612 Ebor.⁸
2133 559 2306 628 prima
2340 569 2589 628 quattuor
2612 573 2668 617 et

655 649 905 700 ultimum
928 646 1140 701 tantum
1157 647 1527 700 tetrastichum
1544 654 1668 699 ante
1691 645 2013 711 NocturnOS‚
2030 646 2142 698 scil.
2163 650 2238 698 “a
2269 652 2293 698 1
2321 647 2482 701 Dom.
2502 649 2667 702 LXX

656 752 814 803 usque
835 735 904 786 ad
933 739 958 786 1
987 734 1144 787 Dom.
1169 734 1295 799 XL,
1319 743 1367 786 et
1399 753 1433 785 a
1469 738 1494 785 1
1531 733 1688 785 Dom.
1726 731 1841 786 Cal.
1874 733 2012 802 Auq.
2050 732 2187 800 [scil.
2220 733 2378 786 Dom.
2418 735 2665 790 Calendis

655 821 793 890 Auq.
811 818 1159 892 proximiore]
1186 839 1344 890 usque
1366 821 1437 872 ad
1461 819 1595 873 Adv.
1619 819 1689 872 D'
1690 820 1752 872 ni
1782 820 1988 889 quando
2023 819 2084 871 de
2115 819 2271 872 Dom.
2304 821 2526 889 aqitur,''
2548 824 2667 876 reli-

657 924 765 977 qua
784 907 907 962 vero
931 925 1057 961 eum
1081 906 1270 960 eodem
1302 906 1606 960 tetrasticho
1630 907 1822 960 ultimo
1857 923 1951 976 per
1981 905 2127 984 {dem
2160 914 2389 976 tempus,
2414 910 2662 977 “quando

655 997 717 1048 de
750 995 908 1048 Dom.
947 994 1166 1063 ayitur,'’
1209 994 1279 1047 ad
1317 992 1528 1046 Laudes
1568 993 1792 1046 dicenda
1832 993 2303 1062 sunt.—Hymnus
2342 994 2512 1046 Nocte
2550 1014 2664 1048 sm·-

616 1134 621 1139 ,
648 1091 821 1148 qentes
842 1083 899 1133 in
922 1081 1109 1133 eodem
1134 1080 1406 1133 Breviario
1431 1079 1544 1131 “ad
1567 1079 1726 1141 Mat„
1744 1079 1948 1148 quando
1967 1079 2028 1131 de
2045 1079 2205 1133 Dom.
2229 1081 2422 1148 ayitur,
2446 1099 2479 1132 a
2503 1081 2659 1134 Dom.

661 1173 685 1219 l
706 1178 826 1237 post
848 1167 960 1219 Oct.
979 1167 1181 1237 Epipk.
1199 1185 1358 1236 usque
1379 1166 1450 1218 ad
1472 1171 1496 1217 l
1517 1165 1675 1217 Dom,
1695 1165 1872 1230 LXX,
1890 1174 1989 1217 eta
2019 1171 2043 1217 1
2065 1166 2221 1219 Dom.
2232 1177 2352 1236 post
2368 1167 2580 1220 Festum
2599 1167 2661 1221 S.

663 1254 716 1305 T
709 1256 815 1306 rin.
840 1271 1001 1323 usque
1024 1254 1093 1306 ad
1120 1259 1144 1306 1
1173 1253 1330 1306 Dom.
1357 1250 1488 1304 Kal.
1514 1244 1692 1321 Δυρῗ,7
1716 1260 1771 1306 et
1793 1253 2033 1305 similiter
2067 1253 2134 1306 ad
2168 1253 2382 1306 Laudes
2403 1270 2496 1322 per
2519 1254 2661 1307 idem

655 1351 868 1411 tempus
892 1343 1151 1412 Hymnus
1173 1342 1315 1394 Eece
1324 1342 1446 1412 jam
1469 1342 1637 1393 noctis
1662 1339 1735 1410 (Ρ.
1766 1345 1830 1392 15
1856 1341 1925 1409 a),
1950 1340 2207 1394 dicendus
2230 1349 2322 1394 est.
2696 1400 2703 1408 ,

727 1429 789 1481 Ρ.
831 1435 856 1482 1
896 1428 995 1499 b.¹¹)
1041 1430 1184 1482 Cum
1220 1428 1379 1482 Patre
1420 1436 1476 1481 et
1519 1426 1713 1480 Sancto
1758 1426 1985 1496 Spiritu]
2029 1426 2134 1492 Sic,
2171 1429 2477 1496 ubicunque
2518 1429 2667 1483 hune

655 1533 864 1568 versum
903 1517 1150 1581 vidimus,
1186 1514 1341 1567 Brev.
1381 1514 1604 1567 Sarisb.:
1643 1515 1720 1566 sic
1761 1515 1924 1566 etiam
1967 1513 2058 1566 ΒΥ.
2099 1514 2256 1567 Ebor.
2295 1522 2350 1568 et
2390 1514 2574 1568 Heres.
2611 1525 2667 1569 et

654 1601 886 1655 MStum
935 1601 1260 1655 Saxonicum
1307 1599 1373 1654 de
1420 1617 1527 1670 quo
1574 1599 1642 1654 ad
1690 1618 1745 1670 p.
1799 1604 1900 1653 117
1946 1600 2058 1653 tit:
2120 1600 2212 1653 Br.
2263 1601 2663 1655 Rom—almo

658 1687 875 1757 Spiritu
900 1710 918 1741 .-
958 1707 1006 1740 v.
1032 1706 1086 1758 Ρ.
1112 1689 1169 1740 ii.
1572 1740 1577 1763 ,

723 1808 775 1860 Ρ.
801 1792 877 1856 ix,
899 1791 991 1843 lin.
1018 1796 1069 1855 5,
1095 1792 1281 1844 omitte
1305 1793 1337 1820 “
1355 1790 1417 1843 P.
1448 1795 1474 1842 1
1501 1790 1636 1844 b.¹¹”.

723 1893 977 1946 Psalterii
1011 1911 1062 1963 p.
1105 1899 1129 1946 1
1169 1895 1221 1946 b.
1255 1892 1359 1947 Pro
1397 1893 1491 1946 “A
1530 1894 1679 1947 Deus
1713 1894 1987 1947 omnium'’
2028 1894 2102 1963 (v.
2139 1912 2194 1964 Ρ.
2229 1895 2340 1958 viii,
2370 1895 2455 1965 ix)
2496 1897 2662 1951 Psalt.

655 1981 841 2034 Heres.
868 1981 1053 2035 eodem
1077 1998 1233 2034 sensu
1256 1985 1289 2011 “
1305 1980 1371 2032 ab
1402 1980 1515 2033 Oct.
1541 1980 1868 2033 solennitatis
1896 1981 2140 2051 Corporis
2162 1981 2231 2033 X
2230 1981 2326 2034 ti'’.

725 2070 911 2122 reboizt
933 2067 1016 2134 in]
1045 2069 1183 2122 Vide
1208 2066 1502 2133 Monitum‚
1526 2086 1579 2138 p.
1603 2069 1659 2120 ii.

722 2174 774 2226 p.
799 2175 855 2221 x,
878 2156 920 2209 l.
943 2159 995 2220 6,
1019 2155 1189 2209 adde:
1227 2154 1297 2208 In
1331 2155 1621 2209 Nocturnis
1654 2161 1834 2208 autem
1867 2154 2144 2220 Romani8‚
2168 2155 2318 2209 An'ae
2352 2157 2570 2224 quidem
2601 2159 2661 2209 in

651 2245 842 2298 iisdem
865 2246 1083 2299 tantum
1106 2245 1237 2298 locis
1269 2245 1461 2314 quibus
1482 2246 1540 2297 in
1574 2243 1732 2297 Brev.
1761 2242 1957 2297 Sarisb.
1990 2251 2287 2309 recurrunt,
2310 2244 2403 2297 sed
2436 2246 2665 2314 quisque

654 2331 898 2385 Psalmus
921 2349 1077 2385 suum
1106 2331 1294 2384 Gloria
1318 2331 1478 2384 Patri
1500 2332 1675 2384 habet.

722 2435 774 2487 p.
799 2420 875 2482 xi,
900 2419 933 2470 l.
967 2421 1018 2482 6,
1041 2425 1161 2487 post
1193 2419 1303 2470 “in
1340 2418 1481 2486 quo”
1518 2417 1653 2470 adde
1682 2421 1715 2447 “
1734 2425 1926 2486 praeter
1958 2416 2114 2470 hebd.
2150 2417 2373 2471 Paschae
2410 2426 2465 2473 et
2501 2418 2664 2472 Diem

652 2504 1016 2557 Animarum''.
2012 2503 2017 2508 ’

575 2576 590 2588 ‘
722 2608 777 2660 p.
800 2593 877 2655 xi,
899 2591 934 2643 l.
963 2596 997 2644 6
1029 2608 1063 2644 a
1095 2592 1217 2656 fine,
1251 2598 1370 2660 post
1411 2593 1445 2620 “
1466 2588 1536 2642 In
1570 2589 1677 2643 hoc
1711 2590 1952 2643 monito”
1989 2590 2127 2644 adde
2163 2590 2373 2660 “(quod
2406 2592 2465 2643 in
2499 2591 2661 2644 Brev.

655 2677 840 2730 Heres.
867 2695 899 2731 a
922 2678 1074 2731 nobis
1096 2678 1367 2747 inspectob
1402 2683 1458 2729 et
1490 2675 1650 2729 Ebor.
1677 2676 1878 2746 Gough
1914 2680 1978 2728 6e
2014 2693 2123 2729 non
2157 2678 2433 2741 insertum,
2458 2675 2549 2730 sed
2586 2678 2661 2730 le-

654 2766 897 2831 gentium
921 2765 1135 2818 tantum
1158 2764 1428 2817 memoriae
1451 2764 1652 2832 ubique
1675 2763 1916 2817 relictum
1943 2762 2096 2832 est)’'.

723 2849 788 2902 P.
814 2854 849 2901 3
874 2850 927 2902 b.
954 2851 1008 2902 N
1011 2868 1079 2903 on
1105 2850 1211 2903 auf.
1238 2850 1364 2917 δια]
1404 2851 1474 2903 In
1508 2851 1664 2904 BreV.
1700 2850 1881 2903 Rom.:
1916 2850 2113 2903 Veniet
2137 2866 2257 2903 ecce
2281 2849 2399 2903 Rex
2425 2852 2665 2905 excelsus

651 2953 773 2988 cum
797 2943 1056 3004 potestate
1077 2937 1278 3006 magna
1304 2936 1375 2989 ad
1398 2937 1676 2991 salvandas
1699 2946 1901 3007 genteS‚
1924 2937 2057 2989 all'a.

722 3021 792 3073 ad
816 3021 1116 3074 Passionem
1138 3022 1208 3075 D’
1212 3022 1301 3092 ni]
1343 3022 1392 3076 I.
1430 3040 1475 3076 e.
1513 3024 1582 3076 ad
1616 3024 1956 3077 Dominicam
1988 3023 2147 3075 2dam
2181 3033 2301 3076 ante
2325 3024 2548 3077 Pascha..
2592 3025 2662 3077 In

654 3109 813 3162 Ebor.
839 3117 1019 3162 autem
1050 3117 1104 3162 et
1129 3109 1313 3163 Heres.
1341 3111 1499 3170 Brev.
1525 3119 1580 3164 et
1611 3111 1704 3165 hic
1729 3120 1782 3165 et
1803 3129 1855 3181 p.
1881 3114 1915 3163 6
1939 3128 1988 3164 a.
2017 3110 2117 3163 διο.
2150 3111 2286 3163 An’a
2308 3111 2540 3164 secunda
2573 3130 2660 3165 us-

721 3258 743 3281 ·
782 3257 894 3306 Scil.
922 3256 1003 3304 Br.
1029 3256 1175 3304 Ebor.
1202 3257 1384 3319 Gough
1405 3257 1435 3304 6
1462 3256 1530 3318 (v.
1554 3272 1600 3319 p.
1620 3256 1778 3317 xxiv);
1803 3272 1919 3303 nam
1944 3256 1997 3303 in
2022 3256 2204 3318 Gough
2226 3257 2288 3304 59
2313 3256 2382 3316 (v.
2416 3256 2531 3304 ibid.
2556 3275 2657 3305 cum

652 3340 777 3385 Add.
801 3346 847 3386 et
864 3337 1015 3400 Corr.)
1029 3338 1226 3386 initium
1248 3337 1476 3386 Psalterii
1499 3337 1632 3384 deest
1651 3352 1805 3398 usque
1827 3337 1889 3384 ad
1910 3336 2053 3385 verba
2075 3339 2105 3364 “
2124 3336 2194 3384 Et
2214 3336 2510 3397 respondebo
2531 3339 2657 3385 &e.”

651 3435 696 3481 p.
724 3421 787 3467 25
809 3420 853 3468 b.
1312 3418 1333 3449 ὓ
1365 3419 1425 3466 V.
1449 3418 1858 3482 notamgp.xix.
2219 3422 2238 3447 ⁶
2271 3416 2332 3464 V.
2355 3424 2589 3467 notama.
