2910 4457
569 313 650 379 78
1479 330 1717 372 amnuo

635 444 811 496 Dfisln
832 444 954 496 eoelo
975 443 1171 506 paravit
1187 443 1357 494 sedem
1368 454 1517 492 suam
1540 458 1553 492 ε

570 512 622 619 gt
644 520 857 568 regnum
882 507 1041 568 ipsius
1060 506 1300 555 omnibus
1323 506 1556 555 domina-

606 571 727 619 itur.

634 629 918 680 Benedicite
977 630 1090 680 Dfio
1155 642 1332 681 omnes
1387 629 1555 689 angeli

569 693 684 753 ejus
727 707 741 741 z
786 697 1008 752 potentes
1054 693 1272 750 virtute,
1321 690 1557 740 facientes

569 754 784 802 verbum
804 754 959 813 illiuS,
978 754 1040 803 ad
1059 754 1362 803 audiendam
1380 764 1554 801 vocem

570 826 864 863 sermonum
884 816 1013 874 ejus,

634 877 920 926 Benedicite
967 878 1079 926 Dino
1125 889 1301 926 omnes
1341 876 1555 925 virtutes

569 938 681 997 eius
711 954 724 988 ε
757 938 983 987 ministri
1016 940 1129 999 ejus
1159 940 1247 1000 qui
1274 939 1438 987 facitis
1466 951 1554 987 vo-

570 1000 819 1050 luntatem
838 1001 967 1059 eius·

633 1063 918 1111 Benedicite
934 1061 1046 1110 Dr‘io
1061 1062 1232 1110 omnia
1248 1074 1395 1121 opera
1407 1062 1452 1123 ej
1460 1073 1522 1110 us
1540 1078 1554 1112 ε

569 1123 625 1171 in
644 1125 786 1173 omni
811 1124 914 1171 loco
929 1123 1292 1172 dominationis
1311 1124 1448 1184 ejus;
1472 1124 1556 1172 be-

567 1187 715 1234 nedic
731 1186 902 1234 anima
927 1197 1035 1234 mea
1054 1184 1184 1234 Dino.

631 1247 804 1296 Gloria
826 1247 986 1297 Patri.
1007 1248 1071 1296 Α.
1099 1247 1300 1297 Clamor
1321 1257 1468 1297 meus
1489 1246 1554 1296 ad

568 1311 618 1358 te
642 1309 812 1358 veniat
834 1309 989 1358 Deus,

882 1371 1125 1419 Psalmus
1145 1372 1248 1434 citjy'.

568 1432 827 1542 Benedic
862 1434 1034 1482 anima
1077 1446 1186 1483 mea
1227 1435 1341 1485 1)ῆο
1388 1449 1402 1484 2
1443 1435 1556 1483 Dne

654 1493 797 1543 Deus·
815 1506 978 1556 meuS,
1006 1496 1363 1557 magnificatus
1391 1507 1553 1545 esve-

568 1555 842 1606 hementer.

633 1617 1006 1666 Confeaeionem
1071 1622 1121 1666 et
1176 1619 1404 1668 decorem
1470 1620 1557 1667 in-

567 1679 727 1727 duisti
751 1691 765 1724 t
789 1679 1008 1728 amictus
1025 1678 1222 1730 lumine
1240 1682 1373 1729 sicut
1393 1681 1556 1729 vesti-

567 1744 759 1788 mento.

630 1801 918 1851 Extendens
945 1801 1129 1850 coelum
1163 1803 1294 1851 sicut
1328 1803 1508 1863 pellem
1537 1815 1551 1849 ε

568 1863 660 1924 qui
676 1863 804 1923 tegis
829 1864 977 1924 aquis
998 1864 1255 1923 superiora
1277 1865 1403 1924 ejus.

630 1924 735 1985 Qui
809 1925 954 1986 ponis
1031 1926 1219 1975 nubem
1287 1939 1553 1976 ascensum

567 1991 718 2035 tuum
752 2003 766 2037 ε
796 1987 886 2048 qui
912 1987 1145 2037 ambulas
1181 2001 1332 2051 super
1362 2002 1555 2050 pennas

564 2054 855 2099 ventorum.

629 2110 735 2171 Qui
767 2111 891 2160 facis
919 2112 1122 2170 angelos
1156 2117 1272 2161 tuos
1301 2114 1551 2173 spiritus:

565 2178 616 2223 et
646 2173 911 2221 ministros
942 2179 1055 2222 tuos
1092 2176 1261 2236 ignem
1300 2180 1552 2223 urentem.

631 2235 733 2295 Qui
763 2236 982 2284 fundasti
1010 2241 1197 2286 terram
1224 2250 1374 2297 super
1389 2238 1555 2285 stabi-

567 2295 758 2345 litatem
780 2309 926 2345 suam
961 2313 974 2347 z
1008 2310 1107 2346 non
1143 2299 1473 2348 inclinabitur
1498 2299 1552 2347 in

566 2358 808 2406 saeculum
833 2358 1022 2407 saeculi.

629 2418 888 2477 Abyssus,
961 2420 1093 2467 sicut
1161 2420 1519 2469 vestimentum
1537 2458 1552 2482 ,

565 2481 785 2529 amictus
800 2480 912 2539 ejus
937 2495 950 2530 ε
967 2492 1116 2541 super
1132 2486 1328 2530 montes
1346 2483 1556 2531 stabunt

563 2555 594 2591 a
632 2554 727 2591 uae.

597 2555 714 2652 qAb
748 2605 1087 2666 increpatione
1123 2609 1208 2653 tua
1246 2603 1439 2664 fugient
1473 2621 1487 2656 ε
1522 2618 1552 2654 a

565 2678 684 2716 voce
700 2667 911 2716 tonitrui
936 2667 1012 2716 tui
1034 2666 1396 2716 formidabunt.

629 2729 931 2778 Ascendunt
987 2735 1214 2791 montes3
1249 2734 1298 2778 et
1339 2731 1554 2779 descen-

564 2790 697 2838 dunt
717 2792 883 2850 campi
909 2806 922 2840 ε
965 2791 1017 2839 in
1052 2792 1218 2840 locum
1248 2804 1400 2853 quem
1429 2791 1556 2841 fun-

564 2851 697 2899 dasti
712 2851 804 2899 eis,

628 2912 931 2960 Terminum
970 2912 1208 2970 posuisti,
1254 2925 1406 2973 quem
1449 2926 1552 2962 non

565 2972 1003 3032 transgredientur
1025 2988 1038 3021 ε
1063 2986 1224 3034 neque
1254 2981 1556 3023 converten-

565 3039 651 3083 tur
671 3034 863 3094 opcrire
880 3039 1086 3082 terram.

630 3096 731 3157 Qui
750 3095 942 3144 emittis
958 3095 1119 3144 fontes
1133 3095 1185 3143 in
1205 3096 1517 3145 convallibus
1539 3113 1553 3147 z

567 3157 699 3207 inter
721 3159 950 3207 medium
982 3157 1240 3207 montium
1270 3158 1554 3218 pertransi-

566 3219 697 3268 bunt
718 3233 878 3280 aquae.

630 3282 884 3332 Potabunt
900 3294 1078 3331 omnes
1108 3281 1276 3330 bestiae
1301 3281 1411 3341 agri
1435 3296 1448 3331 z
1471 3294 1554 3330 ex-

568 3344 836 3405 pectabunt
857 3344 1033 3404 onagri
1060 3344 1112 3391 in
1134 3343 1219 3391 siti
1237 3356 1347 3391 sua.

632 3408 855 3466 Supcrea
867 3405 1550 3455 volucrescoelihabitabunt:

567 3472 628 3522 de
659 3468 824 3518 medio
867 3473 1122 3528 petrarum
1156 3466 1350 3516 dabunt
1389 3480 1550 3516 voceS.

1714 442 1911 506 Rigans
1945 447 2142 495 montes
2182 445 2246 495 de
2287 446 2663 507 superioribus

1651 505 1761 553 suis
1788 505 1879 554 :de
1903 504 2069 555 fructu
2089 520 2299 567 operum
2324 512 2537 558 tuorum
2566 521 2661 559 sa-

1649 566 1859 615 tiabitur
1875 573 2027 616 terra.

1713 628 2002 677 Producens
2039 629 2230 678 foenum
2259 631 2513 690 jumentis
2550 648 2563 682 z
2603 638 2661 683 et

1649 688 1857 738 herbam
1877 692 2109 740 servituti
2129 692 2418 741 bominum.

1715 752 1783 799 Ut
1798 752 1983 800 educas
2005 765 2187 812 panem
2211 756 2272 803 de
2289 759 2422 803 terra
2444 771 2457 804 :
2486 760 2540 804 et
2566 756 2659 804 vi-

1651 823 1778 860 num
1803 814 2015 862 laetificet
2039 827 2123 863 cor
2145 816 2386 865 bominis.

1714 875 1781 922 Ut
1818 876 2058 924 exhilaret
2096 876 2270 926 faciem
2311 879 2364 925 in
2400 877 2512 926 oleo
2551 894 2565 927 ε
2601 881 2657 928 et

1650 937 1799 994 panis
1822 949 1906 985 cor
1924 938 2147 985 bominis
2165 939 2448 988 confirmet.

1712 997 2088 1047 Saturabuntur
2113 1000 2250 1061 ligna
2272 1002 2468 1064 campi,
2493 1006 2544 1050 et
2565 1013 2656 1051 ce—

1648 1058 1729 1106 dri
1769 1060 1948 1108 Libani
1997 1074 2128 1121 quas
2178 1062 2425 1121 plantavit
2477 1078 2492 1112 ε
2539 1064 2653 1113 illic

1651 1131 1876 1179 passeres
1897 1123 2247 1172 nidificabunt,

1711 1183 1921 1232 Herodii
1949 1185 2133 1233 domus
2166 1186 2269 1234 dux
2301 1190 2376 1234 est
2407 1198 2593 1234 eorum
2636 1202 2651 1236 ε

1649 1250 1848 1293 montes
1896 1246 2071 1294 excelsi
2105 1247 2298 1308 cervis3
2329 1253 2470 1307 petra
2503 1247 2653 1297 refu-

1649 1307 1792 1368 gium
1818 1307 2107 1356 herinaciis.

1711 1369 1850 1417 Fecit
1880 1369 2055 1417 lunam
2078 1370 2131 1417 in
2162 1373 2387 1431 tempora
2417 1371 2530 1419 :sol
2553 1383 2654 1420 co-

1650 1431 1826 1492 gnovit
1837 1443 2067 1480 occasum
2087 1442 2261 1479 suum.

1711 1492 1933 1541 Posuisti
1981 1493 2238 1552 tenebraS‚
2287 1498 2336 1540 et
2384 1493 2515 1542 facta
2568 1500 2654 1543 est

1651 1565 1747 1601 nox
1784 1569 1797 1603 z
1825 1554 1876 1602 in
1913 1556 2020 1615 ipsa
2052 1555 2431 1615 pertransibunt
2461 1567 2652 1606 omues

1651 1615 1819 1664 bestiae
1837 1616 1992 1666 silvae.

1714 1676 1882 1725 Catuli
1911 1679 2112 1727 leonum
2147 1677 2434 1737 rugientes,
2469 1683 2529 1725 ut
2556 1691 2649 1727 ra-

1649 1738 1824 1798 piant:
1850 1743 1898 1787 et
1914 1745 2146 1800 quaerant
2164 1753 2192 1787 a
2215 1742 2316 1788 Deo
2337 1751 2503 1787 escam
2522 1741 2647 1790 sibi.

1716 1799 1875 1849 Ortus
1890 1806 1964 1849 est
1983 1802 2083 1860 sol,
2102 1806 2150 1849 et
2170 1802 2459 1863 congregati
2479 1808 2607 1849 sunt
2632 1818 2646 1850 ε

1648 1865 1696 1910 et
1715 1862 1767 1908 in
1785 1863 2037 1911 cubilibus
2054 1864 2165 1911 suis
2178 1863 2580 1911 collocabuntur.

1712 1923 1880 1973 Exibit
1900 1925 2050 1973 bomo
2069 1926 2131 1973 ad
2151 1938 2279 1984 opus
2292 1937 2446 1973 suum
2471 1940 2485 1973 ε
2508 1929 2558 1972 et
2579 1927 2647 1975 ad

1647 1987 1986 2045 operationem
2007 1998 2154 2034 suam
2187 2000 2349 2047 usque
2376 1987 2437 2036 ad
2463 1999 2648 2046 vaepe-

1649 2059 1782 2095 ram.
2545 2063 2551 2068 ·

1711 2109 1880 2170 Quam
1898 2108 2218 2170 magnificata
2242 2115 2365 2157 sunt
2385 2120 2536 2169 opera
2554 2115 2644 2159 tua

1650 2171 1760 2221 Dite
1794 2187 1809 2222 ι
1860 2172 2031 2219 omnia
2069 2171 2121 2218 in
2165 2171 2413 2231 sapientia
2452 2172 2640 2235 fecisti3

1649 2235 1854 2295 impleta
1875 2239 1949 2282 est
1968 2240 2100 2282 terra
2123 2235 2434 2293 possessione
2451 2240 2562 2283 tua.

1714 2297 1821 2345 Hoc
1844 2308 1982 2344 mare
2011 2307 2256 2357 magnum
2283 2300 2331 2343 et
2354 2296 2642 2355 spatiosum

1650 2358 1890 2406 manibus
1936 2372 1950 2407 t
2004 2357 2107 2406 illic
2161 2357 2360 2418 reptilia
2412 2370 2642 2418 quorum

1650 2432 1751 2468 non
1772 2425 1848 2467 est
1874 2431 2136 2467 numerus,

1713 2481 1974 2530 Animalia
2008 2481 2190 2540 pusilla
2223 2492 2340 2529 cum
2377 2482 2591 2542 magnis
2630 2499 2645 2532 ε

1649 2544 1753 2592 illic
1773 2554 1926 2590 naves
1942 2542 2335 2601 pertransibunt.

1711 2606 1873 2654 Draco
1927 2604 2019 2652 iste
2074 2617 2224 2665 quem
2281 2603 2515 2653 formasti
2577 2597 2663 2656 ad‘

1651 2666 1966 2716 illudendum
1999 2667 2046 2713 ei
2088 2682 2102 2714 ε
2135 2665 2310 2714 omnia
2350 2678 2379 2713 a
2412 2670 2460 2714 te
2492 2680 2643 2728 expe-

1649 2734 1815 2786 etant,
1842 2732 1899 2775 ut
1915 2727 2003 2775 des
2018 2728 2120 2776 illis
2132 2738 2297 2775 escam
2318 2727 2371 2774 in
2393 2733 2641 2788 tempore.

1713 2791 1873 2838 Dante
1889 2793 1936 2837 te
1950 2789 2052 2838 illis
2067 2827 2081 2848 ,
2102 2789 2336 2850 colligent
2355 2804 2366 2836 ε
2386 2791 2644 2849 aperiente

1649 2857 1697 2900 te
1721 2863 1933 2900 manum
1961 2855 2133 2912 tuam,
2160 2851 2332 2899 omnia
2349 2851 2644 2910 implebun-

1649 2919 1735 2961 tur
1758 2913 1995 2961 bonitate.

1712 2973 1989 3022 Avertente
2012 2980 2181 3023 autem
2218 2979 2267 3023 te
2286 2974 2493 3032 faciem,
2519 2979 2645 3024 tur-

1648 3036 1909 3085 babuntur
1935 3050 1947 3082 :
1980 3036 2176 3085 auferes
2195 3037 2436 3096 spiritum
2458 3049 2641 3087 eorum

1649 3104 1697 3147 et
1731 3097 1991 3157 deficient,
2020 3104 2069 3147 et
2103 3099 2156 3147 in
2186 3099 2446 3159 pulverem
2480 3111 2641 3149 suum

1648 3163 1979 3210 revertentur.

1713 3220 1901 3270 Emitte
1934 3221 2173 3281 spiritum
2218 3226 2366 3269 tuum
2411 3227 2462 3269 et
2497 3234 2641 3272 crea-

1646 3283 1840 3332 buntur
1867 3296 1880 3329 ε
1906 3287 1953 3331 et
1981 3282 2247 3331 renovabis
2272 3283 2449 3331 faciem
2473 3289 2639 3334 terrae.

1712 3344 1787 3393 Sit
1807 3344 1965 3404 gloria
1991 3345 2089 3393 Dixi
2112 3345 2165 3392 in
2188 3345 2433 3393 saeculum
2462 3359 2476 3392 ε
2499 3347 2642 3395 laeta-

1647 3406 1782 3454 bitur
1800 3406 1909 3453 Diis
1929 3407 1981 3454 in
2005 3407 2239 3465 operibus
2256 3407 2384 3456 suis,

1709 3468 1812 3528 Qui
1849 3468 2054 3529 respicit
2083 3474 2290 3528 terram,
2312 3473 2361 3516 et
2383 3469 2504 3518 facit
2524 3482 2639 3519 eam
