2910 4457
1039 305 1114 345 An
1153 304 1483 346 maturius.
2192 319 2201 328 ·
2258 286 2299 347 5

293 416 533 473 miserere
562 417 666 466 mei
685 417 834 468 Dr'iez
863 416 981 467 vide
1005 417 1218 468 bumili-

238 483 383 528 tatem
408 492 573 528 meam
590 479 652 528 de
674 479 900 528 inimicis
915 480 1059 539 meiS‚

294 540 397 601 Qui
415 542 601 590 exaltas
630 553 713 590 me
728 543 791 591 de
817 541 977 601 portis
1004 542 1215 591 mortis:

237 608 292 649 ut
335 603 637 651 annuntiem
690 616 867 652 omnes
910 604 1217 654 laudationes

238 668 347 712 tuas
367 665 420 711 in
441 665 598 724 portis
618 665 734 713 filiae
757 665 899 714 Sion.

294 725 536 775 Exultabo
565 727 617 774 in
647 727 860 775 salutari
892 731 980 775 tuo
1005 741 1019 776 z
1051 727 1217 775 infixae

237 792 351 835 sunt
371 787 561 837 Gentes
594 788 648 835 in
671 789 881 838 interitu
908 801 1060 849 quem
1083 789 1218 838 fece-

239 854 372 898 runt.

295 912 353 959 ln
397 909 577 970 laqueo
608 911 705 960 isto
741 924 893 972 quem
939 911 1219 960 absconde-

238 978 351 1020 runt
373 987 387 1020 ε
405 974 802 1031 comprehensus
820 978 895 1023 est
919 985 1005 1033 pes
1019 986 1216 1023 eorum.

294 1033 628 1094 Cognoscetur
648 1037 760 1085 Diis
774 1036 967 1095 judicia
990 1035 1179 1085 faciens
1201 1052 1215 1086 ε

242 1095 290 1143 in
314 1097 549 1156 operibus
572 1109 823 1146 manuum
845 1109 1059 1147 suarum
1077 1111 1217 1148 com-

241 1158 508 1216 prehensus
529 1164 608 1206 est
628 1165 873 1219 peccator.

295 1219 663 1269 Convertamur
686 1226 964 1281 peccatores
986 1222 1038 1269 in
1062 1220 1219 1269 inser-

242 1293 584 1331 numzomnes
595 1282 781 1332 Gentes
792 1296 905 1344 quae
920 1283 1220 1333 obliviscun-

242 1347 316 1390 tur
334 1343 515 1392 Deum.
1111 1404 1117 1408 ,

295 1403 551 1464 Quoniam
565 1418 667 1454 non
685 1406 738 1454 in
758 1405 913 1454 finem
929 1406 1113 1455 oblivio
1125 1406 1221 1455 erit

243 1468 496 1526 pauperis:
530 1468 776 1527 patientia
800 1480 1081 1528 pauperum
1117 1481 1218 1516 non

243 1529 411 1586 peribit
427 1529 482 1576 in
505 1530 689 1578 finem.

294 1589 485 1650 Exurge
543 1591 686 1650 Dne;
749 1603 852 1639 non
911 1591 1218 1640 confortetur

241 1649 377 1700 bomo
408 1668 421 1702 :
450 1652 752 1713 judicentur
784 1652 969 1702 Gentes
1005 1655 1058 1702 in
1093 1665 1221 1701 con-

241 1719 396 1772 spectu
418 1720 522 1764 tuo.

295 1775 557 1825 Constitue
578 1775 691 1823 Dfie
714 1775 1049 1835 legislatorem
1069 1788 1221 1835 super

241 1849 349 1886 eos:
372 1843 427 1886 ut
457 1839 632 1889 sciant
653 1837 839 1887 Gentes
859 1838 1100 1898 quoniam
1123 1838 1223 1886 bo-

245 1900 393 1948 mines
417 1906 560 1950 sunt.

298 1961 362 2010 Ut
397 1963 518 2022 quid
562 1962 682 2010 Dfie
730 1961 975 2010 recessisti
1016 1960 1162 2022 longe
1205 1976 1219 2011 ε

247 2021 442 2082 despicis
461 2025 514 2073 in
536 2024 1009 2085 opportunitatibus
1022 2059 1036 2083 ,
1056 2023 1110 2071 in
1127 2022 1222 2072 tri-

247 2081 516 2136 bulatione?
978 2130 979 2133 ,

301 2145 425 2195 Dum
446 2147 684 2208 superbit
696 2146 886 2206 impius
901 2182 913 2204 ‚
934 2145 1223 2195 incenditur

251 2217 455 2269 pauper:
489 2209 997 2269 comprehenduntur
1028 2208 1082 2257 in
1104 2220 1225 2258 con·-

250 2269 366 2319 siliis
383 2273 566 2332 quibus
584 2272 833 2331 cogitant.

304 2332 546 2392 Quoniam
606 2333 844 2381 laudatur
891 2336 1116 2391 peccator
1168 2332 1223 2380 in

252 2392 493 2444 desideriis
511 2395 710 2445 animae
742 2407 847 2443 suae
884 2408 899 2443 ι
936 2398 986 2443 et
1013 2394 1227 2455 iniquus

252 2452 558 2507 benedicitur.

308 2516 630 2569 Exacerbavit
660 2518 799 2565 Dr‘im
837 2521 1061 2578 peccator
1097 2532 1111 2567 ι
1144 2529 1227 2566 se-

248 2580 456 2630 cundum
476 2579 869 2631 multitudinem
893 2579 982 2627 irae
997 2591 1101 2627 suae
1122 2591 1225 2627 non

257 2648 442 2699 queret.

312 2702 413 2751 Non
433 2710 504 2753 est
532 2707 680 2755 Deus
701 2703 754 2751 in
777 2706 1042 2763 conspectu
1065 2702 1175 2761 ejus
1210 2717 1224 2752 τ

258 2760 512 2823 inquinatae
541 2771 673 2816 sunt
703 2766 797 2815 viae
820 2765 961 2814 illius
994 2764 1050 2812 in
1081 2764 1225 2813 omni

256 2828 471 2886 tempore.

252 2913 257 2914 ff
285 2886 619 2957 ‚Aureruntur
655 2888 852 2948 ,iudicia
894 2890 983 2936 tua
1021 2898 1051 2935 a
1104 2886 1227 2937 facie

257 2956 353 3006 ejus
374 2966 386 2999 ι
407 2954 641 3003 omnium
661 2951 991 3000 inimicorum
1012 2961 1224 2998 suorum

256 3008 592 3064 dominabitur.
1048 3049 1057 3054 .

309 3071 438 3122 Dixit
450 3078 588 3125 enim
612 3077 670 3124 in
682 3075 830 3123 corde
844 3085 937 3122 suo
953 3088 968 3121 t
989 3072 1101 3122 Non
1118 3085 1229 3121 mo-

258 3133 389 3203 vebor
405 3148 430 3184 a
446 3136 767 3197 generatione
780 3137 834 3184 in
851 3134 1225 3197 generationem

257 3204 353 3244 sine
371 3201 518 3248 malo.

312 3256 460 3318 Cujus
473 3260 825 3311 maledictione
837 3271 894 3307 os
909 3258 1117 3318 plenum
1133 3262 1226 3316 est,

258 3320 300 3387 et
317 3322 646 3372 amaritudine
661 3359 674 3381 ,
707 3328 756 3371 et
771 3322 885 3370 dolo
904 3336 917 3370 :
934 3321 1030 3370 sub
1050 3320 1229 3379 lingua

259 3389 357 3436 ejus
387 3383 520 3432 labor
549 3389 599 3432 et
624 3385 782 3433 dolor.

315 3440 451 3493 Sedet
469 3446 523 3495 in
541 3446 746 3497 insidiis
765 3458 884 3496 cum
907 3444 1153 3495 divitibus
1173 3444 1227 3491 in

1313 417 1563 469 occultis:
1588 423 1645 467 ut
1665 417 1934 469 interliciat
1963 419 2301 470 innocentem.

1378 479 1527 529 Oculi
1568 481 1680 541 eius
1721 482 1782 529 in·
1818 494 2089 542 pauperem
2138 483 2304 542 respi-

1314 542 1457 593 ciunt
1500 557 1514 592 :
1564 542 1840 592 insidiatur
1875 544 1930 591 in
1974 544 2268 593 abscondito
2285 579 2300 602 ‚

1313 604 1463 665 quasi
1486 604 1561 652 leo
1583 604 1636 652 in
1660 606 1899 665 spelunca
1920 618 2032 655 sua.

1376 666 1655 714 Insidiatur
1689 671 1747 715 ut
1778 667 1940 727 rapiat
1971 679 2242 728 pauperem
2286 682 2300 717 z

1314 738 1488 786 rapere
1513 739 1779 786 pauperem
1792 729 1916 777 dum
1933 729 2143 777 attrabit
2161 741 2301 777 eum.

1375 788 1437 835 In
1477 789 1653 847 laqueo
1677 801 1769 837 suo
1806 790 2099 839 humiliabit
2131 803 2249 840 eum
2287 805 2301 840 ι

1313 847 1581 897 inclinabit
1602 862 1680 909 se,
1704 856 1752 899 et
1773 852 1914 900 cadet
1932 851 2050 900 cum
2065 853 2304 901 domina-

1315 914 1400 959 tus
1422 910 1575 959 i'uerit
1591 922 1890 971 pauperum.

1374 972 1514 1020 Dixit
1543 974 1681 1021 enim
1704 973 1756 1021 in
1781 974 1927 1023 corde
1948 986 2067 1036 su03
2102 974 2305 1024 Oblitus

1313 1038 1388 1081 est
1421 1034 1558 1083 Deus
1589 1049 1603 1084 ε
1641 1035 1824 1083 avertit
1860 1035 2037 1085 faciem
2070 1048 2218 1084 suam
2239 1046 2304 1085 ne

1319 1095 1486 1144 videat
1512 1096 1564 1144 in
1588 1096 1760 1146 finem.

1378 1158 1577 1218 Exurge
1588 1159 1697 1208 Dr'ie
1709 1159 1862 1219 DeuS‚
1878 1163 1927 1207 et
1941 1158 2183 1208 exaltetur
2196 1171 2305 1207 ma·

1314 1231 1415 1267 nus
1436 1224 1522 1268 tua
1548 1236 1561 1270 :
1585 1234 1647 1270 ne
1668 1220 1978 1270 obliviscaris
2001 1233 2303 1281 pauperum.

1377 1281 1587 1340 Propter
1639 1283 1763 1343 quid
1830 1283 2052 1331 irritavit
2111 1284 2305 1345 impius

1312 1342 1480 1391 Deum
1491 1346 1517 1392 ‘l
1548 1344 1675 1392 dixit
1689 1344 1827 1393 enim
1844 1345 1897 1393 in
1916 1345 2060 1394 corde
2072 1356 2182 1405 suo,
2199 1357 2303 1393 non

1316 1406 1557 1464 requiret.

1380 1466 1564 1528 Vides3
1600 1467 1842 1526 quoniam
1887 1470 1941 1514 tu
1986 1466 2208 1516 laborem
2256 1472 2307 1515 et.

1315 1527 1537 1576 dolorem
1556 1528 1842 1577 consideras
1862 1543 1875 1578 ε
1892 1533 1950 1575 ut
1964 1530 2136 1577 tradas
2147 1540 2230 1577 eos
2250 1529 2306 1577 in

1316 1600 1505 1639 manus
1527 1594 1661 1638 tuas.

1378 1650 1497 1699 Tibi
1534 1651 1802 1700 derelictus
1837 1656 1912 1699 est
1944 1663 2132 1713 pauper
2167 1665 2181 1702 ε
2215 1664 2306 1701 or·

1317 1712 1485 1774 phano
1500 1718 1557 1761 tu
1579 1714 1680 1762 eris
1701 1712 1919 1772 adjutor.

1381 1774 1590 1825 Contere
1633 1775 1898 1824 brachium
1945 1775 2219 1835 peccatoris
2256 1779 2308 1824 et

1317 1837 1531 1898 maligni
1554 1843 1837 1896 :quaeretur
1854 1843 2110 1898 peccatum
2133 1836 2303 1897 illius,

1315 1903 1364 1949 et
1387 1912 1487 1947 non
1513 1899 1819 1948 invenietur.

1380 1961 1491 2008 Diis
1522 1961 1752 2020 regnabit
1788 1961 1841 2008 in
1884 1965 2130 2008 aeternum
2161 1963 2209 2008 et
2227 1959 2248 2020 ξ
2250 1959 2306 2008 in

1317 2022 1562 2070 saeculum
1579 2021 1748 2070 saeculi
1766 2036 1779 2071 ε
1798 2021 2030 2082 peribitis
2041 2021 2228 2070 Gentes
2244 2022 2308 2070 de

1317 2088 1451 2131 terra
1473 2084 1632 2130 illius·

1380 2143 1701 2193 Desiderium
1739 2155 2017 2202 pauperum
2054 2143 2310 2192 exaudivit

1317 2205 1430 2255 Diis
1455 2221 1468 2254 τ
1496 2205 1914 2267 praeparationem
1939 2202 2104 2255 cordis
2130 2218 2307 2255 eorum

1318 2268 1516 2317 audivit
1536 2267 1677 2316 auris
1705 2272 1807 2315 tua.

1382 2330 1619 2379 Judicare
1638 2330 1824 2389 pupillo
1840 2334 1889 2377 et
1900 2328 2084 2377 humili
2100 2344 2113 2378 z
2134 2333 2189 2376 ut
2205 2342 2307 2378 non

1320 2396 1540 2452 apponat
1565 2392 1700 2440 ultra
1726 2391 2052 2452 magnificare
2072 2403 2126 2441 se
2157 2392 2309 2441 bomo

1319 2465 1470 2515 super
1491 2459 1695 2503 terram.

1648 2515 1892 2563 Psalmus
1915 2528 1973 2564 ω.

1321 2586 1407 2686 In
1449 2578 1564 2626 Dfio
1597 2577 1791 2627 confido
1814 2591 1828 2625 ι
1854 2576 2107 2637 quomodo
2139 2576 2309 2625 dicitis

1373 2639 1557 2687 animae
1573 2652 1697 2687 rneae
1711 2674 1725 2697 ,
1744 2639 2077 2698 Transmigra
2091 2639 2145 2686 in
2163 2650 2310 2685 mon-

1320 2707 1422 2751 tem
1445 2701 1578 2748 sicut
1598 2701 1804 2759 passer?

1388 2761 1644 2821 Quoniam
1662 2773 1771 2809 ecce
1791 2764 2071 2819 peccatores
2083 2760 2312 2810 intende-

1323 2828 1446 2872 runt
1495 2836 1697 2884 arcum3
1746 2826 2055 2882 paraverunt
2100 2822 2313 2883 sagittas

1322 2897 1442 2934 suas
1477 2885 1529 2933 in
1569 2886 1800 2945 pharetra
1846 2899 1860 2933 ε
1896 2890 1953 2932 ut
1983 2884 2222 2945 sagittent
2253 2885 2309 2934 in

1322 2949 1535 2997 obscuro
1554 2952 1715 2996 rectos
1740 2946 1905 2995 corde.

1385 3010 1643 3070 Quoniam
1658 3022 1769 3070 quae
1793 3008 2040 3069 perfecisti
2060 3009 2310 3059 destruxe-

1323 3078 1446 3121 runt
1470 3071 1674 3132 :justus
1688 3076 1857 3120 autem
1884 3071 2006 3131 quid
2027 3071 2174 3120 lecit?

1386 3134 1497 3183 Diis
1518 3135 1571 3181 in
1590 3133 1775 3193 templo
1792 3137 1967 3181 sancto
1984 3145 2103 3181 suo:
2120 3132 2231 3181 Diis
2255 3131 2310 3180 in

1322 3196 1442 3245 coelo
1465 3197 1607 3244 sedes
1622 3196 1751 3255 eJus,

1386 3257 1534 3307 Oculi
1573 3258 1684 3316 ejus
1730 3257 1783 3305 in
1822 3267 2093 3315 pauperem
2145 3254 2311 3314 respi-

1323 3319 1467 3368 ciunt
1512 3335 1525 3370 z
1572 3319 1816 3379 palpebrae
1852 3318 1962 3377 ejus
1999 3318 2311 3376 interrogant

1323 3381 1455 3430 filios
1476 3381 1764 3430 bominum.
2171 3437 2182 3449 ,

1386 3444 1495 3492 Dfis
1507 3444 1781 3503 interrogat
1791 3440 1989 3503 justum
1999 3444 2048 3489 et
2058 3440 2277 3498 impium
2294 3453 2306 3488 ε

2006 3520 2055 3569 1.
