2910 4457
694 336 769 373 nr.
796 337 1132 376 mmcmrcs
1154 337 1227 375 ΕΤ
1251 337 1455 376 oman
1479 340 1654 378 nrm.
2114 333 2171 384 ix

141 467 425 522 omnium”
469 467 539 536 (p.
570 471 596 518 1
639 466 690 518 b.
726 468 809 519 tle.
847 483 900 535 p.
941 472 986 520 1.
1027 467 1123 519 col.
1158 470 1211 535 2)
1239 468 1508 536 significat
1549 473 1614 521 ‘a
1651 470 1808 523 Dom.
1846 473 2019 541 prima
2055 487 2172 545 post

146 556 371 610 Festum
401 555 775 608 Sacrosanctae
801 554 1105 618 Trinitatis’,
1119 554 1270 622 cujus
1293 556 1479 608 itidem
1502 566 1621 624 post
1641 558 1866 626 primam
1890 560 2171 615 lectionem

141 642 309 712 (quod
345 644 581 696 initium
621 651 702 694 est
725 646 738 670 ‘
760 641 905 694 Libri
940 641 1150 710 Regum
1161 639 1221 710 δ’)
1258 641 1595 711 Responsorii
1630 644 1785 696 verba
1819 647 1988 715 prima
2030 658 2171 713 sunt,

141 734 171 758 “
194 730 352 783 Deus
380 730 633 782 omnium
658 728 932 780 exauditor
956 729 1075 792 est,''
1102 728 1199 780 διο.

178 856 179 859 ¹
217 816 282 867 P.
316 821 344 868 1
375 816 463 868 b.¹²
487 816 581 868 lin.
607 818 660 878 2,
683 831 777 883 pro
810 814 919 866 Per
953 815 1119 867 scribe
1144 814 1250 865 In:
1287 821 1341 866 et
1362 814 1458 866 lin.
1485 820 1536 879 5,
1560 824 1680 885 post
1700 822 1732 846 “
1750 817 1993 872 Creatof’
2017 821 2168 887 adde,

151 905 224 974 (p.
250 909 327 957 99
356 907 434 972 a.)

224 990 301 1042 In
324 989 646 1053 ParaclituS,
656 1007 686 1042 e
702 989 893 1042 Graeco
908 989 1223 1055 Παράκλητος
1233 986 1482 1051 derivat0,
1491 989 1725 1056 primum
1740 1006 1833 1058 per
1849 992 2172 1044 iotae-imum

151 1085 184 1129 ἒ
224 1079 288 1128 in
324 1086 348 1128 ἱ
382 1077 472 1144 (cf.
498 1076 563 1129 ad
593 1094 642 1145 p.
675 1081 741 1128 16
765 1094 813 1129 a.
846 1084 901 1128 et
929 1079 1024 1126 111
1054 1074 1126 1138 a),
1163 1073 1352 1127 deinde
1389 1093 1455 1128 ne
1489 1084 1691 1129 retento
1726 1087 1948 1131 accentu
1986 1079 2172 1132 Graeoo

156 1164 584 1217 accentuationis
606 1162 815 1215 Latinae
839 1163 928 1215 lex
951 1161 1245 1225 violaretur,
1270 1163 1572 1232 ubicunque
1598 1173 1827 1216 metrum
1853 1164 2172 1229 admitteret,

155 1259 179 1300 z·
203 1250 259 1301 in
282 1255 309 1301 ἰ
322 1248 351 1314 ³,
376 1250 516 1302 alias
540 1258 725 1301 autem
748 1247 999 1300 accentus
1024 1245 1170 1298 sedes
1191 1257 1404 1300 mutata
1439 1258 1532 1301 est.
1585 1250 1880 1319 Utriusque
1904 1253 2027 1305 vero
2049 1270 2171 1305 mu·

155 1336 373 1388 tationis
410 1334 725 1404 exemplum
759 1336 816 1386 in
854 1350 957 1386 uno
982 1333 1276 1401 eodemque
1303 1335 1526 1403 Hymno
1561 1336 1688 1387 Veni
1718 1337 1931 1391 Creator
1955 1341 2170 1392 obvium

156 1432 263 1486 est3
314 1423 596 1493 siquidem
632 1423 847 1490 legitur,
881 1421 939 1472 in
982 1421 1213 1473 secundo
1253 1421 1474 1488 quidem
1515 1422 1818 1477 tetrasticho
1857 1424 1966 1482 Qui
2007 1425 2172 1476 Para-

159 1508 329 1562 eli'tus
373 1511 590 1572 diceris,
622 1510 680 1560 in
721 1508 909 1559 ultimo
951 1515 1135 1558 autem
1174 1506 1371 1559 Sancto
1411 1506 1572 1559 simul
1606 1507 1898 1559 Ρανάοῖὶιο.
1973 1509 2057 1561 De
2097 1512 2171 1561 io-

161 1598 366 1649 tac-ism
390 1605 581 1650 autem
604 1595 758 1663 plura
781 1594 898 1646 vide
922 1592 991 1645 ad
1014 1610 1065 1662 p.
1097 1598 1190 1645 111
1221 1610 1268 1646 a.

251 1683 335 1736 De
379 1685 616 1737 Psalmis
652 1680 775 1733 vero
818 1680 1109 1734 notandum
1155 1688 1251 1743 est,
1299 1696 1466 1748 quum
1513 1681 1571 1732 in
1622 1680 1889 1733 Breviario
1925 1678 2168 1735 Romano

170 1768 350 1821 Gloria
380 1771 545 1822 Patri
579 1776 700 1837 post
739 1767 973 1835 singulos
1004 1782 1238 1835 quosque
1272 1766 1529 1830 PsalmoS‚
1554 1770 1586 1797 “
1605 1769 1713 1819 nisi
1744 1766 1899 1819 aliter
1920 1770 2170 1832 notetur'',

168 1853 441 1908 dicendum
485 1855 706 1918 sit‚—in
751 1853 1124 1905 Sarisburiensi
1165 1860 1362 1916 contra,
1401 1870 1509 1906 non
1557 1854 1682 1905 alibi
1724 1853 2006 1907 dicendum
2055 1872 2167 1907 esse

170 1941 321 2006 quam
342 1944 438 1994 ubi
462 1952 563 1994 aut
586 1942 757 2008 reipsa
779 1940 1031 1991 insertum
1053 1939 1137 2002 sit,
1156 1946 1250 1991 aut
1275 1939 1497 1991 aliorum
1519 1939 1753 1991 locorum
1777 1941 2167 2009 comparatione

169 2026 499 2081 inserendum
534 2045 645 2080 esse
684 2025 1001 2078 ostendatur.
1075 2025 1284 2094 Itaque,
1318 2025 1376 2077 id
1410 2026 1553 2094 quod
1586 2027 1644 2077 in
1681 2026 1926 2078 Rubricis
1963 2027 2169 2094 Proprii

174 2115 237 2168 de
260 2117 516 2188 Tempore
546 2118 702 2170 Dom.
733 2122 756 2168 1
785 2115 1065 2169 Adventus
1096 2125 1150 2169 et
1186 2116 1342 2168 Dom.
1381 2121 1406 2167 1
1442 2123 1559 2185 post
1594 2116 1819 2167 Octavas
1854 2117 2167 2183 Epiphaniae

173 2199 360 2258 diserte
381 2207 612 2274 jubetur,
635 2205 832 2258 Psalmi
858 2202 1136 2257 duodecim
1161 2204 1251 2272 qui
1276 2204 1331 2254 in
1353 2202 1539 2254 Officio
1564 2201 1876 2254 Ordinario¹¹
1907 2202 2169 2255 Nocturni

242 2333 265 2363 ⁸
300 2334 340 2381 Ι.
361 2351 399 2382 e.
430 2339 651 2387 Quattuor
663 2338 907 2383 Librorum
928 2336 1120 2396 Regum,
1136 2333 1235 2381 sive
1250 2333 1366 2396 (sec.
1380 2331 1657 2396 Hebraeos),
1675 2335 1897 2382 Samuelis
1913 2342 1958 2384 et
1972 2337 2160 2398 Regum.

238 2416 263 2447 ¹²
300 2416 379 2465 Le.
405 2417 626 2465 Psalterii
650 2419 735 2464 διο.
763 2432 811 2479 p.
840 2419 884 2463 1.
907 2415 995 2463 col.
1022 2418 1065 2462 2.

233 2494 246 2524 ¹
278 2497 462 2547 Eadem
487 2501 717 2546 accentus
744 2497 907 2544 Graeci
940 2496 1176 2543 retinendi
1209 2511 1322 2543 cura
1350 2496 1675 2559 penultimam
1700 2497 1821 2545 alias
1848 2501 2083 2559 produxit,
2107 2505 2165 2545 ut

175 2576 221 2621 in
237 2577 441 2627 Murra*
473 2579 590 2640 (Gr.
618 2572 790 2639 Μαρῖἀ
810 2593 869 2623 ex
890 2576 1215 2623 indeclinabili
1240 2573 1443 2638 Μαριάμ,
1466 2577 1590 2623 Heb.
1618 2592 1709 2623 sec.
1725 2577 2163 2639 pronuntiationem

176 2657 483 2718 antiquiorem
518 2658 751 2705 versionis
786 2657 946 2703 LXX.
982 2658 1188 2718 Marjdm
1201 2661 1247 2717 ψ,
1284 2672 1378 2703 sec.
1415 2656 1730 2702 recentiorem
1763 2656 2164 2715 punctuationem

178 2735 508 2789 Masoreticam
547 2738 1220 2800 Mirjdm†).—Nequaquam
1259 2743 1424 2784 autem
1468 2736 1575 2782 haec
1607 2736 1715 2782 ideo
1752 2735 1877 2782 fiunt
1917 2735 2046 2796 quod
2080 2743 2165 2782 aut

176 2827 385 2868 accentus
420 2823 480 2869 in
522 2819 906 2881 antepenultima
944 2818 1266 2881 penultimam
1299 2818 1511 2875 brevem,
1553 2823 1638 2863 aut
1672 2816 1724 2863 in
1756 2816 2026 2879 penultima
2060 2817 2165 2880 ipsa

180 2899 359 2948 eandem
389 2903 599 2963 longam
632 2900 912 2957 necessarie,
947 2899 1047 2946 sive
1072 2916 1161 2959 per
1192 2915 1255 2952 se,
1280 2905 1462 2961 poscat,
1498 2898 1582 2944 sed
1615 2897 1731 2959 quia
1760 2897 2163 2959 pronuntiationis

178 2978 344 3029 Latinoe
364 2983 483 3032 talis
507 2987 583 3029 est
605 2982 699 3029 lex.

232 3056 255 3088 ‘¹
284 3063 494 3112 Duobus
512 3063 786 3111 Dominicis
806 3062 1024 3126 proxime
1042 3061 1421 3124 praecedentibus
1434 3062 1615 3110 festum
1630 3061 1848 3120 Paschae,
1869 3062 1969 3109 scil.
1986 3062 2162 3110 Domi-

181 3140 275 3188 n'ica
304 3144 353 3191 in
386 3145 627 3193 Passione
662 3144 864 3191 Domini
897 3152 943 3190 et
983 3142 1126 3189 Dom.
1160 3142 1213 3188 in
1248 3142 1420 3189 Ramis
1453 3142 1753 3199 Palmarum,
1778 3142 1967 3189 etiamsi
1989 3142 2163 3189 ultimo

180 3221 350 3272 tantum
370 3226 561 3274 Triduo
584 3224 824 3271 omittitur
853 3225 1012 3270 Gloria
1034 3225 1172 3270 Patri
1198 3222 1264 3284 (v.
1282 3208 1342 3269 ad
1363 3238 1408 3284 p.
1437 3223 1529 3274 117
1553 3221 1667 3283 tit),
1690 3238 1788 3269 una
1807 3223 1994 3269 tanturn
2019 3224 2161 3269 Anti-

186 3300 325 3360 phona
358 3307 410 3354 in
457 3320 751 3368 unoquoque
797 3305 1049 3351 Nocturno
1084 3303 1272 3352 dicitur.
1349 3304 1526 3351 Confer
1568 3318 1678 3366 quae
1719 3303 1778 3350 de
1819 3318 2164 3351 commemora-

186 3379 373 3434 tionibus
395 3388 461 3436 ad
482 3403 531 3449 p.
559 3388 620 3432 30
642 3386 690 3432 b.
717 3386 949 3433 dicentur.

490 3467 517 3492 ⁴¹
545 3465 605 3502 Ut
620 3464 751 3503 hodie
769 3465 941 3512 quidem
959 3464 1214 3513 plerumque
1232 3463 1425 3503 effertur.

495 3517 521 3559 τ
549 3516 673 3554 More
694 3515 890 3564 antiquo,
909 3517 960 3554 ut
976 3515 1106 3563 Angl.
1122 3527 1152 3565 y
1170 3525 1309 3562 cons„
1328 3513 1593 3554 efferendum
1613 3515 1680 3554 est
1689 3514 1727 3561 j.
