2910 4457
901 424 974 464 An
1015 424 1222 468 nunus
1263 425 1331 464 tr
1371 424 1447 464 An
1487 423 1729 464 Pamin.
2281 404 2348 465 κθ

280 536 556 589 lectionum
570 550 666 599 per
686 541 849 586 totum
868 550 1087 599 annum,
1100 543 1150 586 et
1166 551 1272 588 non

280 598 525 661 inferiis.
719 600 844 660 Cap.
877 600 1024 648 Rom.
1056 600 1173 661 xiij.
1216 601 1271 650 C.

288 673 495 773 ΗοιιΑ
516 667 590 711 est
618 662 726 722 Jam
751 674 842 709 nos
874 662 935 710 de
962 674 1140 709 somno
1158 674 1275 710 sur-

387 737 503 784 gere
534 740 547 772 2
585 736 718 772 nunc
771 724 909 771 enim
960 724 1159 782 propior
1200 728 1275 772 est

286 791 460 835 nostra
477 786 616 834 salus
632 797 786 845 quam
810 798 926 834 cum
944 786 1272 835 credidimuS.

290 848 483 897 Chorus
499 848 652 908 dicat,
667 848 768 895 Deo
782 846 986 906 gratias.
1009 848 1272 909 HymnuS.

379 923 451 958 ox
475 910 626 968 clara,
650 921 776 966 eece,
798 910 1011 969 intonat,

381 971 610 1020 Obscura
632 982 842 1031 quaeque
871 972 1097 1032 inc-repat
1120 988 1133 1021 ε

286 1032 551 1083 Pellantur
569 1035 774 1081 eminus
793 1034 1008 1090 somnia,

287 1092 375 1145 Ab
391 1096 572 1144 aethere
593 1094 826 1144 Christus
847 1097 1107 1155 promicat.

352 1158 504 1207 Mens
522 1157 630 1217 jam
654 1163 882 1218 resurgat
905 1158 1118 1217 torpida,

288 1218 418 1284 Quae
439 1221 585 1268 sorde
605 1224 735 1267 extat
754 1219 922 1268 saucia
948 1235 961 1269 τ

287 1280 447 1331 Sidus
467 1281 678 1341 ret'uiget
695 1281 802 1340 ,iam
830 1293 1037 1339 novum,

287 1343 360 1392 Ut
375 1343 517 1392 tollat
536 1355 685 1391 omne
707 1344 932 1392 noxium.

352 1405 397 1454 E
413 1417 619 1453 sursum
644 1403 830 1465 Agnus
849 1405 1087 1464 mittitur,

287 1467 481 1518 Laxare
499 1465 655 1527 gratis
675 1468 933 1516 debitum:

289 1528 486 1579 Omnes
508 1542 594 1590 pro
617 1529 929 1588 indulgentia

288 1590 480 1641 Vocem
503 1592 682 1640 demus
696 1603 811 1638 cum
832 1589 1085 1651 lacrymis,

355 1653 586 1702 Secundo
608 1659 663 1701 ut
684 1665 801 1701 cum
827 1651 1038 1710 fulserit,

290 1715 651 1775 Mundumque
671 1715 847 1763 horror
862 1715 1090 1774 cinxerit,

291 1778 406 1828 Non
433 1789 520 1836 pro
543 1783 683 1825 reatu
706 1777 901 1836 puniat,

291 1840 389 1889 Sed
407 1839 523 1899 pius
544 1852 636 1888 nos
657 1844 778 1886 tunc
800 1844 1039 1899 protegat.

356 1902 511 1960 LauS,
537 1901 713 1958 honor,
739 1901 918 1961 virtus,
943 1899 1118 1963 gloria,

291 1963 398 2012 Deo
433 1963 575 2011 Patri
616 1968 663 2011 et
696 1963 841 2021 Filio,

293 2025 477 2075 Sancto
498 2025 651 2073 simul
673 2026 938 2084 Paraclito‚

291 2088 354 2137 In
378 2087 684 2146 sempiterna
706 2089 905 2136 saecula.
934 2087 1124 2136 Amen.

358 2147 420 2210 if.
459 2149 563 2197 Vox
593 2149 859 2198 clamantis
886 2151 939 2197 in
970 2150 1181 2198 deserte.
1214 2159 1278 2208 13²·

293 2210 476 2262 Parate
511 2211 648 2260 viam
678 2212 780 2260 Dfii
800 2227 812 2261 ε
836 2216 994 2260 rectas
1027 2210 1170 2260 facite
1203 2222 1283 2260 se-

293 2274 449 2324 mitas
464 2274 555 2323 Dei
573 2275 753 2323 nostri.

359 2343 392 2390 *u
414 2336 516 2384 Iste
531 2348 707 2384 versus
721 2334 942 2383 etcaeteri
957 2346 1133 2382 versus
1147 2346 1284 2396 prae·

294 2396 433 2456 dicti,
458 2399 641 2446 scilicet
666 2399 725 2446 de
740 2396 1022 2453 nocturnis,
1045 2396 1284 2444 dicantur

290 2473 388 2522 per
410 2464 571 2508 totum
587 2461 718 2508 Adv.
734 2459 841 2506 suis
856 2458 993 2520 locis,
1004 2460 1206 2520 quando
1224 2459 1283 2507 de

298 2521 566 2582 temporali
593 2522 782 2582 agitur.

358 2585 425 2633 A.
458 2582 678 2642 Spiritus
698 2584 913 2631 Sanctus
935 2581 988 2629 in
1020 2586 1067 2630 te
1087 2583 1286 2631 descen-

296 2645 398 2704 det,
416 2644 580 2697 Maria
598 2660 610 2693 z
632 2657 693 2692 ne
705 2645 901 2701 timeaS,
918 2644 1107 2693 habens
1118 2645 1169 2691 in
1182 2648 1288 2692 ute-

298 2720 355 2756 ro
378 2707 542 2755 filium
562 2706 669 2763 Dei,
687 2706 840 2754 All'a.
857 2706 948 2753 Ps.
966 2706 1284 2754 BenedictuS.

365 2769 458 2816 Or.
500 2767 671 2876 Exssita
706 2779 1002 2827 quaesumus
1045 2767 1174 2815 Bne.
1227 2771 1289 2814 ut

298 2842 359 2880 su
400 2843 463 2877 ra
480 2830 546 2887 (p.
605 2839 634 2881 ).

425 2890 617 2939 emoria
647 2890 706 2937 de
749 2888 804 2937 S.
840 2887 1036 2937 Maria.
1059 2889 1121 2936 A.
1158 2888 1288 2938 Mis-

299 2966 392 3004 sus
441 2958 518 3001 est
561 2950 762 3001 Gabriel
810 2949 1023 3010 angelus
1063 2951 1125 2998 ad
1174 2951 1287 3002 Ma-

302 3016 434 3064 riam
491 3015 742 3075 virginem
792 3013 1147 3071 desponsatam
1200 3012 1287 3060 Jo-

299 3079 444 3137 seph.
484 3075 545 3138 Ῠ.
583 3076 882 3137 Egredietur
922 3074 1062 3135 virga
1101 3080 1172 3136 (p.
1217 3076 1283 3131 3).

308 3139 400 3188 Or.
421 3140 573 3196 DeuS‚
596 3140 685 3199 qui
700 3139 761 3186 de
775 3138 936 3186 Beatae
960 3137 1135 3187 Maria}
1161 3136 1284 3196 (ίὸ.).

303 3202 430 3250 Hoec
478 3205 590 3248 ant.
635 3201 837 3247 dicatur
884 3200 953 3246 ad
990 3200 1285 3247 memoriam

303 3265 364 3312 de
385 3263 439 3311 S.
466 3262 643 3311 Maria
664 3263 732 3309 ad
757 3260 1042 3308 matutinas
1063 3261 1121 3306 in
1139 3260 1285 3320 festis

303 3325 364 3374 ix
387 3326 496 3373 lect.
520 3337 615 3385 per
647 3325 952 3371 Adventum.
990 3321 1181 3370 Deinde
1210 3323 1289 3370 di-

305 3393 493 3435 cantur
511 3386 778 3433 matutina»
802 3386 861 3432 de
881 3383 935 3431 S.
954 3383 1149 3445 Μανία,
1178 3384 1287 3432 sine

307 3454 450 3504 nota,
473 3448 647 3495 statim
670 3451 793 3508 post
812 3458 951 3505 vesp.
982 3450 1031 3493 et
1065 3450 1192 3494 mat.
1226 3447 1287 3494 de

307 3510 404 3564 die,
427 3511 627 3569 quando
642 3510 700 3555 in
719 3510 866 3556 choro
883 3508 1142 3556 dicuntur.

374 3576 405 3627 π
440 3570 504 3620 In
540 3571 790 3629 Adventu,
834 3569 1036 3633 quando
1085 3568 1289 3632 aliquod

1363 537 1554 601 festum
1581 539 1643 586 ίω
1670 539 1780 588 lect.
1809 537 1869 586 in
1894 536 2030 588 sabb.
2063 538 2345 600 contiqerit,

1350 600 1435 662 ‚ibi
1476 602 1760 658 celebretur,
1790 605 1839 649 et
1872 601 2103 649 secundm
2130 613 2349 661 vespero

1368 665 1427 711 de
1442 662 1593 712 Dom.
1613 668 1780 719 erunt,
1805 668 1854 711 et
1865 663 2087 711 solennis
2103 665 2350 711 memoria

1368 726 1428 773 de
1449 724 1596 784 fest0,
1617 725 1718 771 nisi
1738 727 1928 784 duple-‘n
1946 723 2132 785 festum
2162 724 2349 784 fucrit,-

1371 792 1493 834 tunc
1518 788 1654 834 enim
1691 791 1843 834 erunt
1864 799 2002 847 vesp.
2038 789 2097 836 de
2123 786 2270 848 festo,
2300 790 2351 834 et

1369 848 1463 896 sol.
1493 861 1643 895 mem.
1678 848 1738 896 de
1775 848 1924 895 Dom.
1962 849 2184 909 sequenti
2208 848 2351 898 :nisi

1367 910 1426 957 in
1438 909 1610 970 primo
1627 908 1760 956 sabb.
1776 911 1905 956 Adv.
1929 910 2037 957 Dm·
2047 929 2064 967 ,·
2079 916 2199 958 tunc
2213 911 2351 958 enim

1369 981 1508 1033 vesp.
1550 975 1701 1020 erunt
1734 972 1794 1018 de
1830 971 1980 1019 Dom.
2026 973 2352 1034 quodcunque

1367 1032 1558 1094 festum
1576 1033 1751 1093 fuerit.
1785 1040 1816 1087 *u
1842 1034 1900 1080 Si
1922 1044 2038 1082 vero
2062 1035 2263 1095 aliquod
2282 1033 2353 1094 fe·

1370 1101 1510 1143 stum
1545 1097 1604 1142 ia:
1638 1097 1747 1143 lect.
1780 1096 1838 1142 in
1874 1095 2048 1157 aliqua
2078 1096 2228 1143 Dom.
2258 1109 2351 1156 per

1370 1158 1502 1206 Adv.
1550 1158 1832 1218 contiyerit,
1864 1170 2058 1218 semper
2088 1157 2354 1220 differatur

1370 1220 1429 1267 in
1466 1221 1765 1276 crastinum,
1802 1220 1914 1267 licet
1943 1222 2133 1281 duplex
2163 1218 2354 1279 festum

1372 1280 1547 1342 fuerit.
1575 1282 1647 1328 Et
1665 1283 1868 1343 quando
1899 1282 2131 1345 differtur
2153 1282 2213 1329 in
2241 1281 2357 1328 cra-‘-

1373 1344 1596 1404 stinum,
1624 1344 1702 1391 vel
1730 1344 1788 1390 in
1823 1345 1994 1392 eadem
2026 1343 2159 1404 feria
2193 1343 2356 1391 conti-

1369 1406 1519 1465 9erit,
1545 1411 1663 1452 tunc
1687 1406 1744 1452 in
1766 1407 1917 1456 Dom.
1946 1412 2103 1454 erunt
2122 1419 2260 1466 vesp.
2295 1406 2356 1452 de

1373 1466 1520 1528 feste,
1556 1467 1725 1515 etsol.
1763 1482 1913 1517 mem.
1951 1470 2010 1516 de
2055 1468 2205 1515 Dom.
2247 1477 2357 1528 quae

1369 1529 1618 1589 praecedet
1634 1530 1930 1576 memoriam
1951 1530 2016 1578 B.
2038 1529 2240 1577 Μανία».

1433 1597 1465 1644 π
1501 1591 1569 1636 Et
1589 1590 1847 1637 sciendum
1881 1596 1970 1651 est,
1992 1592 2123 1653 quod
2152 1591 2211 1638 de
2234 1601 2357 1650 quo-

1374 1665 1569 1713 cunque
1577 1649 1706 1710 festo
1721 1651 1780 1713 fit
1793 1654 2055 1701 servitium
2069 1652 2214 1712 infra
2225 1652 2357 1699 Adv.

1374 1713 1867 1775 semperfitsolennis
1879 1716 2110 1763 mem.de
2125 1716 2361 1763 Adventu

1376 1782 1425 1825 et
1442 1778 1504 1824 de
1527 1777 1582 1825 S.
1605 1776 1801 1825 Maria.
1836 1777 1910 1826 De
1941 1777 2087 1839 festis
2107 1781 2277 1826 autem
2296 1773 2361 1835 iij

1377 1839 1488 1887 lect.
1513 1840 1571 1887 in
1599 1841 1849 1898 Adventu,
1880 1841 2008 1888 nihil
2036 1839 2131 1903 fiat
2164 1839 2269 1886 nisi
2298 1838 2360 1886 de

1375 1907 1473 1949 oct.
1510 1902 1565 1950 S.
1603 1903 1835 1960 Andreae,
1876 1917 1969 1951 nec
2012 1904 2166 1951 etiam
2208 1913 2358 1948 mem.

1371 1962 1467 2026 fiat
1488 1965 1762 2012 secundum
1786 1977 1937 2011 usum
1967 1965 2175 2011 Sarum.
2206 1969 2236 2015 ΊῘ
2260 1961 2363 2009 Νο-

1376 2026 1594 2072 tandum
1615 2029 1714 2072 est.-
1732 2027 1776 2071 si
1788 2022 1978 2084 festum
1999 2024 2053 2072 S.
2071 2026 2285 2071 Andreae
2302 2023 2361 2068 in

1377 2086 1529 2134 Dom.
1559 2086 1735 2146 prima
1771 2086 1900 2133 Adv.
1944 2085 2053 2131 Dru·
2081 2083 2364 2145 contiyerit,

1377 2159 1573 2207 semper
1594 2145 1862 2209 differatur
1882 2147 1939 2194 in
1966 2151 2124 2193 crast.
2150 2146 2263 2193 licet
2284 2143 2361 2204 fe·

1379 2214 1519 2258 stum
1554 2208 1648 2257 loci
1682 2207 1860 2269 fuerit.
1898 2208 2173 2257 Residuum
2200 2207 2361 2268 ipsius

1378 2271 1616 2332 rubricae,
1651 2271 1760 2318 scil.
1794 2271 1849 2319 S.
1893 2272 2138 2329 Andreae,
2167 2270 2365 2331 require

1378 2333 1436 2382 in
1453 2332 1584 2394 festo
1609 2331 1849 2395 ejusdem.

1443 2403 1474 2451 π
1488 2397 1568 2443 Ad
1577 2395 1926 2443 matutinasde
1938 2394 1992 2443 S.
2004 2393 2180 2443 Maria
2188 2407 2282 2455 per
2298 2398 2368 2442 to-

1380 2464 1491 2506 tum
1506 2458 1635 2505 Adv.
1645 2459 1848 2518 quando
1857 2471 1963 2505 non
1969 2456 2028 2519 fit
2031 2457 2244 2518 plenum
2259 2469 2365 2505 ser-

1377 2521 1559 2569 vitium
1570 2521 1629 2568 de
1644 2533 1720 2580 ea,
1728 2520 1816 2567 hoc
1825 2521 1970 2568 modo
1978 2520 2072 2582 fiat
2082 2519 2365 2567 servitium.

1442 2584 1559 2630 Inv.
1601 2582 1712 2630 Ave
1752 2583 1945 2639 Maria,
1986 2582 2148 2642 gratia
2189 2581 2365 2639 ptenag

1379 2645 1491 2693 Diis
1538 2650 1723 2692 tecum.
1748 2644 1841 2691 Ps.
1877 2643 2074 2690 Venite.
2108 2646 2158 2688 et
2188 2647 2368 2688 coetera

1379 2706 1584 2765 omnia,
1614 2708 1773 2764 prout
1806 2702 2024 2762 inferius
2059 2703 2117 2749 in
2164 2702 2370 2750 servitio

1380 2781 1404 2815 e
1419 2767 1604 2814 ‘uadem
1628 2770 1754 2812 sunt
1772 2770 1972 2813 notata.

1486 2829 1710 2876 Pmmm
1734 2827 1792 2874 de
1812 2828 1941 2875 Adv.
1964 2825 2091 2874 Dni.
2106 2825 2367 2888 Hymnus.

1388 2900 1538 3000 JAM
1564 2890 1689 2937 tucis
1713 2895 1821 2937 orto
1844 2890 2023 2948 sidere,

1461 2952 1620 2999 Deum
1643 2963 1902 3010 precemur
1926 2951 2191 3012 suppliceS,

1382 3013 1452 3062 Ut
1472 3014 1526 3061 in
1552 3012 1754 3061 diurnis
1776 3014 1972 3062 actibus

1381 3076 1486 3127 Nos
1509 3081 1669 3124 servet
1690 3089 1719 3125 a
1743 3076 2053 3124 nocentibus.

1441 3137 1696 3199 Linguam
1724 3137 1998 3186 resraenans
2019 3141 2276 3197 temperet,

1381 3200 1457 3250 Ne
1478 3199 1581 3249 litis
1604 3201 1777 3248 horror
1802 3199 2001 3248 insonet
2023 3215 2039 3249 ε

1382 3262 1564 3311 Visum
1589 3262 1797 3311 fovendo
1813 3265 2060 3320 contegat,

1382 3324 1457 3373 Ne
1477 3324 1725 3372 vanitates
1750 3322 1968 3371 hauriat.

1446 3385 1560 3434 Sint
1584 3397 1711 3443 pura
1733 3384 1899 3433 cordis
1918 3383 2119 3443 intima,

1384 3446 1617 3494 Absistat
1637 3452 1686 3495 et
1701 3446 1931 3495 vecordia
1955 3460 1969 3493 t

1384 3505 1568 3557 Carnis
1589 3513 1716 3558 terat
1731 3506 2018 3567 superbiam

1384 3569 1544 3620 Potus
1563 3569 1761 3633 cibique
1781 3569 2015 3631 parcitas.
