2910 4457
563 406 721 494 lxxij
1118 420 1168 461 n«
1195 421 1385 462 ηεκᾼι
1412 423 1458 462 s.
1485 421 1532 461 ι
1560 425 1607 462 v.
1636 422 2129 463 cousnomnonssn
2270 405 2271 408 ’
2473 407 2717 473 (An5158

562 557 718 607 nensi
761 553 973 618 habent,
1010 579 1073 593 —
1106 554 1162 604 in
1203 555 1300 606 Ed.
1344 560 1579 606 nostram
1626 571 1719 622 per
1758 560 1934 607 textus
1981 556 2372 608 correctionem
2415 556 2720 608 introducen-

569 639 691 689 dum
712 646 806 689 est.

663 721 817 785 Quod
846 725 1019 772 autem
1042 721 1109 771 ad
1138 726 1336 773 ceteras
1365 723 1646 773 verborum
1662 723 1718 773 in
1737 723 2084 788 Expositione
2102 723 2433 774 variationes
2464 724 2659 786 attinet,
2678 724 2721 772 in

564 807 750 857 ultima
774 805 1043 855 Lectionis
1073 808 1101 853 2
1129 803 1363 870 periodo,
1394 805 1533 869 (quae
1559 805 1616 855 in
1642 805 1798 855 Brev.
1828 806 1977 855 Rom.
2008 806 2285 869 hodierno,
2322 807 2490 856 etiam
2517 807 2573 855 in
2597 806 2722 855 Brev.

564 888 908 938 Benedictino
929 886 1266 952 Campidonae
1283 887 1347 937 A.
1367 888 1435 936 D.
1460 889 1586 936 1718
1603 887 1875 952 impresse,
1895 889 2090 938 omissa
2107 888 2226 954 est,)
2245 905 2345 955 pro
2365 889 2557 939 “Tunc
2573 888 2724 950 νει-θ’,

566 985 685 1020 cum
712 969 847 1020 libro
876 968 1053 1019 Carth.
1084 974 1136 1019 et
1165 967 1418 1020 ambabus
1444 984 1604 1036 supra
1633 971 1930 1020 memoratis
1959 970 2012 1021 S.
2041 971 2332 1037 Augustini
2362 969 2604 1036 Operum
2618 971 2727 1021 Edd.

570 1054 754 1102 “Tunc
772 1049 942 1101 enim”
961 1049 1295 1102 scribendum
1313 1055 1407 1100 est.

665 1136 727 1185 In
745 1133 944 1184 ultimis
963 1149 1089 1183 vero
1110 1133 1343 1197 ejusdem
1360 1135 1565 1200 periodi
1582 1135 1774 1198 verbis,
1804 1137 1986 1201 “quem
2004 1136 2171 1185 Maria
2188 1141 2476 1200 pepererat
2492 1136 2733 1202 pendebat

572 1219 657 1267 “in
677 1215 897 1279 Cruce’',
922 1216 1126 1266 etiamsi
1142 1214 1385 1267 Editores
1413 1217 1744 1267 Benedictini
1764 1234 1858 1284 pro
1882 1216 2097 1282 “quem''
2132 1216 2340 1282 “quod''
2370 1218 2432 1267 in
2459 1224 2661 1269 textum
2680 1218 2733 1269 ad

566 1301 833 1362 miserunt,
857 1296 989 1348 nihil
1010 1303 1183 1347 tamen
1204 1295 1413 1365 (saltem
1430 1301 1488 1350 in
1506 1300 1607 1351 hac
1624 1301 1878 1352 Breviarii
1896 1300 2090 1351 Sarisb.
2110 1298 2381 1362 Editione)
2407 1300 2735 1360 mutandum

568 1397 705 1444 nam,
735 1408 799 1416 -
822 1387 1167 1446 praeterquam
1195 1383 1337 1448 quod
1364 1398 1525 1449 supra
1548 1389 1893 1433 memoratum
1918 1384 2074 1433 Brev.
2105 1381 2281 1444 Carth,
2317 1382 2551 1446 “quem''
2579 1383 2737 1443 habet,

569 1471 621 1515 et
639 1463 779 1529 quod
796 1463 1110 1529 supradictae
1127 1465 1223 1516 Ed.
1242 1464 1615 1531 Lugdunensis
1633 1465 1876 1516 Editores
1902 1464 2185 1531 (Theologi
2204 1463 2319 1514 scil.
2338 1464 2739 1527 Lovanienses)‚

569 1549 774 1599 etiamsi
798 1548 854 1597 in
891 1546 1315 1614 Castiqationibue
1344 1548 1524 1597 omnia
1547 1546 1700 1596 MSta
1724 1562 1822 1596 sua
1852 1547 2055 1611 “quod''
2083 1547 2277 1598 habere
2296 1546 2507 1611 dicunt,
2532 1548 2594 1597 in
2613 1553 2743 1597 textu

565 1636 743 1681 tamen
782 1628 1015 1695 “quem’',
1042 1631 1096 1678 in
1121 1631 1355 1695 margine
1378 1630 1477 1680 “aL
1507 1628 1700 1694 quod''‚
1731 1628 1783 1679 et
1803 1628 1914 1693 jam
1935 1636 2222 1694 posuerant
2245 1630 2298 1679 et
2320 1631 2523 1680 mutari
2546 1646 2662 1681 non
2675 1630 2745 1694 ju·

571 1714 711 1777 bent,
747 1741 810 1750 -—
847 1711 1097 1777 quicquid
1131 1713 1187 1762 in
1228 1712 1430 1777 “quod”
1475 1713 1626 1764 salva
1663 1711 1919 1763 Ecclesiae
1959 1712 2062 1762 fide
2100 1712 2437 1779 intelligitur,
2481 1712 2632 1764 idem
2670 1728 2746 1778 per

573 1793 788 1859 “quem”
816 1794 1114 1859 (subaudito
1129 1832 1141 1856 ,
1167 1800 1226 1844 ut
1250 1810 1368 1845 cum
1389 1795 1611 1861 “quod'',
1632 1802 1713 1845 ut.-
1737 1796 1823 1843 “ut
1841 1809 1992 1857 quem
2011 1792 2180 1841 Maria
2196 1795 2540 1860 pepererat”)
2568 1796 2747 1846 elarius

572 1883 623 1926 et
640 1875 910 1943 pulchrius
930 1878 1260 1943 exprimitur;
1287 1885 1473 1929 contra
1500 1894 1642 1941 ver0,
1672 1877 1844 1926 minus
1868 1890 1978 1925 rem
2003 1874 2172 1925 solide
2196 1875 2524 1941 ponderanti
2556 1878 2747 1945 “quod'’

570 1958 689 2009 ideo
722 1958 1076 2009 introductum
1109 1961 1276 2010 videri
1302 1966 1502 2026 posset,
1534 1965 1608 2023 ut,
1632 1986 1697 1995 —
1721 1974 1838 2024 quae
1871 1974 1938 2008 ne
1964 1957 2021 2005 in
2050 1957 2506 2023 contemplatione
2548 1962 2748 2026 quidem

574 2042 785 2092 omnino
813 2057 1044 2108 unquam
1062 2042 1360 2093 voluntarie
1379 2041 1742 2093 obliviscenda
1759 2047 1853 2104 est,
1872 2068 1937 2078 —
1955 2056 2016 2091 ea
2034 2042 2435 2092 tam‘naseentis
2457 2051 2630 2108 qu‘am
2648 2059 2747 2093 cru-

573 2126 718 2176 cifixi
736 2124 844 2176 D'fii
860 2127 1037 2177 Nostri
1054 2127 1228 2192 reipsa
1248 2125 1611 2175 excluderetur
1632 2125 1833 2175 Deitas.

672 2210 753 2260 De
777 2208 992 2274 reliquis
1021 2216 1194 2262 autem
1221 2214 1281 2259 ut
1305 2210 1362 2259 in
1388 2208 1568 2259 ordine
1598 2206 1800 2273 loquar,
1819 2214 1978 2273 supra
1995 2207 2221 2274 quidem,
2252 2224 2349 2274 pro
2372 2207 2746 2277 “agnoscere'’,

573 2292 729 2342 modo
757 2298 1042 2342 memorata
1067 2292 1165 2342 Ed.
1191 2292 1362 2359 Lugd.
1392 2297 1442 2342 et
1470 2291 1604 2342 liber
1632 2290 1806 2340 Carth.
1830 2292 2078 2357 “agnosci
2105 2292 2172 2342 ab
2193 2291 2291 2342 ea'’
2315 2292 2552 2357 habent3
2580 2295 2637 2343 in
2663 2299 2747 2343 ter·

571 2375 647 2424 tia
665 2389 789 2423 vero
815 2375 1066 2423 Lectione
1084 2375 1358 2439 sequentia
1375 2375 1549 2424 notari
1565 2379 1812 2440 possunt:

671 2455 726 2503 M
732 2458 970 2501 ORALIS
996 2474 1060 2485 ·-
1079 2457 1377 2507 insinuatur
1392 2455 1562 2523 locus]
1589 2457 1800 2506 Ethices
1820 2457 2116 2524 suggeritur
2132 2461 2405 2522 punctum.

671 2539 802 2589 Post
832 2537 1017 2589 “suos''
1045 2539 1201 2589 Brev.
1228 2539 1376 2591 Rom.
1409 2538 1736 2590 “ministros''
1763 2540 1974 2601 inserit3
2021 2540 2163 2604 quod
2188 2539 2287 2589 Ed.
2315 2538 2494 2605 Lugd.
2527 2554 2564 2588 a
2592 2538 2746 2589 ustis

574 2621 684 2672 suis
708 2620 893 2672 abesse
921 2626 1086 2685 notat,
1115 2622 1213 2672 Ed.
1241 2620 1437 2672 Bened.
1472 2625 1525 2670 et
1552 2635 1711 2686 supra
1737 2626 2077 2672 memoratum
2104 2623 2262 2674 Brev.
2284 2621 2466 2672 Carth.
2492 2636 2625 2672 cum
2644 2622 2689 2670 A
2707 2627 2750 2669 et

573 2709 718 2754 textu
740 2711 919 2754 nostro
940 2694 1201 2756 omittunt.

671 2786 938 2853 instruxit]
973 2788 1104 2837 Post
1132 2786 1489 2837 “insinuatur’'
1522 2787 1724 2851 meliuS,
1760 2793 1820 2837 ut
1858 2786 2080 2851 videtur,
2122 2803 2242 2837 cum
2268 2785 2431 2837 modo
2460 2791 2750 2838 memorato

573 2871 730 2920 Brev.
751 2868 925 2919 Carth.
942 2870 1205 2936 legeretur
1231 2869 1528 2921 “instruit'’:
1548 2870 1733 2921 saltem
1748 2872 1802 2921 in
1819 2870 2046 2921 lectione
2066 2870 2228 2919 altera
2245 2873 2445 2920 rectius
2457 2871 2754 2937 perfectum

574 2951 856 3020 (ὃεδίδαχε,
880 2952 974 3003 kas
995 2950 1197 3022 tauqlzt)
1221 2970 1376 3021 quam
1392 2954 1613 3004 aoristue
1624 2950 1863 3020 (ἐδίδαξε,
1885 2952 2088 3021 tauqht)
2102 2953 2329 3020 intelligi
2347 2953 2584 3004 videtur.

669 3038 772 3089 Pro
804 3037 981 3087 “erant
1007 3035 1142 3085 fixa''
1170 3037 1327 3088 Brev.
1355 3037 1503 3088 Rom.
1538 3039 1671 3089 “fixa
1696 3038 1892 3090 erant''.
1926 3036 2057 3089 Cum
2077 3040 2123 3088 A
2141 3043 2193 3087 et
2210 3037 2308 3087 Ed.
2329 3043 2519 3088 nostra
2539 3052 2757 3087 concor·

575 3120 703 3170 dant
719 3127 826 3171 tam
848 3121 981 3171 liber
1006 3119 1183 3171 Carth.
1211 3135 1366 3184 quam
1391 3121 1556 3174 ambae
1577 3123 1810 3189 ipsorum
1829 3123 1881 3175 S.
1901 3120 2184 3186 Augustini
2205 3119 2441 3186 Operum
2461 3134 2636 3186 supra
2661 3134 2759 3168 me·

575 3209 788 3255 moratae
810 3203 941 3253 Edd.

672 3286 776 3336 Pro
799 3284 1006 3336 “fieret’'
1029 3286 1183 3336 Brev.
1207 3286 1378 3350 Rom„
1402 3285 1539 3337 liber
1563 3287 1753 3353 Carth„
1780 3293 1830 3339 et
1859 3286 2051 3339 eaedem
2077 3287 2127 3338 S.
2152 3286 2291 3353 Aug.
2317 3285 2455 3336 Edd.
2479 3284 2706 3336 ἣκει-ἰδ’.

674 3370 777 3418 Pro
800 3369 1067 3420 “doctrina
1084 3369 1247 3421 sana”
1269 3370 1422 3420 Brev.
1441 3372 1590 3421 Rom.
1612 3378 1664 3422 et
1682 3372 1873 3422 eaedem
1894 3371 1946 3420 S.
1964 3372 2099 3435 Aug.
2118 3369 2252 3419 Edd.
2277 3370 2443 3419 “sana
2462 3366 2767 3419 doctrina”.

673 3450 777 3501 Pro
811 3453 1031 3518 “negat'’
1059 3454 1213 3504 BreV.
1241 3453 1404 3516 Rom„
1433 3453 1570 3503 liber
1598 3454 1788 3518 Carth„
1818 3460 1869 3503 et
1894 3453 1946 3503 S.
1965 3451 2249 3518 Augustini
2270 3450 2512 3517 Operum
2540 3452 2651 3502 Ed.
2673 3453 2770 3501 Be·

576 3533 714 3596 ned„
752 3550 870 3584 cum
905 3535 1093 3586 Bibliis
1111 3535 1259 3601 ipsis,
1281 3541 1390 3584 tam
1409 3535 1607 3584 Graecis
1634 3552 1790 3600 quam
1808 3534 2025 3597 Latinis,
2055 3532 2350 3598 “negavit”:
2381 3562 2447 3570 —
2473 3534 2538 3583 in
2558 3535 2771 3584 Editio-

576 3616 660 3664 nis
695 3616 864 3683 Lugd.
894 3623 1042 3668 textu
1069 3619 1219 3682 idem,
1247 3618 1303 3667 in
1333 3618 1566 3681 margine
1586 3635 1713 3668 vero
1736 3619 1834 3669 “aL
1853 3616 2049 3684 negas”
2069 3615 2376 3683 (legendum
2399 3617 2503 3667 “al.
2525 3616 2774 3685 negat”),

578 3703 631 3747 et
651 3705 839 3764 postea
859 3700 916 3751 in
945 3700 1383 3768 Castigationibue,
1412 3696 1603 3750 “MSta
1626 3699 1800 3752 omnia
1820 3698 2026 3766 negat”‚
2049 3699 2336 3751 invenitur.
