2910 4457
978 290 1050 329 Al>
1089 291 1308 332 rurum
1350 291 1419 330 nr
1462 290 1728 331 murum.
2306 273 2389 336 25

366 2683 463 2741 03,
482 2683 659 2742 lingua
674 2719 687 2740 ‚
713 2693 885 2740 mens,
906 2694 1110 2743 sensus,
1130 2683 1292 2745 vigor,

302 2741 676 2793 Confessionem
700 2749 990 2802 personent,

302 2804 641 2855 flammescat
660 2806 779 2865 igne
797 2805 1042 2865 eharitaS,

303 2865 558 2917 Accendat
577 2869 728 2916 ardor
748 2867 1020 2926 proximos·

366 2929 552 2978 Praesta
568 2967 580 2985 ‚
605 2931 753 2977 Pater
774 2929 999 2987 piissime
1013 2966 1026 2989 ,

301 2989 539 3052 Patrique
555 2992 775 3051 Compar
798 2990 980 3051 Unice,

302 3051 428 3100 Cum
452 3053 647 3113 Spiritu
671 3051 922 3100 Paraclito

301 3114 540 3173 Regnans
553 3128 642 3175 per
656 3126 810 3161 omne
824 3114 1084 3161 saeculum.
1102 3113 1292 3162 Amen.

664 3175 928 3222 Psalmus.

299 3247 520 3348 Legem
548 3250 681 3297 pone
708 3236 965 3284 mibiDsie
984 3236 1120 3284 viam
1140 3235 1294 3294 justi-

381 3301 677 3348 ficationum
705 3305 914 3346 tuarum
935 3304 1010 3346 :et
1029 3298 1292 3358 exquiram

296 3373 407 3409 eam
427 3373 648 3420 semper.

357 3424 428 3473 Da
449 3424 581 3472 mihi
605 3421 921 3472 intellectum
934 3456 947 3481 ,
966 3425 1013 3469 et
1032 3420 1292 3470 scrutabor

1400 404 1559 464 legem
1586 408 1728 453 tuam
1752 420 1765 455 ε
1786 409 1836 453 et
1855 405 2136 455 custodiam
2170 407 2310 456 illam
2332 407 2387 456 in

1400 470 1503 514 toto
1527 468 1673 515 corde
1696 480 1827 515 meo·

1465 528 1637 576 Deduc
1688 541 1768 577 me
1799 530 1851 577 in
1896 529 2073 578 semita
2125 531 2389 579 mandato-

1399 600 1518 636 rum
1541 595 1744 637 tuorum
1769 607 1782 639 :
1803 592 1923 650 quia
1945 592 2107 650 ipsam
2128 592 2281 641 volui.

1461 651 1656 699 Inclina
1689 664 1771 699 cor
1807 665 1979 700 meum
2013 653 2063 700 in
2098 654 2387 704 testimonia

1397 714 1485 759 tua
1508 727 1519 760 :
1544 718 1590 759 ct
1612 725 1709 760 non
1730 713 1782 760 in
1802 714 2087 762 avaritiam.

1463 773 1647 821 Averte
1682 775 1852 821 oculos
1897 787 2034 822 meos
2079 789 2138 823 ne
2182 777 2387 827 videant

1396 834 1672 881 vanitatem
1703 849 1715 882 ε
1749 835 1801 881 in
1835 836 1913 882 via
1946 841 2029 884 tua
2059 837 2255 886 vivifica
2286 852 2384 889 me.

1462 895 1633 943 Statue
1653 908 1795 944 servo
1817 900 1902 943 tuo
1922 897 2179 956 eloquium
2202 904 2349 949 tuum
2372 917 2386 951 z

1397 956 1449 1003 in
1480 957 1659 1005 timore
1680 963 1782 1005 tuo,

1460 1018 1685 1078 Amputa
1707 1019 2030 1079 opprobrium
2056 1032 2227 1068 meum
2249 1023 2383 1082 quod

1393 1081 1682 1190 susplieatus
1696 1094 1812 1129 sum
1832 1096 1844 1132 :
1864 1083 1983 1142 quia
1999 1081 2191 1141 iudicia
2206 1088 2290 1130 tua
2306 1084 2386 1144 Ju-

1393 1153 1490 1188 eun
1531 1155 1577 1189 a.

1454 1203 1579 1252 Ecce
1603 1205 1868 1264 concupivi
1904 1206 2143 1254 mandata
2170 1211 2256 1254 tua
2288 1221 2301 1256 ε
2329 1206 2382 1255 in

1392 1265 1627 1324 aequitate
1648 1271 1734 1313 tua
1756 1267 1952 1314 vivifica
1981 1281 2079 1315 me.

1457 1326 1519 1373 Et
1550 1328 1717 1375 veniat
1743 1340 1891 1387 super
1928 1341 2011 1376 me
2040 1328 2384 1378 misericordia

1393 1391 1481 1433 tua
1505 1387 1614 1435 Dfie.
1639 1389 1891 1437 :salutare
1922 1394 2068 1437 tuum
2101 1391 2382 1439 secundum

1391 1448 1648 1507 eloquium
1672 1454 1837 1497 tuum.

1452 1509 1519 1557 Et
1593 1511 1897 1569 respondebo
1966 1510 2384 1568 exprobrantibus

1392 1571 1520 1618 mihi
1547 1573 1759 1620 verbum
1784 1573 1937 1633 :quia
1970 1572 2166 1631 speravi
2193 1573 2246 1621 in
2278 1586 2384 1622 ser·-

1391 1634 1631 1682 monibus
1648 1634 1767 1682 tuis.

1451 1694 1516 1742 Et
1542 1709 1604 1743 ne
1630 1696 1827 1744 auferas
1850 1697 1911 1745 de
1930 1708 2014 1744 ore
2037 1707 2150 1743 meo
2168 1698 2378 1745 verbum

1390 1757 1618 1804 veritatis
1643 1769 2003 1818 usquequaque
2027 1773 2039 1806 z
2065 1758 2185 1817 quia
2220 1759 2273 1806 in
2294 1759 2382 1819 ju-

1389 1817 1539 1866 diciis
1559 1819 1661 1866 tuis
1678 1819 2047 1880 supersperavi.

1450 1879 1517 1927 Et
1558 1882 1839 1929 custodiam
1873 1881 2031 1941 legem
2071 1884 2212 1927 tuam
2246 1893 2381 1929 sem·

1388 1950 1504 1997 per:
1532 1941 1583 1987 in
1613 1942 1853 1989 saeeulum
1879 1943 1996 1990 etin
2026 1941 2267 1988 saeeulum
2287 1954 2380 1990 sae-

1387 2003 1509 2049 culi.

1451 2063 1516 2111 Et
1530 2063 1854 2110 ambulabam
1874 2063 1925 2109 in
1942 2060 2210 2109 latitudine
2226 2075 2237 2109 z
2252 2062 2375 2122 quia

1389 2125 1626 2171 mandata
1646 2129 1730 2170 tua
1752 2123 2017 2184 exquisivi.

1450 2186 1516 2234 Et
1536 2185 1772 2246 loquebar
1790 2187 1843 2233 in
1865 2183 2168 2234 testimoniis
2189 2184 2290 2234 tuis
2318 2184 2372 2235 in

1388 2254 1656 2357 fionspeetu
1679 2261 1857 2309 regum
1882 2263 1896 2298 z
1915 2253 1962 2297 et
1982 2259 2080 2294 non
2109 2247 2379 2298 confunde-

1424 2323 1499 2358 ar.

1451 2372 1516 2421 Et
1551 2371 1829 2421 meditabar
1860 2371 1912 2419 in
1950 2371 2203 2419 mandalis
2238 2370 2373 2421 tuis:

1388 2447 1503 2495 quae
1524 2435 1693 2483 dilexi.

1454 2497 1518 2544 Et
1556 2496 1712 2545 levavi
1746 2507 1933 2543 manus
1958 2507 2096 2543 meas
2124 2495 2186 2542 ad
2223 2508 2377 2544 man-

1389 2558 1504 2606 data
1548 2563 1631 2605 tua
1669 2571 1781 2618 quoe
1824 2557 1972 2605 dilexi
2000 2562 2086 2604 :et
2116 2558 2376 2605 exercebor

1391 2619 1443 2667 in
1468 2619 1897 2676 justficationibus
1918 2617 2041 2664 tuiS.

1455 2680 1645 2741 [Gloria
1666 2678 1844 2738 Patri.]

1745 2741 2007 2788 Psalmus.

1489 2815 1627 2850 emor
1649 2807 1752 2850 esto
1772 2803 1910 2850 verbi
1932 2803 2004 2849 tui
2022 2814 2165 2851 servo
2184 2806 2300 2851 tuo:
2317 2802 2369 2851 in

1492 2877 1591 2924 quo
1605 2864 1731 2912 mibi
1753 2876 1893 2923 spem
1916 2864 2119 2913 dedisti.

1451 2928 1572 2975 Haec
1599 2940 1678 2975 me
1704 2927 1954 2975 consolata
1980 2932 2054 2974 est
2078 2927 2132 2975 in
2166 2926 2370 2976 humili·

1388 2994 1488 3037 tate
1510 3002 1619 3036 mea
1645 3004 1657 3038 ε
1684 2988 1805 3049 quia
1831 2989 2089 3050 eloquium
2119 2996 2267 3037 tuum
2293 2990 2369 3037 vi·-

1389 3051 1609 3099 vitieavit
1626 3064 1722 3098 me.

1451 3113 1663 3171 Superbi
1713 3112 1884 3172 inique
1922 3112 2134 3172 agebant
2191 3124 2369 3173 usque·

1388 3187 1614 3235 quaque:
1638 3187 1667 3222 a
1701 3174 1804 3233 lege
1838 3179 2005 3221 autem
2030 3180 2115 3222 tua
2149 3186 2249 3222 non
2282 3175 2369 3223 de-

1386 3237 1594 3284 elinavi.

1451 3299 1648 3347 Memor
1679 3296 1751 3345 sui
1775 3294 2086 3353 judiciorum
2111 3301 2315 3344 tuorum
2338 3307 2366 3343 a

1387 3360 1571 3407 saeculo
1590 3359 1700 3406 Due
1728 3374 1741 3405 ε
1768 3362 1814 3405 et
1834 3358 2119 3405 consolatus
2138 3369 2272 3405 sum.

1448 3421 1667 3470 Deiectio
1692 3418 1854 3467 tenuit
1879 3429 1960 3467 me
1991 3433 2003 3467 ε
2032 3431 2121 3478 pro
2151 3422 2369 3477 peccato-

2090 3497 2121 3546 3
