2910 4457
174 406 267 459 ΑΒ
286 408 318 470 S
336 406 485 473 2—4)
794 425 1140 467 sumansu
1164 424 1214 466 m
1239 425 1466 470 Tauron
1491 424 1745 465 uscmu.
2265 406 2335 496 iij

174 565 293 623 esto,
316 558 398 609 bis
415 557 651 632 duorum,
679 559 736 610 in
762 560 960 624 ultim0,
981 558 1198 611 secundi
1215 565 1268 610 et
1285 559 1472 625 quarti,
1499 557 1794 609 terminatio
1813 554 2013 607 similis.
2028 562 2102 596 -‘
2110 555 2336 609 Mettum

172 657 318 706 vero,
338 657 433 693 seu
449 645 626 709 potius
643 644 794 694 metri
812 648 986 710 typus,
1005 647 1087 693 est
1104 641 1356 693 Iambicus
1372 641 1605 693 Dimeter
1620 638 2008 691 Acataleeticus.

272 725 517 791 Hymnus
540 732 713 777 autem
745 732 887 777 totus
909 742 1019 776 non
1040 726 1144 776 nisi
1165 726 1284 776 finis
1309 730 1392 776 est
1408 725 1593 791 hymni
1614 722 1886 790 longioris,
1917 725 2119 788 septem
2142 722 2334 790 quippe

171 808 482 859 tetrasticha
504 809 835 872 continentis,
859 809 949 873 qui
969 808 1026 858 in
1044 808 1263 874 Proprio
1291 806 1354 858 de
1372 808 1629 872 Tempore
1651 805 1897 857 Paschali
1916 805 1975 856 in
1993 804 2177 857 Officio
2197 806 2334 858 Noc-

170 893 331 941 turno
358 890 653 943 dicebatur:
677 893 744 943 ef.
766 892 836 943 ad
858 892 888 954 ὅ
912 893 961 942 5.
1733 916 1738 919 -

273 974 515 1025 Ceterum
529 976 586 1025 in
607 975 830 1042 hymnis,
854 975 1076 1040 aliisque
1097 974 1326 1025 metricis
1348 973 1605 1024 Breviarii
1625 971 1877 1038 partibus,
1900 968 1989 1022 vel
2012 987 2131 1037 qun
2151 972 2336 1024 saltem

172 1058 631 1110 terminationibus
665 1058 921 1109 similibus
960 1058 1207 1125 gaudent,
1249 1072 1358 1108 non
1391 1057 1564 1108 solum
1598 1055 1761 1121 (quod
1792 1057 1851 1106 in
1883 1054 2032 1106 libris
2068 1056 2336 1108 veteribus

174 1139 465 1204 invenitur)
500 1141 804 1192 tetrasticha
826 1142 1024 1191 aliosve
1049 1140 1421 1208 paragraphos,
1459 1139 1553 1190 sed
1594 1146 1646 1190 et
1676 1137 1913 1206 singulos
1943 1138 2129 1190 horum
2150 1154 2335 1191 versus

174 1223 262 1276 vel
286 1224 665 1289 quasi-versus,
687 1240 830 1274 more
852 1223 1104 1274 hodierno
1131 1223 1373 1288 disjunxi.

271 1303 383 1356 ,Per
414 1304 632 1357 Octavus
652 1334 718 1345 -
739 1305 945 1372 Amen.]
969 1307 1032 1357 In
1054 1305 1098 1355 L
1123 1305 1313 1356 desunt
1334 1305 1472 1356 haec:
1497 1303 1607 1367 sed,
1625 1310 1969 1372 praeterquam
1992 1303 2132 1368 quod
2154 1303 2211 1353 in
2233 1303 2338 1356 hoc

175 1391 350 1438 vetere
371 1387 525 1438 MSto
548 1389 768 1440 rubricae
797 1391 993 1455 passim
1016 1390 1290 1456 pauciores
1324 1393 1463 1451 sunt,
1496 1389 1554 1440 in
1575 1404 1631 1438 re
1653 1388 1749 1438 tali
1768 1389 2140 1455 impressorum
2159 1402 2337 1439 recen·-

174 1470 365 1523 tiorum
389 1474 603 1524 omnino
628 1473 951 1537 sequendum
978 1479 1058 1524 est
1079 1474 1454 1523 auctoritatem.

270 1551 310 1622 B
336 1552 445 1624 30)
487 1554 789 1607 Venimus.
809 1581 871 1592 —
888 1555 1204 1622 Responsio]
1240 1557 1321 1607 De
1354 1555 1690 1606 distinctione
1719 1555 1857 1605 inter
1891 1553 2102 1605 Versum
2125 1559 2178 1604 et
2213 1552 2336 1606 Ver·

173 1638 400 1703 siculum,
425 1638 825 1705 Respomoriwn
848 1645 899 1690 et
921 1639 1332 1705 Respomionem‚
1356 1638 1479 1690 vide
1501 1637 1875 1689 Annotationes
1896 1635 2196 1704 Lonqiom.

272 1719 626 1787 Hjerusalem]
652 1722 714 1771 In
732 1721 792 1785 L,
814 1724 964 1791 profl
983 1723 1212 1789 aspirato
1233 1721 1345 1787 (Hi,
1364 1721 1548 1773 melius
1567 1720 1759 1789 HJ),-
1774 1720 1984 1785 omiss0,
2009 1719 2339 1786 quemadmo-

180 1803 300 1854 dum
315 1805 373 1854 in
384 1803 617 1870 Vulgata
627 1803 915 1855 Bibliorum
931 1805 1192 1870 Editione,
1210 1805 1544 1871 aspirationis
1560 1804 1826 1856 mediaevae
1842 1805 2090 1871 signo,-‚-
2100 1805 2297 1870 passim
2313 1804 2340 1856 1

181 1884 233 1948 (i.
259 1901 301 1936 e.
323 1887 383 1952 J)
410 1885 731 1937 ordinarium
751 1886 956 1952 legitur.
981 1889 1063 1939 De
1081 1888 1321 1955 aspiratae
1340 1894 1512 1938 autem
1536 1887 1876 1939 consonantis
1898 1887 2338 1954 pronunciatione

178 1982 228 2017 v.
244 1968 392 2020 Fasc.
410 1969 454 2034 1,
470 1986 524 2037 p.
541 1969 741 2020 lxxviii.
753 1969 786 2002 '¹‘

274 2052 485 2121 laetitiae]
510 2054 613 2106 Pro
638 2054 693 2119 ti,
717 2054 1015 2123 ubicunque
1038 2055 1180 2122 apud
1198 2054 1483 2120 hodiernos
1506 2054 1717 2106 mollius
1740 2054 2016 2120 profertur,
2040 2054 2097 2104 in
2119 2054 2165 2105 1.
2189 2053 2332 2106 ciin·

181 2138 400 2188 venitur.

275 2238 387 2272 cum
417 2221 499 2274 liis
532 2220 716 2289 verbis]
750 2222 854 2273 Pro
886 2220 965 2273 his
997 2221 1041 2272 L
1073 2222 1270 2289 passim
1298 2220 1425 2287 hiim
1468 2220 1609 2289 quod
1633 2222 1762 2275 etin
1786 2221 1968 2275 amuli
1991 2219 2182 2273 decimi
2200 2221 2336 2273 sexti

182 2305 381 2371 scriptis
406 2321 549 2372 saepe
569 2304 792 2356 videtur.
819 2306 896 2358 cf.
920 2304 987 2356 ad
1005 2307 1035 2368 5
1060 2307 1141 2357 25.

272 2387 346 2439 ad
383 2388 642 2440 Christum
660 2387 891 2455 passum]
925 2389 967 2437 1.
1003 2404 1047 2439 e.
1071 2389 1188 2456 jam
1208 2404 1450 2455 passum3
1486 2390 1575 2456 qui
1599 2392 1856 2457 Tempore
1877 2387 2125 2442 Paschali
2145 2391 2205 2439 ut
2219 2386 2339 2454 jam

175 2483 354 2533 passus
375 2471 442 2522 ab
465 2471 724 2534 Ecclesia,
756 2472 1028 2522 mirificum
1051 2472 1244 2539 Sponsi
1265 2474 1348 2524 sui
1372 2489 1505 2540 opus
1529 2480 1583 2525 et
1604 2489 1832 2526 amorem
1851 2474 2110 2541 perpetua
2141 2487 2337 2523 memo·

181 2551 266 2601 riae
287 2554 617 2605 revolutione
640 2555 918 2618 recolente,
948 2554 1174 2606 filiorum
1208 2572 1419 2606 suorum
1446 2557 1634 2607 animis
1657 2558 1980 2624 proponitur.
2011 2554 2075 2605 In
2093 2554 2139 2604 1.
2163 2558 2338 2604 autem

181 2637 300 2697 post
318 2651 535 2701 passum
565 2636 773 2687 additur
804 2636 899 2688 hoc
931 2646 1179 2702 tempore3
1213 2637 1356 2703 quod
1389 2643 1482 2689 aut
1512 2655 1607 2706 pro
1629 2639 1746 2705 ipso
1758 2638 1889 2706 jam,
1925 2643 2017 2690 aut
2038 2638 2246 2690 facilius
2271 2637 2336 2688 de

182 2720 406 2782 tempore
427 2720 729 2771 Passionali
752 2735 867 2770 cum
891 2720 1136 2770 Paschali
1157 2721 1213 2770 in
1236 2735 1398 2771 unum
1423 2721 1724 2785 conjunct0,
1749 2722 1918 2788 accipi
1938 2725 2130 2788 potest.

282 2797 457 2852 Oratio
473 2830 546 2841 -
564 2800 836 2868 temporis]
862 2803 925 2852 In
946 2802 1007 2866 L,
1024 2829 1090 2838 -
1106 2802 1163 2852 in
1187 2818 1307 2869 quo,
1330 2809 1390 2853 ut
1411 2818 1571 2868 supra
1595 2803 1683 2869 (ad
1707 2807 1737 2868 5
1757 2804 1808 2869 2)
1834 2804 2029 2856 dictum
2052 2808 2148 2868 est,
2169 2804 2337 2856 rubri·

185 2894 255 2931 οε
274 2887 467 2947 passim
489 2891 618 2937 sunt
635 2886 928 2952 pauciores,
949 2914 1014 2925 —
1036 2887 1151 2938 haec
1172 2894 1225 2937 et
1243 2888 1482 2954 proxima
1504 2904 1611 2938 non
1634 2888 1991 2940 inveniuntur.

275 2962 314 3031 6
338 2963 444 3036 4.)
473 2971 499 2997 “
514 2968 640 3020 Tres
651 2969 845 3035 psalmi
866 2969 1143 3022 dicuntur-'²
1167 2970 1285 3036 &c.)
1308 2972 1566 3037 Tempore
1589 2971 1835 3024 Paschali
1853 2989 1981 3036 non,
2005 2972 2337 3038 quemadmo-

186 3044 301 3099 dum
321 3050 376 3100 in
393 3052 582 3119 reliqui
602 3053 849 3120 temporis
871 3053 1202 3119 lectionibus,
1225 3071 1258 3104 a
1280 3060 1539 3106 nocturno
1562 3055 1730 3121 primo
1753 3055 1976 3123 singulis
1993 3057 2336 3110 hebdomadis

181 3122 321 3192 (nam
351 3135 575 3199 qualibet
597 3151 691 3201 pro
714 3152 1020 3204 unaquaque
1040 3139 1270 3204 positum
1302 3139 1402 3205 est)
1438 3140 1795 3205 incipiendum
1818 3146 1953 3193 erate
1986 3148 2171 3193 oontra
2189 3157 2336 3206 vero,

184 3208 618 3270 hebdomadarum
649 3218 983 3271 distinetione
1005 3221 1203 3286 relicta,
1232 3223 1468 3289 ipsorum
1488 3228 1691 3274 tantum
1712 3230 2086 3277 nocturnorum
2112 3225 2237 3277 ordo
2260 3231 2335 3276 te-

187 3297 378 3350 nendus
414 3309 547 3365 erat3
587 3308 647 3353 ut
679 3318 838 3369 quum
870 3305 1112 3355 nocturni
1146 3309 1252 3356 tres
1278 3304 1404 3356 dicti
1440 3306 1678 3370 fuissent,
1718 3312 1831 3358 tum
1865 3307 2073 3359 demum
2105 3323 2138 3360 a
2167 3307 2334 3375 primo

186 3376 363 3432 iterum
383 3385 739 3454 incipiendum
762 3394 914 3439 esset.

208 3590 219 3601 ·
248 3526 279 3557 '¹‘
289 3529 428 3582 Idem
448 3535 590 3586 valet
615 3535 922 3587 mediaevum
944 3535 1047 3587 Jh:
1080 3537 1201 3588 vide
1299 3539 1355 3588 in
1405 3554 1533 3603 qua,
1556 3565 1622 3575 -
1644 3544 1719 3602 ut,
1760 3539 1932 3590 allatis
1974 3538 2239 3607 exemplis,
2279 3540 2336 3590 in

187 3587 369 3674 111¹qu
413 3600 732 3653 Germanica
783 3603 1087 3667 antiquioris
1137 3603 1201 3653 de
1300 3605 1468 3654 Diarii
1509 3604 1839 3657 coloniensis
1871 3605 2127 3657 Deutsche
2162 3604 2336 3658 Volks·

191 3654 384 3712 Sancus
438 3666 627 3718 Tribus
680 3670 910 3735 Regibus
962 3670 1197 3736 (Mag-is)
1299 3670 1436 3722 halle
1462 3674 1639 3722 vocati
1668 3672 2069 3738 Supplemento,
2100 3672 2182 3723 die
2208 3674 2335 3725 Jan.

189 3718 476 3788 Legendam
510 3734 808 3799 notabilem,
842 3735 1137 3801 Inspruckii
1168 3752 1200 3786 a
1299 3740 1352 3800 7,
1386 3736 1652 3801 laudatur,
1676 3765 1740 3774 —
1766 3737 2146 3791 “herusalem''
2175 3740 2336 3808 scrip·

187 3783 478 3848 Professore
503 3800 745 3867 Zingerle
767 3816 950 3854 recens
981 3802 1198 3865 editam3
1296 3807 1410 3855 tum
1433 3804 1641 3871 legitur.

1837 3917 1908 3958 82
