2910 4457
222 436 252 498 ἓ
270 433 547 499 195-197)

256 583 496 634 animiter
509 597 795 648 pravorum
811 582 1035 634 adversa
1049 584 1254 635 tolerat.

220 600 464 700 fatitudo
500 649 824 712 charitatem,
861 666 964 715 qua
992 651 1135 700 intus
1163 666 1257 715 per

222 717 428 766 viscera
451 716 661 780 pietatis
700 718 980 781 spaciatur.
1014 716 1254 766 Altitudo

221 798 390 847 spem,
433 797 537 845 qua
574 788 787 846 propter
825 783 968 834 bona
1008 797 1124 846 quae
1162 798 1256 848 per

221 848 523 899 charitatem
558 853 817 914 operatur,
858 848 1088 900 coelestis
1133 850 1257 899 vitas

219 914 431 981 praemia
456 920 713 1029 expectat.
738 979 750 991 .

494 978 511 1047 [
565 996 632 1031 ec.
657 997 706 1045 υ]
728 995 787 1029 m
806 978 893 1028 Pr.
917 979 977 1030 L.

304 1060 336 1095 ‘r
359 1042 495 1097 bene
513 1045 790 1112 longitudo
811 1047 1018 1098 senario
1037 1061 1254 1096 numero

215 1059 305 1174 E
323 1113 642 1179 exprimitur,
677 1112 801 1176 quia
830 1127 892 1161 eo
914 1112 1176 1163 bonorum
1202 1127 1257 1162 o-

218 1193 402 1243 perum
419 1179 680 1244 perfeceio
700 1178 965 1244 designari
980 1179 1129 1228 solet.
1155 1178 1255 1229 Be·

215 1258 286 1294 ne
322 1244 488 1294 eciam
525 1243 818 1310 latitudinis
853 1245 1034 1310 templi
1066 1244 1258 1310 viginti

218 1315 345 1360 sunt
378 1309 558 1372 cubiti,
592 1310 726 1375 quia*
741 1310 1016 1377 geminum
1039 1317 1120 1360 est
1141 1326 1256 1376 pre-

217 1383 430 1439 ceptum
470 1376 718 1438 caritatis,
760 1390 865 1439 qua
904 1374 1143 1427 Ecclesia
1198 1377 1256 1427 in

216 1442 567 1493 tribulacione
603 1441 860 1492 dilatatur.
896 1443 1137 1509 Triginta
1170 1457 1258 1492 au-

215 1513 326 1558 tem
366 1509 423 1557 in
451 1508 725 1559 altitudine
758 1512 883 1557 sunt
914 1508 1095 1570 cubiti,
1136 1509 1259 1572 quia

216 1573 391 1624 omnis
426 1572 710 1624 electorum
751 1589 872 1642 spes
897 1575 965 1624 ad
997 1575 1258 1625 visionem

215 1640 429 1691 Sanctae
452 1641 722 1692 Trinitatis
788 1646 1008 1691 uantum
1033 1640 1178 1691 valet
1200 1654 1258 1690 se

215 1705 483 1758 exerendo
507 1722 598 1772 pre
640 1712 764 1757 arat

289 1771 334 1840 ξ
362 1769 613 1888 198·)C
636 1772 889 1887 eeandussz
899 1771 1179 1902 )Joannem.

616 1854 647 1888 a
687 1875 699 1888 .
728 1843 804 1890 10.
884 1876 896 1887 .

271 1920 311 1957 Ν
334 1905 431 1956 illo
455 1839 714 1972 terdporssz
750 1905 913 1954 Facta
931 1907 1053 1955 sunt
1075 1905 1257 1955 Encae-

213 1920 363 2032 Hnia
374 1974 432 2022 in
443 1972 513 2034 Hj
518 1987 605 2022 ero
611 1972 847 2037 solymis,
867 1977 919 2021 et
929 1971 1115 2036 hyems
1129 1977 1255 2021 erat.

211 2040 283 2090 Et
324 2037 632 2089 ambulabat
663 2039 824 2088 Jesus
864 2037 919 2086 in
957 2037 1166 2103 templo,
1200 2037 1257 2086 in

210 2107 426 2171 porticu
452 2103 766 2154 Salomonis.
801 2104 873 2153 Et
894 2103 1113 2167 reliqua.

300 2169 552 2221 Homelia
572 2170 723 2221 Beati
738 2170 978 2237 Gregorii
996 2170 1166 2236 Papae.

279 2237 408 2289 Leo.
427 2237 512 2304 my.
535 2238 810 2287 ENcAEmA
833 2237 1159 2287 vocabantur
1178 2253 1259 2287 so·

207 2305 400 2356 lennia
424 2302 769 2354 dedicationis
791 2302 989 2368 templi,
1025 2318 1142 2368 quae
1164 2318 1258 2368 po-

207 2371 374 2437 pulus
401 2370 504 2419 Dei
527 2384 592 2419 ex
625 2369 842 2433 antiqua
908 2376 1076 2418 atrum
1099 2369 1258 2418 tradi-

204 2438 355 2487 tione
395 2438 488 2499 per
520 2450 689 2485 annos
721 2437 878 2500 singu
902 2450 961 2484 os
995 2433 1260 2485 celebrare
1327 2447 1332 2451 ·

208 2507 584 2553 consueverat.
627 2501 859 2562 Quorum
900 2502 1126 2566 vestigia
1158 2515 1258 2550 nos

203 2569 370 2621 hodie
391 2567 546 2631 juxta
579 2583 776 2617 morem
799 2567 1083 2617 Christiani
1117 2567 1257 2617 orbis

206 2639 515 2701 sequentes,
536 2647 764 2683 annuam
778 2631 1142 2683 Dedicationis
1157 2633 1257 2682 Ec-

208 2700 393 2751 clesiae
415 2703 613 2748 nostrae
637 2698 773 2747 diem
797 2697 987 2749 divinis
1011 2698 1257 2749 laudibus

208 2773 263 2818 et
279 2765 487 2834 vigiliis
507 2763 775 2815 studemus
793 2779 950 2830 agere
967 2764 1256 2816 solennem.

583 2829 762 2880 Lectio
784 2831 855 2880 vii
868 2831 890 2880 ⁹.

298 2910 331 2945 ἰ·
364 2897 509 2946 hanc
542 2911 668 2963 ergo
702 2912 801 2947 nos
849 2896 1167 2947 estivitatem
1191 2911 1254 2948 eo

202 2909 503 3027 Emajori
520 2961 802 3013 devotione
821 2962 1083 3013 celebrare
1102 2977 1253 3027 opor-

203 3036 298 3091 tet,
338 3044 448 3093 quo
481 3042 597 3078 eam
629 3027 961 3094 Redemptori
992 3042 1108 3078 esse
1136 3043 1253 3094 gra-

201 3095 474 3145 tissimam
497 3094 859 3159 cognovimus.
876 3093 1025 3145 Adeo
1044 3098 1104 3142 ut
1117 3095 1172 3144 in
1191 3109 1255 3143 ea

202 3159 470 3227 templum
491 3161 606 3226 ipse
630 3159 851 3227 ingredi,
885 3166 938 3211 et
962 3175 1255 3210 sermonem

984 450 1032 489 m
1057 450 1385 492 nssnch'nouE
1410 449 1686 491 ECCLESIAE.

2273 435 2396 502 207

1354 586 1526 635 facere
1539 582 1606 634 ad
1617 580 1889 649 populum,
1906 598 1969 635 ac
1982 583 2269 635 divinitatis
2287 599 2397 635 suns

1354 658 1680 700 sacramenta
1704 649 1947 713 pandere,
1974 650 2223 716 dignatus
2249 656 2342 701 est.

1592 713 1631 782 6
1663 712 1864 781 19⁷0)
1889 715 2066 767 Lectio
2088 717 2160 766 ix·

1436 796 1454 829 1
1494 796 1619 848 ergo
1660 783 1926 833 ambulare
1971 780 2142 832 voluit
2181 780 2298 833 Dfis
2338 784 2394 833 in

1449 850 1644 914 templo
1684 850 1739 899 in
1781 865 1885 914 quo
1927 863 2048 899 caro
2094 856 2146 900 et
2181 850 2396 916 sanguis

1353 914 1627 965 brutorum
1694 915 1997 966 animalium
2067 915 2394 977 offerebatur,

1355 980 1520 1031 multo
1557 982 1724 1050 magis
1760 981 2010 1032 orationis
2044 990 2280 1032 nostram
2305 981 2396 1031 do-

1353 1062 1512 1109 mum,
1539 1048 1634 1097 ubi
1667 1048 1838 1098 carnis
1861 1047 2037 1113 Ipsius
2084 1053 2136 1097 et
2183 1052 2396 1113 sangui-

1353 1115 1438 1162 nis
1487 1120 1816 1164 sacramenta
1867 1113 2213 1176 celebrantur,
2270 1114 2396 1162 visi-

1355 1185 1464 1228 tare
1542 1179 1771 1230 audebit.
1816 1178 2053 1245 [Initium
2086 1177 2206 1230 Leo.
2242 1179 2299 1229 ix
2339 1179 2398 1229 in

1354 1244 1440 1294 Pr.
1459 1244 1519 1294 L.
1570 1246 1624 1295 Si
1648 1244 2008 1311 perambulare
2027 1260 2135 1296 non
2154 1245 2395 1311 despexit

1355 1308 1474 1361 Dfis
1496 1312 1552 1360 in
1576 1312 1784 1376 porticu
1805 1312 1861 1361 in
1887 1326 1990 1375 quo
2015 1326 2107 1360 rex
2126 1310 2392 1375 quondam

1355 1376 1590 1427 mortalis
1625 1391 1691 1427 ac
1728 1383 1983 1439 terrenus,
2025 1378 2266 1441 quamvis
2299 1392 2394 1443 po-

1354 1443 1697 1505 tentissimus,
1744 1450 1881 1492 stare
1929 1442 2148 1504 solebat,
2197 1447 2394 1508 quanto

1354 1510 1525 1587 magis
1542 1508 1831 1574 penetralia
1849 1508 2084 1559 cordium
2098 1517 2399 1559 nostrorum

1354 1575 1584 1625 invisere
1612 1580 1766 1639 atque
1803 1574 2066 1626 illustrare
2100 1574 2396 1625 desiderat?

1357 1641 1416 1690 Si
1437 1645 1616 1691 tamen
1646 1641 1908 1707 porticum
1947 1655 2062 1691 esse
2087 1640 2395 1701 Salomonis,

1354 1706 1460 1757 hoc
1494 1714 1591 1769 est,
1630 1708 1675 1758 si
1712 1722 1774 1757 ea
1796 1707 2032 1756 timorem
2059 1722 2211 1756 suum
2237 1707 2401 1771 (quod

1358 1777 1438 1823 est
1468 1772 1674 1823 initium
1710 1773 2001 1837 sapientise)
2038 1772 2247 1836 habere,
2282 1789 2399 1840 per-

1357 1840 1598 1904 spexerit.
1632 1837 1720 1906 [In
1743 1840 1826 1889 Pr.
1845 1839 1889 1889 L
1908 1838 2144 1889 additum
2162 1847 2265 1889 est:
2300 1840 2398 1889 Ne-

1358 1920 1461 1969 que
1486 1905 1623 1954 enim
1646 1904 1938 1972 putandum
1962 1912 2043 1955 est
2065 1907 2187 1970 quia
2212 1904 2397 1955 domus

1358 1969 1686 2022 solummodo
1704 1972 1759 2020 in
1780 1986 1882 2035 qna
1901 1969 2055 2035 ((ad))
2077 1969 2401 2022 adorandum

1354 2036 1441 2086 vel
1498 2036 1565 2086 ad
1610 2038 1841 2087 misteria
1894 2036 2208 2087 celebranda
2274 2052 2398 2087 con-

1357 2102 1601 2153 venimus
1635 2103 1887 2169 templum
1926 2103 1995 2152 sit
2033 2101 2158 2164 Diii,
2200 2107 2251 2151 et
2289 2118 2401 2152 non

1356 2168 1462 2235 ipsi
1501 2169 1592 2234 qui
1639 2169 1695 2218 in
1736 2169 1950 2218 nomine
1990 2166 2099 2219 Diii
2147 2168 2399 2218 conveni-

1356 2251 1490 2294 mus,
1524 2235 1689 2285 multo
1725 2235 1892 2301 magis
1925 2234 2175 2300 templum
2199 2232 2308 2285 Dffi
2350 2241 2402 2285 et

1357 2300 1683 2367 appellemur
1700 2307 1752 2350 et
1769 2316 1964 2352 sumus.
1987 2302 2069 2351 Tu
2089 2305 2265 2350 autem
2275 2297 2399 2350 Dfie

1357 2369 1603 2418 miserere
1627 2365 1829 2434 nostri]

1423 2434 1512 2484 An
1537 2434 1776 2482 ΡΜΜΑΜ
1800 2447 1868 2483 rer
1891 2446 1970 2482 An
1995 2431 2173 2482 Amas
2195 2433 2397 2484 Holus

1358 2500 1530 2550 omnia
1539 2499 1683 2564 fiant
1706 2499 1836 2550 sicut
1856 2499 2007 2565 infra
2040 2497 2145 2549 Oct.

1424 2566 1512 2615 An
1538 2566 1589 2614 II
1614 2565 1803 2615 Vtsr’s
1833 2565 2008 2627 omnia
2056 2565 2171 2617 iant
2191 2565 2321 2616 sieut
2343 2565 2404 2616 in

1358 2630 1459 2693 die,
1477 2639 1672 2696 praeter
1695 2632 1861 2694 Rium,
1885 2647 1982 2696 quo
2045 2647 2151 2680 non
2169 2631 2402 2694 dicetur,-

1358 2712 1471 2748 cum
1494 2697 1591 2747 Ῑιαο
1622 2695 1881 2759 Oratione,
1915 2699 2061 2747 Deus
2095 2698 2187 2761 qui
2216 2697 2400 2747 Eccle-

1358 2765 1491 2814 siam
1516 2764 1569 2824 (ἓ
1599 2763 1732 2828 175).

1423 2828 1672 2890 QUANno
1700 2829 1781 2896 fit
1818 2827 2082 2879 servatium
2121 2827 2188 2880 de
2227 2829 2400 2897 aliquo

1358 2893 1552 2946 Sancto
1584 2911 1688 2960 per
1743 2892 1984 2957 Octavus,
2015 2894 2131 2961 fiat
2175 2896 2402 2947 solennis

1354 2961 1600 3013 memoria
1633 2960 1698 3012 de
1730 2960 1836 3011 Oct.
1886 2977 1999 3011 cum
2035 2959 2131 3012 hoc
2153 2959 2271 3022 vlo,
2297 2968 2402 3011 tam

1354 3027 1427 3078 ad
1465 3026 1557 3078 Ves
1597 3026 1635 3077 ἐ
1667 3043 1820 3092 quam
1852 3025 1925 3077 ad
1948 3025 2093 3077 Maca
2134 3025 2223 3088 Va,
2246 3027 2399 3078 Beati

1354 3095 1446 3157 qui
1490 3093 1559 3143 ha
1596 3094 1732 3143 itant
1777 3093 1830 3155 (ὃ
1874 3093 2017 3157 175):
2062 3091 2166 3143 eive
2204 3091 2399 3157 duplex

1339 3159 1539 3226 festum
1559 3158 1640 3222 sit,
1664 3158 1768 3210 sive
1790 3175 1913 3209 non.

972 3445 1630 3502 &worse——
