<?xml version="1.0" encoding="UTF-8"?>
<!DOCTYPE html PUBLIC "-//W3C//DTD XHTML 1.0 Transitional//EN"
    "http://www.w3.org/TR/xhtml1/DTD/xhtml1-transitional.dtd">
<html xmlns="http://www.w3.org/1999/xhtml" xml:lang="en" lang="en">
 <head>
  <title>
</title>
<meta http-equiv="Content-Type" content="text/html;charset=utf-8" />
  <meta name='ocr-system' content='tesseract 3.04.00' />
  <meta name='ocr-capabilities' content='ocr_page ocr_carea ocr_par ocr_line ocrx_word'/>
</head>
<body>
  <div class='ocr_page' id='page_1' title='image "./portiforiiseubr00cathgoog_0434.png"; bbox 0 0 2910 4457; ppageno 0'>
   <div class='ocr_carea' id='block_1_1' title="bbox 534 406 2738 496">
    <p class='ocr_par' dir='ltr' id='par_1_1' title="bbox 534 406 2738 496">
     <span class='ocr_line' id='line_1_1' title="bbox 534 406 2738 496; baseline -0.001 -29"><span class='ocrx_word' id='word_1_1' title='bbox 534 406 711 496; x_wconf 80' lang='lat' dir='ltr'><strong>lxviij</strong></span> <span class='ocrx_word' id='word_1_2' title='bbox 1013 422 1061 465; x_wconf 76' lang='lat' dir='ltr'><strong>m</strong></span> <span class='ocrx_word' id='word_1_3' title='bbox 1087 423 1277 463; x_wconf 67' lang='lat' dir='ltr'><strong>risun</strong></span> <span class='ocrx_word' id='word_1_4' title='bbox 1303 423 1349 463; x_wconf 81' lang='lat' dir='ltr'><strong>B.</strong></span> <span class='ocrx_word' id='word_1_5' title='bbox 1376 424 1429 467; x_wconf 78' lang='grc' dir='ltr'><strong>ι.</strong></span> <span class='ocrx_word' id='word_1_6' title='bbox 1457 425 1505 465; x_wconf 85' lang='lat' dir='ltr'><strong>v.</strong></span> <span class='ocrx_word' id='word_1_7' title='bbox 1533 423 2024 464; x_wconf 70' lang='lat' dir='ltr'><strong>cosutuosmonmr</strong></span> <span class='ocrx_word' id='word_1_8' title='bbox 2280 409 2402 476; x_wconf 78' lang='lat' dir='ltr'><strong>(An</strong></span> <span class='ocrx_word' id='word_1_9' title='bbox 2425 411 2459 473; x_wconf 69' lang='lat'>5</span> <span class='ocrx_word' id='word_1_10' title='bbox 2484 413 2738 465; x_wconf 74' lang='lat'>150-152</span> 
     </span>
    </p>
   </div>
   <div class='ocr_carea' id='block_1_2' title="bbox 537 555 2767 3529">
    <p class='ocr_par' dir='ltr' id='par_1_2' title="bbox 537 555 2735 789">
     <span class='ocr_line' id='line_1_2' title="bbox 537 555 2735 626; baseline 0.001 -17"><span class='ocrx_word' id='word_1_11' title='bbox 537 558 730 611; x_wconf 75' lang='lat' dir='ltr'><strong>mundo</strong></span> <span class='ocrx_word' id='word_1_12' title='bbox 746 557 957 624; x_wconf 74' lang='lat' dir='ltr'><strong>perdito</strong></span> <span class='ocrx_word' id='word_1_13' title='bbox 979 557 1234 610; x_wconf 70' lang='lat' dir='ltr'><strong><em>succurrit</em></strong></span> <span class='ocrx_word' id='word_1_14' title='bbox 1244 575 1263 620; x_wconf 88' lang='lat'><strong>,·</strong></span> <span class='ocrx_word' id='word_1_15' title='bbox 1295 556 1484 608; x_wconf 89' lang='lat' dir='ltr'><strong>deinde</strong></span> <span class='ocrx_word' id='word_1_16' title='bbox 1508 573 1635 609; x_wconf 82' lang='lat' dir='ltr'><strong>vero</strong></span> <span class='ocrx_word' id='word_1_17' title='bbox 1663 555 1726 607; x_wconf 88' lang='lat' dir='ltr'><strong>de</strong></span> <span class='ocrx_word' id='word_1_18' title='bbox 1749 557 1874 608; x_wconf 85' lang='lat' dir='ltr'><strong>hinc</strong></span> <span class='ocrx_word' id='word_1_19' title='bbox 1898 562 2078 608; x_wconf 85' lang='lat' dir='ltr'><strong>secuta</strong></span> <span class='ocrx_word' id='word_1_20' title='bbox 2098 557 2204 609; x_wconf 93' lang='lat' dir='ltr'><strong>Dei</strong></span> <span class='ocrx_word' id='word_1_21' title='bbox 2227 557 2640 626; x_wconf 86' lang='lat' dir='ltr'><strong>Conceptione,</strong></span> <span class='ocrx_word' id='word_1_22' title='bbox 2672 569 2735 612; x_wconf 88' lang='lat' dir='ltr'><strong>to-</strong></span> 
     </span>
     <span class='ocr_line' id='line_1_3' title="bbox 539 639 2734 706; baseline 0.001 -16"><span class='ocrx_word' id='word_1_23' title='bbox 539 644 699 706; x_wconf 87' lang='lat' dir='ltr'><strong>toque</strong></span> <span class='ocrx_word' id='word_1_24' title='bbox 718 642 961 706; x_wconf 79' lang='lat' dir='ltr'><strong>Deiparae</strong></span> <span class='ocrx_word' id='word_1_25' title='bbox 981 640 1182 703; x_wconf 86' lang='lat' dir='ltr'><strong>Matris,</strong></span> <span class='ocrx_word' id='word_1_26' title='bbox 1208 655 1240 689; x_wconf 89' lang='lat' dir='ltr'><strong>a</strong></span> <span class='ocrx_word' id='word_1_27' title='bbox 1262 640 1377 689; x_wconf 90' lang='lat' dir='ltr'><strong>Deo</strong></span> <span class='ocrx_word' id='word_1_28' title='bbox 1402 640 1542 703; x_wconf 85' lang='lat' dir='ltr'><strong>dato,</strong></span> <span class='ocrx_word' id='word_1_29' title='bbox 1567 639 1633 690; x_wconf 88' lang='lat' dir='ltr'><strong>ab</strong></span> <span class='ocrx_word' id='word_1_30' title='bbox 1652 640 1770 705; x_wconf 89' lang='lat' dir='ltr'><strong>ipsa</strong></span> <span class='ocrx_word' id='word_1_31' title='bbox 1790 640 2022 705; x_wconf 72' lang='lat' dir='ltr'><strong>praestito</strong></span> <span class='ocrx_word' id='word_1_32' title='bbox 2042 639 2254 704; x_wconf 82' lang='lat' dir='ltr'><strong>Officio,</strong></span> <span class='ocrx_word' id='word_1_33' title='bbox 2279 656 2383 706; x_wconf 89' lang='lat' dir='ltr'><strong>per</strong></span> <span class='ocrx_word' id='word_1_34' title='bbox 2403 643 2561 706; x_wconf 89' lang='lat' dir='ltr'><strong>quod</strong></span> <span class='ocrx_word' id='word_1_35' title='bbox 2581 644 2734 706; x_wconf 84' lang='lat' dir='ltr'><strong>nobis,</strong></span> 
     </span>
     <span class='ocr_line' id='line_1_4' title="bbox 541 721 1752 789; baseline -0.002 -16"><span class='ocrx_word' id='word_1_36' title='bbox 541 724 664 789; x_wconf 89' lang='lat' dir='ltr'><strong>Ipso</strong></span> <span class='ocrx_word' id='word_1_37' title='bbox 689 724 763 773; x_wconf 83' lang='lat' dir='ltr'><strong>ita</strong></span> <span class='ocrx_word' id='word_1_38' title='bbox 787 722 1112 788; x_wconf 80' lang='lat' dir='ltr'>disponente,</span> <span class='ocrx_word' id='word_1_39' title='bbox 1140 722 1292 773; x_wconf 86' lang='lat' dir='ltr'><strong>datus</strong></span> <span class='ocrx_word' id='word_1_40' title='bbox 1318 728 1399 772; x_wconf 84' lang='lat' dir='ltr'><strong>est</strong></span> <span class='ocrx_word' id='word_1_41' title='bbox 1418 721 1752 788; x_wconf 84' lang='lat' dir='ltr'><strong>Redemptor.</strong></span> 
     </span>
    </p>

    <p class='ocr_par' dir='ltr' id='par_1_3' title="bbox 550 803 2738 955">
     <span class='ocr_line' id='line_1_5' title="bbox 639 803 2738 871; baseline 0 -16"><span class='ocrx_word' id='word_1_42' title='bbox 639 805 684 855; x_wconf 91' lang='lat' dir='ltr'><strong><em>I</em></strong></span> <span class='ocrx_word' id='word_1_43' title='bbox 683 805 808 871; x_wconf 78' lang='lat' dir='ltr'><strong>bid.)</strong></span> <span class='ocrx_word' id='word_1_44' title='bbox 841 805 905 856; x_wconf 91' lang='lat' dir='ltr'><strong>In</strong></span> <span class='ocrx_word' id='word_1_45' title='bbox 933 805 1304 871; x_wconf 86' lang='lat' dir='ltr'><strong>“quascunque</strong></span> <span class='ocrx_word' id='word_1_46' title='bbox 1329 805 1509 868; x_wconf 85' lang='lat' dir='ltr'><strong>exiles,</strong></span> <span class='ocrx_word' id='word_1_47' title='bbox 1548 809 1601 854; x_wconf 87' lang='lat' dir='ltr'><strong>et</strong></span> <span class='ocrx_word' id='word_1_48' title='bbox 1623 803 1999 869; x_wconf 85' lang='lat' dir='ltr'><strong>quascunque&#39;&#39;</strong></span> <span class='ocrx_word' id='word_1_49' title='bbox 2022 804 2108 856; x_wconf 81' lang='lat' dir='ltr'><strong>Pr.</strong></span> <span class='ocrx_word' id='word_1_50' title='bbox 2130 804 2177 854; x_wconf 90' lang='lat' dir='ltr'>L</span> <span class='ocrx_word' id='word_1_51' title='bbox 2204 808 2232 854; x_wconf 88' lang='lat'><em>2</em></span> <span class='ocrx_word' id='word_1_52' title='bbox 2264 804 2406 870; x_wconf 86' lang='lat' dir='ltr'><strong>“et‘&#39;‚</strong></span> <span class='ocrx_word' id='word_1_53' title='bbox 2436 804 2522 856; x_wconf 90' lang='lat' dir='ltr'><strong>Pr.</strong></span> <span class='ocrx_word' id='word_1_54' title='bbox 2550 808 2596 856; x_wconf 92' lang='lat' dir='ltr'>L</span> <span class='ocrx_word' id='word_1_55' title='bbox 2623 811 2646 856; x_wconf 91' lang='lat'>1</span> <span class='ocrx_word' id='word_1_56' title='bbox 2670 807 2738 856; x_wconf 86' lang='lat' dir='ltr'><strong>“et</strong></span> 
     </span>
     <span class='ocr_line' id='line_1_6' title="bbox 550 888 1207 955; baseline 0 -16"><span class='ocrx_word' id='word_1_57' title='bbox 550 888 973 955; x_wconf 81' lang='lat' dir='ltr'><strong>“quascunque&#39;’,</strong></span> <span class='ocrx_word' id='word_1_58' title='bbox 999 890 1207 939; x_wconf 88' lang='lat' dir='ltr'><strong>omittit.</strong></span> 
     </span>
    </p>

    <p class='ocr_par' dir='ltr' id='par_1_4' title="bbox 547 967 2738 1115">
     <span class='ocr_line' id='line_1_7' title="bbox 643 967 2738 1037; baseline 0 -16"><span class='ocrx_word' id='word_1_59' title='bbox 643 971 765 1024; x_wconf 84' lang='lat' dir='ltr'><strong>Lec.</strong></span> <span class='ocrx_word' id='word_1_60' title='bbox 792 973 861 1037; x_wconf 85' lang='lat'><strong>2.)</strong></span> <span class='ocrx_word' id='word_1_61' title='bbox 885 973 987 1022; x_wconf 93' lang='lat' dir='ltr'><strong>Pro</strong></span> <span class='ocrx_word' id='word_1_62' title='bbox 1015 970 1528 1022; x_wconf 83' lang='lat' dir='ltr'><strong>“reconciliationis&#39;&#39;</strong></span> <span class='ocrx_word' id='word_1_63' title='bbox 1551 970 1637 1021; x_wconf 88' lang='lat' dir='ltr'><strong>Pr.</strong></span> <span class='ocrx_word' id='word_1_64' title='bbox 1659 970 1704 1020; x_wconf 89' lang='lat' dir='ltr'>L</span> <span class='ocrx_word' id='word_1_65' title='bbox 1731 973 1759 1019; x_wconf 88' lang='lat'><em>2</em></span> <span class='ocrx_word' id='word_1_66' title='bbox 1787 967 2325 1034; x_wconf 82' lang='lat' dir='ltr'><strong>“reconsiliacionis&#39;’,</strong></span> <span class='ocrx_word' id='word_1_67' title='bbox 2361 969 2457 1021; x_wconf 88' lang='lat' dir='ltr'><strong>Pr.</strong></span> <span class='ocrx_word' id='word_1_68' title='bbox 2483 971 2535 1021; x_wconf 89' lang='lat' dir='ltr'><strong>L</strong></span> <span class='ocrx_word' id='word_1_69' title='bbox 2565 977 2589 1022; x_wconf 95' lang='lat'>1</span> <span class='ocrx_word' id='word_1_70' title='bbox 2635 973 2738 1022; x_wconf 85' lang='lat' dir='ltr'><strong>“tue</strong></span> 
     </span>
     <span class='ocr_line' id='line_1_8' title="bbox 547 1051 2171 1115; baseline -0.001 -11"><span class='ocrx_word' id='word_1_71' title='bbox 547 1052 1076 1105; x_wconf 82' lang='lat' dir='ltr'><strong>“reconsiliacionis&#39;’.</strong></span> <span class='ocrx_word' id='word_1_72' title='bbox 1121 1053 1208 1104; x_wconf 91' lang='lat' dir='ltr'><strong>Sic</strong></span> <span class='ocrx_word' id='word_1_73' title='bbox 1228 1056 1283 1103; x_wconf 89' lang='lat' dir='ltr'><strong>in</strong></span> <span class='ocrx_word' id='word_1_74' title='bbox 1308 1054 1339 1114; x_wconf 68' lang='grc'>5</span> <span class='ocrx_word' id='word_1_75' title='bbox 1364 1055 1445 1115; x_wconf 83' lang='lat'><strong>57,</strong></span> <span class='ocrx_word' id='word_1_76' title='bbox 1472 1054 1515 1102; x_wconf 90' lang='lat' dir='ltr'>L</span> <span class='ocrx_word' id='word_1_77' title='bbox 1543 1051 1970 1103; x_wconf 86' lang='lat' dir='ltr'><strong>“reconsiliacio&#39;’</strong></span> <span class='ocrx_word' id='word_1_78' title='bbox 1993 1052 2171 1103; x_wconf 87' lang='lat' dir='ltr'><strong>habet.</strong></span> 
     </span>
    </p>

    <p class='ocr_par' dir='ltr' id='par_1_5' title="bbox 645 1133 1890 1203">
     <span class='ocr_line' id='line_1_9' title="bbox 645 1133 1890 1203; baseline -0.002 -17"><span class='ocrx_word' id='word_1_79' title='bbox 645 1136 686 1186; x_wconf 93' lang='lat' dir='ltr'><strong><em>I</em></strong></span> <span class='ocrx_word' id='word_1_80' title='bbox 688 1136 793 1187; x_wconf 77' lang='lat' dir='ltr'><strong>bid.</strong></span> <span class='ocrx_word' id='word_1_81' title='bbox 815 1135 1121 1203; x_wconf 81' lang='lat' dir='ltr'><strong>ingerimus]</strong></span> <span class='ocrx_word' id='word_1_82' title='bbox 1146 1135 1445 1202; x_wconf 73' lang='lat' dir='ltr'><strong>inferimus.-</strong></span> <span class='ocrx_word' id='word_1_83' title='bbox 1472 1133 1585 1185; x_wconf 88' lang='lat' dir='ltr'><strong>scil.</strong></span> <span class='ocrx_word' id='word_1_84' title='bbox 1611 1134 1684 1184; x_wconf 81' lang='lat' dir='ltr'><strong>ad</strong></span> <span class='ocrx_word' id='word_1_85' title='bbox 1706 1133 1890 1184; x_wconf 80' lang='lat' dir='ltr'><strong>Deum.</strong></span> 
     </span>
    </p>

    <p class='ocr_par' dir='ltr' id='par_1_6' title="bbox 647 1214 2070 1283">
     <span class='ocr_line' id='line_1_10' title="bbox 647 1214 2070 1283; baseline -0.004 -13"><span class='ocrx_word' id='word_1_86' title='bbox 647 1219 688 1271; x_wconf 94' lang='lat' dir='ltr'><strong><em>I</em></strong></span> <span class='ocrx_word' id='word_1_87' title='bbox 691 1218 757 1283; x_wconf 81' lang='lat' dir='ltr'><strong>b.)</strong></span> <span class='ocrx_word' id='word_1_88' title='bbox 782 1220 851 1268; x_wconf 87' lang='lat' dir='ltr'><strong>sit</strong></span> <span class='ocrx_word' id='word_1_89' title='bbox 871 1216 1216 1283; x_wconf 81' lang='lat' dir='ltr'><strong>impetrabile]</strong></span> <span class='ocrx_word' id='word_1_90' title='bbox 1243 1219 1344 1267; x_wconf 90' lang='lat' dir='ltr'><strong>Pro</strong></span> <span class='ocrx_word' id='word_1_91' title='bbox 1374 1217 1507 1267; x_wconf 83' lang='lat' dir='ltr'><strong>“sit’&#39;</strong></span> <span class='ocrx_word' id='word_1_92' title='bbox 1533 1217 1620 1266; x_wconf 89' lang='lat' dir='ltr'><strong>Pr.</strong></span> <span class='ocrx_word' id='word_1_93' title='bbox 1644 1217 1687 1264; x_wconf 94' lang='lat' dir='ltr'>L</span> <span class='ocrx_word' id='word_1_94' title='bbox 1716 1220 1739 1264; x_wconf 95' lang='lat'>1</span> <span class='ocrx_word' id='word_1_95' title='bbox 1768 1221 1820 1265; x_wconf 84' lang='lat' dir='ltr'><strong>et</strong></span> <span class='ocrx_word' id='word_1_96' title='bbox 1844 1220 1872 1265; x_wconf 89' lang='grc'>2</span> <span class='ocrx_word' id='word_1_97' title='bbox 1902 1214 2070 1265; x_wconf 86' lang='lat' dir='ltr'><strong>“fiat&#39;’.</strong></span> 
     </span>
    </p>

    <p class='ocr_par' dir='ltr' id='par_1_7' title="bbox 551 1298 2739 1534">
     <span class='ocr_line' id='line_1_11' title="bbox 646 1298 2739 1369; baseline -0.003 -11"><span class='ocrx_word' id='word_1_98' title='bbox 646 1299 686 1369; x_wconf 60' lang='grc' dir='ltr'>ὃ</span> <span class='ocrx_word' id='word_1_99' title='bbox 716 1298 918 1368; x_wconf 69' lang='lat'><strong>151.)</strong></span> <span class='ocrx_word' id='word_1_100' title='bbox 954 1300 1017 1351; x_wconf 95' lang='lat' dir='ltr'><strong>In</strong></span> <span class='ocrx_word' id='word_1_101' title='bbox 1051 1301 1137 1351; x_wconf 92' lang='lat' dir='ltr'><strong>Pr.</strong></span> <span class='ocrx_word' id='word_1_102' title='bbox 1162 1302 1205 1351; x_wconf 91' lang='lat' dir='ltr'>L</span> <span class='ocrx_word' id='word_1_103' title='bbox 1234 1303 1277 1364; x_wconf 93' lang='lat'><strong>1,</strong></span> <span class='ocrx_word' id='word_1_104' title='bbox 1313 1301 1594 1350; x_wconf 81' lang='lat' dir='ltr'><strong>Lectiones</strong></span> <span class='ocrx_word' id='word_1_105' title='bbox 1623 1304 1647 1349; x_wconf 94' lang='lat'>1</span> <span class='ocrx_word' id='word_1_106' title='bbox 1675 1304 1727 1349; x_wconf 86' lang='lat' dir='ltr'><strong>et</strong></span> <span class='ocrx_word' id='word_1_107' title='bbox 1751 1303 1778 1348; x_wconf 88' lang='lat'>2</span> <span class='ocrx_word' id='word_1_108' title='bbox 1803 1300 1969 1364; x_wconf 88' lang='lat' dir='ltr'><strong>prima</strong></span> <span class='ocrx_word' id='word_1_109' title='bbox 1993 1302 2118 1348; x_wconf 88' lang='lat' dir='ltr'><strong>sunt</strong></span> <span class='ocrx_word' id='word_1_110' title='bbox 2140 1301 2342 1362; x_wconf 82' lang='lat' dir='ltr'><strong>nostra,</strong></span> <span class='ocrx_word' id='word_1_111' title='bbox 2383 1301 2555 1350; x_wconf 82' lang='lat' dir='ltr'><strong>tertia</strong></span> <span class='ocrx_word' id='word_1_112' title='bbox 2588 1301 2739 1352; x_wconf 83' lang='lat' dir='ltr'><strong>verbo</strong></span> 
     </span>
     <span class='ocr_line' id='line_1_12' title="bbox 552 1381 2739 1453; baseline -0.001 -18"><span class='ocrx_word' id='word_1_113' title='bbox 552 1383 936 1453; x_wconf 82' lang='lat' dir='ltr'><strong>“dignissimis”</strong></span> <span class='ocrx_word' id='word_1_114' title='bbox 960 1384 1293 1435; x_wconf 85' lang='lat' dir='ltr'><strong>terminatur:</strong></span> <span class='ocrx_word' id='word_1_115' title='bbox 1315 1384 1372 1431; x_wconf 91' lang='lat' dir='ltr'><strong>in</strong></span> <span class='ocrx_word' id='word_1_116' title='bbox 1397 1383 1482 1432; x_wconf 90' lang='lat' dir='ltr'><strong>Pr.</strong></span> <span class='ocrx_word' id='word_1_117' title='bbox 1507 1382 1551 1431; x_wconf 89' lang='lat' dir='ltr'><strong>L</strong></span> <span class='ocrx_word' id='word_1_118' title='bbox 1576 1385 1603 1431; x_wconf 85' lang='lat'>2</span> <span class='ocrx_word' id='word_1_119' title='bbox 1630 1381 1909 1432; x_wconf 75' lang='lat' dir='ltr'><strong>Lectiones</strong></span> <span class='ocrx_word' id='word_1_120' title='bbox 1933 1384 2145 1443; x_wconf 73' lang='lat' dir='ltr'><strong>nostrae,</strong></span> <span class='ocrx_word' id='word_1_121' title='bbox 2168 1384 2231 1430; x_wconf 85' lang='lat' dir='ltr'><strong>ut</strong></span> <span class='ocrx_word' id='word_1_122' title='bbox 2252 1396 2423 1446; x_wconf 86' lang='lat' dir='ltr'><strong>supra</strong></span> <span class='ocrx_word' id='word_1_123' title='bbox 2448 1381 2550 1448; x_wconf 80' lang='lat' dir='ltr'><strong>(ad</strong></span> <span class='ocrx_word' id='word_1_124' title='bbox 2575 1385 2605 1444; x_wconf 65' lang='grc' dir='ltr'>ἐ</span> <span class='ocrx_word' id='word_1_125' title='bbox 2635 1384 2739 1447; x_wconf 84' lang='grc'>148)</span> 
     </span>
     <span class='ocr_line' id='line_1_13' title="bbox 551 1466 1491 1534; baseline -0.006 -13"><span class='ocrx_word' id='word_1_126' title='bbox 551 1470 750 1521; x_wconf 87' lang='lat' dir='ltr'><strong>dictum</strong></span> <span class='ocrx_word' id='word_1_127' title='bbox 774 1474 869 1532; x_wconf 84' lang='lat' dir='ltr'><strong>est,</strong></span> <span class='ocrx_word' id='word_1_128' title='bbox 894 1469 1110 1534; x_wconf 73' lang='lat' dir='ltr'><strong>integrae</strong></span> <span class='ocrx_word' id='word_1_129' title='bbox 1132 1466 1491 1518; x_wconf 83' lang='lat' dir='ltr'><strong>inveniuntur.</strong></span> 
     </span>
    </p>

    <p class='ocr_par' dir='ltr' id='par_1_8' title="bbox 649 1545 1990 1617">
     <span class='ocr_line' id='line_1_14' title="bbox 649 1545 1990 1617; baseline -0.006 -14"><span class='ocrx_word' id='word_1_130' title='bbox 649 1554 712 1603; x_wconf 91' lang='lat' dir='ltr'><strong>In</strong></span> <span class='ocrx_word' id='word_1_131' title='bbox 736 1552 859 1602; x_wconf 88' lang='lat' dir='ltr'><strong>Lec.</strong></span> <span class='ocrx_word' id='word_1_132' title='bbox 882 1557 925 1615; x_wconf 93' lang='lat'><strong>1,</strong></span> <span class='ocrx_word' id='word_1_133' title='bbox 948 1567 1043 1617; x_wconf 91' lang='lat' dir='ltr'><strong>pro</strong></span> <span class='ocrx_word' id='word_1_134' title='bbox 1073 1552 1220 1615; x_wconf 75' lang='lat' dir='ltr'><strong>“quse</strong></span> <span class='ocrx_word' id='word_1_135' title='bbox 1243 1547 1387 1612; x_wconf 87' lang='lat' dir='ltr'><strong>ejus&#39;&#39;</strong></span> <span class='ocrx_word' id='word_1_136' title='bbox 1411 1549 1498 1598; x_wconf 88' lang='lat' dir='ltr'><strong>Pr.</strong></span> <span class='ocrx_word' id='word_1_137' title='bbox 1523 1548 1568 1598; x_wconf 94' lang='lat' dir='ltr'>L</span> <span class='ocrx_word' id='word_1_138' title='bbox 1596 1551 1618 1596; x_wconf 93' lang='lat'>1</span> <span class='ocrx_word' id='word_1_139' title='bbox 1650 1548 1804 1611; x_wconf 82' lang='lat' dir='ltr'><strong>“quia</strong></span> <span class='ocrx_word' id='word_1_140' title='bbox 1827 1545 1990 1610; x_wconf 86' lang='lat' dir='ltr'><strong>ejus’&#39;.</strong></span> 
     </span>
    </p>

    <p class='ocr_par' dir='ltr' id='par_1_9' title="bbox 556 1628 2742 1853">
     <span class='ocr_line' id='line_1_15' title="bbox 652 1628 2741 1704; baseline -0.002 -17"><span class='ocrx_word' id='word_1_141' title='bbox 652 1636 693 1686; x_wconf 93' lang='lat' dir='ltr'><strong><em>I</em></strong></span> <span class='ocrx_word' id='word_1_142' title='bbox 694 1634 823 1704; x_wconf 72' lang='lat' dir='ltr'><strong>bid.)</strong></span> <span class='ocrx_word' id='word_1_143' title='bbox 848 1637 979 1685; x_wconf 88' lang='lat' dir='ltr'><strong>Nam</strong></span> <span class='ocrx_word' id='word_1_144' title='bbox 999 1660 1061 1669; x_wconf 92' lang='lat'><strong>—</strong></span> <span class='ocrx_word' id='word_1_145' title='bbox 1081 1630 1371 1697; x_wconf 80' lang='lat' dir='ltr'><strong>exhibetur]</strong></span> <span class='ocrx_word' id='word_1_146' title='bbox 1397 1630 1460 1680; x_wconf 92' lang='lat' dir='ltr'><strong>In</strong></span> <span class='ocrx_word' id='word_1_147' title='bbox 1477 1630 1562 1681; x_wconf 89' lang='lat' dir='ltr'><strong>Pr.</strong></span> <span class='ocrx_word' id='word_1_148' title='bbox 1582 1631 1625 1680; x_wconf 92' lang='lat' dir='ltr'>L</span> <span class='ocrx_word' id='word_1_149' title='bbox 1649 1634 1691 1692; x_wconf 92' lang='lat'><strong>1,</strong></span> <span class='ocrx_word' id='word_1_150' title='bbox 1713 1630 1873 1680; x_wconf 85' lang='lat' dir='ltr'><strong>“Nam</strong></span> <span class='ocrx_word' id='word_1_151' title='bbox 1892 1634 1944 1679; x_wconf 89' lang='lat' dir='ltr'><strong>et</strong></span> <span class='ocrx_word' id='word_1_152' title='bbox 1958 1628 2261 1679; x_wconf 87' lang='lat' dir='ltr'><strong>reuereneia</strong></span> <span class='ocrx_word' id='word_1_153' title='bbox 2281 1644 2386 1693; x_wconf 90' lang='lat' dir='ltr'><strong>que</strong></span> <span class='ocrx_word' id='word_1_154' title='bbox 2405 1630 2576 1681; x_wconf 83' lang='lat' dir='ltr'><strong>Matri</strong></span> <span class='ocrx_word' id='word_1_155' title='bbox 2595 1631 2741 1682; x_wconf 89' lang='lat' dir='ltr'><strong>debe·</strong></span> 
     </span>
     <span class='ocr_line' id='line_1_16' title="bbox 556 1710 2742 1782; baseline -0.002 -12"><span class='ocrx_word' id='word_1_156' title='bbox 556 1721 684 1782; x_wconf 90' lang='lat' dir='ltr'><strong>“tur,</strong></span> <span class='ocrx_word' id='word_1_157' title='bbox 718 1718 800 1768; x_wconf 89' lang='lat' dir='ltr'><strong>illi</strong></span> <span class='ocrx_word' id='word_1_158' title='bbox 832 1718 1000 1768; x_wconf 90' lang='lat' dir='ltr'><strong>eciam</strong></span> <span class='ocrx_word' id='word_1_159' title='bbox 1033 1716 1147 1765; x_wconf 90' lang='lat' dir='ltr'><strong>sine</strong></span> <span class='ocrx_word' id='word_1_160' title='bbox 1175 1713 1334 1764; x_wconf 92' lang='lat' dir='ltr'><strong>dubio</strong></span> <span class='ocrx_word' id='word_1_161' title='bbox 1370 1713 1460 1778; x_wconf 86' lang='lat' dir='ltr'><strong>qui</strong></span> <span class='ocrx_word' id='word_1_162' title='bbox 1503 1727 1618 1762; x_wconf 90' lang='lat' dir='ltr'><strong>eam</strong></span> <span class='ocrx_word' id='word_1_163' title='bbox 1661 1712 1786 1761; x_wconf 88' lang='lat' dir='ltr'><strong>fecit</strong></span> <span class='ocrx_word' id='word_1_164' title='bbox 1818 1710 1977 1760; x_wconf 85' lang='lat' dir='ltr'><strong>talem</strong></span> <span class='ocrx_word' id='word_1_165' title='bbox 2006 1717 2066 1760; x_wconf 90' lang='lat' dir='ltr'><strong>ut</strong></span> <span class='ocrx_word' id='word_1_166' title='bbox 2098 1710 2262 1777; x_wconf 86' lang='lat' dir='ltr'><strong>Virgo</strong></span> <span class='ocrx_word' id='word_1_167' title='bbox 2306 1717 2362 1761; x_wconf 85' lang='lat' dir='ltr'><strong>et</strong></span> <span class='ocrx_word' id='word_1_168' title='bbox 2393 1712 2742 1774; x_wconf 76' lang='lat' dir='ltr'><strong>Mater‚esset</strong></span> 
     </span>
     <span class='ocr_line' id='line_1_17' title="bbox 557 1795 1286 1853; baseline -0.004 0"><span class='ocrx_word' id='word_1_169' title='bbox 557 1795 909 1853; x_wconf 80' lang='lat' dir='ltr'><strong>“exhibetur.&#39;&#39;</strong></span> <span class='ocrx_word' id='word_1_170' title='bbox 1283 1847 1286 1850; x_wconf 88' lang='lat'><strong>.</strong></span> 
     </span>
    </p>

    <p class='ocr_par' dir='ltr' id='par_1_10' title="bbox 655 1872 2552 1947">
     <span class='ocr_line' id='line_1_18' title="bbox 655 1872 2552 1947; baseline -0.004 -13"><span class='ocrx_word' id='word_1_171' title='bbox 655 1883 764 1947; x_wconf 78' lang='lat' dir='ltr'><strong>Ib.)</strong></span> <span class='ocrx_word' id='word_1_172' title='bbox 794 1882 919 1932; x_wconf 89' lang='lat' dir='ltr'><strong>Ideo</strong></span> <span class='ocrx_word' id='word_1_173' title='bbox 946 1877 1091 1947; x_wconf 89' lang='lat' dir='ltr'><strong>ergo]</strong></span> <span class='ocrx_word' id='word_1_174' title='bbox 1126 1878 1199 1929; x_wconf 79' lang='lat' dir='ltr'><strong>Ob</strong></span> <span class='ocrx_word' id='word_1_175' title='bbox 1222 1878 1357 1929; x_wconf 75' lang='lat' dir='ltr'><strong>hanc</strong></span> <span class='ocrx_word' id='word_1_176' title='bbox 1378 1876 1540 1944; x_wconf 67' lang='grc' dir='ltr'><strong>ἐρίων</strong></span> <span class='ocrx_word' id='word_1_177' title='bbox 1564 1892 1792 1927; x_wconf 70' lang='lat' dir='ltr'><strong>caussam</strong></span> <span class='ocrx_word' id='word_1_178' title='bbox 1802 1892 1820 1937; x_wconf 89' lang='lat'><strong>,·</strong></span> <span class='ocrx_word' id='word_1_179' title='bbox 1844 1872 1939 1925; x_wconf 89' lang='lat' dir='ltr'><strong>sed</strong></span> <span class='ocrx_word' id='word_1_180' title='bbox 1962 1876 2047 1924; x_wconf 91' lang='lat' dir='ltr'><strong>Pr.</strong></span> <span class='ocrx_word' id='word_1_181' title='bbox 2073 1874 2118 1924; x_wconf 93' lang='lat' dir='ltr'>L</span> <span class='ocrx_word' id='word_1_182' title='bbox 2145 1879 2169 1924; x_wconf 95' lang='lat'>1</span> <span class='ocrx_word' id='word_1_183' title='bbox 2199 1890 2301 1925; x_wconf 92' lang='lat' dir='ltr'><strong>om.</strong></span> <span class='ocrx_word' id='word_1_184' title='bbox 2333 1875 2552 1942; x_wconf 88' lang='lat' dir='ltr'><strong>“ergo”.</strong></span> 
     </span>
    </p>

    <p class='ocr_par' dir='ltr' id='par_1_11' title="bbox 655 1955 1990 2029">
     <span class='ocr_line' id='line_1_19' title="bbox 655 1955 1990 2029; baseline -0.007 -14"><span class='ocrx_word' id='word_1_185' title='bbox 655 1965 696 2015; x_wconf 93' lang='lat' dir='ltr'><strong><em>I</em></strong></span> <span class='ocrx_word' id='word_1_186' title='bbox 695 1963 758 2028; x_wconf 64' lang='lat' dir='ltr'><strong>b„</strong></span> <span class='ocrx_word' id='word_1_187' title='bbox 782 1980 878 2029; x_wconf 90' lang='lat' dir='ltr'><strong>pro</strong></span> <span class='ocrx_word' id='word_1_188' title='bbox 907 1964 989 2014; x_wconf 70' lang='lat' dir='ltr'><strong>“et</strong></span> <span class='ocrx_word' id='word_1_189' title='bbox 1010 1960 1237 2014; x_wconf 88' lang='lat' dir='ltr'><strong>Filium”</strong></span> <span class='ocrx_word' id='word_1_190' title='bbox 1259 1961 1345 2011; x_wconf 84' lang='lat' dir='ltr'><strong>Pr.</strong></span> <span class='ocrx_word' id='word_1_191' title='bbox 1368 1959 1413 2009; x_wconf 93' lang='lat' dir='ltr'>L</span> <span class='ocrx_word' id='word_1_192' title='bbox 1439 1963 1463 2008; x_wconf 92' lang='lat'>1</span> <span class='ocrx_word' id='word_1_193' title='bbox 1493 1964 1549 2008; x_wconf 81' lang='lat' dir='ltr'><strong>et</strong></span> <span class='ocrx_word' id='word_1_194' title='bbox 1570 1963 1598 2008; x_wconf 87' lang='lat'>2</span> <span class='ocrx_word' id='word_1_195' title='bbox 1629 1958 1847 2007; x_wconf 70' lang='lat' dir='ltr'><strong>“Filium</strong></span> <span class='ocrx_word' id='word_1_196' title='bbox 1871 1955 1990 2022; x_wconf 70' lang='lat' dir='ltr'><strong>q.&#39;&#39;*</strong></span> 
     </span>
    </p>

    <p class='ocr_par' dir='ltr' id='par_1_12' title="bbox 560 2038 2739 2198">
     <span class='ocr_line' id='line_1_20' title="bbox 653 2038 2739 2112; baseline -0.003 -13"><span class='ocrx_word' id='word_1_197' title='bbox 653 2047 851 2098; x_wconf 84' lang='lat' dir='ltr'><strong>Ultima</strong></span> <span class='ocrx_word' id='word_1_198' title='bbox 883 2047 1119 2112; x_wconf 85' lang='lat' dir='ltr'><strong>ejusdem</strong></span> <span class='ocrx_word' id='word_1_199' title='bbox 1151 2042 1421 2095; x_wconf 82' lang='lat' dir='ltr'><strong>Lectionis</strong></span> <span class='ocrx_word' id='word_1_200' title='bbox 1455 2041 1619 2092; x_wconf 73' lang='lat' dir='ltr'><strong>verba</strong></span> <span class='ocrx_word' id='word_1_201' title='bbox 1657 2040 1807 2090; x_wconf 90' lang='lat' dir='ltr'><strong>“dum</strong></span> <span class='ocrx_word' id='word_1_202' title='bbox 1831 2055 1924 2106; x_wconf 91' lang='lat' dir='ltr'><strong>per</strong></span> <span class='ocrx_word' id='word_1_203' title='bbox 1952 2038 2201 2105; x_wconf 86' lang='lat' dir='ltr'><strong>Spiritum</strong></span> <span class='ocrx_word' id='word_1_204' title='bbox 2237 2038 2500 2094; x_wconf 84' lang='lat' dir='ltr'><strong>Sanctum</strong></span> <span class='ocrx_word' id='word_1_205' title='bbox 2534 2045 2646 2095; x_wconf 90' lang='lat' dir='ltr'><strong>Dei</strong></span> <span class='ocrx_word' id='word_1_206' title='bbox 2667 2046 2739 2095; x_wconf 90' lang='lat' dir='ltr'><strong>Fi·</strong></span> 
     </span>
     <span class='ocr_line' id='line_1_21' title="bbox 560 2128 1390 2198; baseline -0.006 -17"><span class='ocrx_word' id='word_1_207' title='bbox 560 2131 718 2182; x_wconf 87' lang='lat' dir='ltr'><strong>“lium</strong></span> <span class='ocrx_word' id='word_1_208' title='bbox 742 2130 1016 2198; x_wconf 89' lang='lat' dir='ltr'><strong>concepit&#39;&#39;</strong></span> <span class='ocrx_word' id='word_1_209' title='bbox 1042 2147 1143 2182; x_wconf 85' lang='lat' dir='ltr'><strong>om.</strong></span> <span class='ocrx_word' id='word_1_210' title='bbox 1165 2129 1251 2178; x_wconf 88' lang='lat' dir='ltr'><strong>Pr.</strong></span> <span class='ocrx_word' id='word_1_211' title='bbox 1274 2128 1318 2177; x_wconf 94' lang='lat' dir='ltr'><strong>L</strong></span> <span class='ocrx_word' id='word_1_212' title='bbox 1345 2130 1390 2177; x_wconf 84' lang='grc'><strong>2.</strong></span> 
     </span>
    </p>

    <p class='ocr_par' dir='ltr' id='par_1_13' title="bbox 557 2204 2743 2349">
     <span class='ocr_line' id='line_1_22' title="bbox 657 2204 2743 2283; baseline -0.004 -16"><span class='ocrx_word' id='word_1_213' title='bbox 657 2215 777 2269; x_wconf 79' lang='lat' dir='ltr'><strong>Leo.</strong></span> <span class='ocrx_word' id='word_1_214' title='bbox 804 2213 875 2283; x_wconf 87' lang='grc'><strong>2.)</strong></span> <span class='ocrx_word' id='word_1_215' title='bbox 900 2216 959 2264; x_wconf 89' lang='lat' dir='ltr'><strong>ut</strong></span> <span class='ocrx_word' id='word_1_216' title='bbox 982 2241 1048 2253; x_wconf 89' lang='lat'>-</span> <span class='ocrx_word' id='word_1_217' title='bbox 1071 2210 1362 2262; x_wconf 85' lang='lat' dir='ltr'><strong>celebretur</strong></span> <span class='ocrx_word' id='word_1_218' title='bbox 1383 2238 1448 2246; x_wconf 92' lang='lat'>—</span> <span class='ocrx_word' id='word_1_219' title='bbox 1473 2207 1539 2275; x_wconf 87' lang='lat' dir='ltr'><strong>ei]</strong></span> <span class='ocrx_word' id='word_1_220' title='bbox 1565 2216 1622 2260; x_wconf 79' lang='lat' dir='ltr'><strong>ut</strong></span> <span class='ocrx_word' id='word_1_221' title='bbox 1644 2206 1703 2260; x_wconf 76' lang='lat' dir='ltr'><strong>in</strong></span> <span class='ocrx_word' id='word_1_222' title='bbox 1729 2206 1838 2274; x_wconf 75' lang='lat' dir='ltr'><strong>ejus</strong></span> <span class='ocrx_word' id='word_1_223' title='bbox 1858 2206 2103 2259; x_wconf 74' lang='lat' dir='ltr'><strong>honorem</strong></span> <span class='ocrx_word' id='word_1_224' title='bbox 2126 2204 2400 2259; x_wconf 70' lang='lat' dir='ltr'><strong>celebratio</strong></span> <span class='ocrx_word' id='word_1_225' title='bbox 2409 2206 2526 2272; x_wconf 82' lang='lat' dir='ltr'><strong>fiat</strong></span> <span class='ocrx_word' id='word_1_226' title='bbox 2532 2225 2553 2272; x_wconf 89' lang='lat'><strong>,·</strong></span> <span class='ocrx_word' id='word_1_227' title='bbox 2579 2208 2677 2261; x_wconf 88' lang='lat' dir='ltr'><strong>sed</strong></span> <span class='ocrx_word' id='word_1_228' title='bbox 2695 2208 2743 2259; x_wconf 90' lang='lat' dir='ltr'><strong>in</strong></span> 
     </span>
     <span class='ocr_line' id='line_1_23' title="bbox 557 2294 1382 2349; baseline -0.008 0"><span class='ocrx_word' id='word_1_229' title='bbox 557 2300 642 2349; x_wconf 87' lang='lat' dir='ltr'><strong>Pr.</strong></span> <span class='ocrx_word' id='word_1_230' title='bbox 666 2299 711 2348; x_wconf 91' lang='lat' dir='ltr'><strong>L</strong></span> <span class='ocrx_word' id='word_1_231' title='bbox 737 2304 761 2349; x_wconf 95' lang='lat'>1</span> <span class='ocrx_word' id='word_1_232' title='bbox 790 2303 842 2348; x_wconf 88' lang='lat' dir='ltr'><strong>et</strong></span> <span class='ocrx_word' id='word_1_233' title='bbox 866 2302 893 2348; x_wconf 91' lang='grc'>2</span> <span class='ocrx_word' id='word_1_234' title='bbox 922 2294 1032 2346; x_wconf 85' lang='lat' dir='ltr'><strong>“ei&#39;&#39;</strong></span> <span class='ocrx_word' id='word_1_235' title='bbox 1058 2294 1382 2345; x_wconf 89' lang='lat' dir='ltr'><strong>subauditur.</strong></span> 
     </span>
    </p>

    <p class='ocr_par' dir='ltr' id='par_1_14' title="bbox 660 2372 2302 2446">
     <span class='ocr_line' id='line_1_24' title="bbox 660 2372 2302 2446; baseline -0.004 -15"><span class='ocrx_word' id='word_1_236' title='bbox 660 2381 702 2431; x_wconf 93' lang='lat' dir='ltr'><strong><em>I</em></strong></span> <span class='ocrx_word' id='word_1_237' title='bbox 704 2380 825 2443; x_wconf 68' lang='lat' dir='ltr'><strong>bid„</strong></span> <span class='ocrx_word' id='word_1_238' title='bbox 850 2395 944 2446; x_wconf 90' lang='lat' dir='ltr'><strong>pro</strong></span> <span class='ocrx_word' id='word_1_239' title='bbox 971 2376 1281 2429; x_wconf 74' lang='lat' dir='ltr'><strong>“salutavit&#39;&#39;</strong></span> <span class='ocrx_word' id='word_1_240' title='bbox 1305 2377 1391 2426; x_wconf 90' lang='lat' dir='ltr'><strong>Pr.</strong></span> <span class='ocrx_word' id='word_1_241' title='bbox 1417 2377 1463 2427; x_wconf 92' lang='lat' dir='ltr'>L</span> <span class='ocrx_word' id='word_1_242' title='bbox 1490 2380 1513 2425; x_wconf 96' lang='lat'><strong>1</strong></span> <span class='ocrx_word' id='word_1_243' title='bbox 1543 2379 1593 2425; x_wconf 88' lang='lat' dir='ltr'><strong>et</strong></span> <span class='ocrx_word' id='word_1_244' title='bbox 1617 2379 1644 2424; x_wconf 88' lang='grc'>2</span> <span class='ocrx_word' id='word_1_245' title='bbox 1673 2373 1937 2425; x_wconf 81' lang='lat' dir='ltr'><strong>“salutans</strong></span> <span class='ocrx_word' id='word_1_246' title='bbox 1959 2372 2302 2425; x_wconf 86' lang='lat' dir='ltr'><strong>honorabat&#39;&#39;.</strong></span> 
     </span>
    </p>

    <p class='ocr_par' dir='ltr' id='par_1_15' title="bbox 562 2457 2748 2610">
     <span class='ocr_line' id='line_1_25' title="bbox 657 2457 2748 2526; baseline -0.002 -14"><span class='ocrx_word' id='word_1_247' title='bbox 657 2463 721 2512; x_wconf 92' lang='lat' dir='ltr'><strong>In</strong></span> <span class='ocrx_word' id='word_1_248' title='bbox 738 2462 1007 2513; x_wconf 86' lang='lat' dir='ltr'><strong>Lectionis</strong></span> <span class='ocrx_word' id='word_1_249' title='bbox 1025 2465 1054 2511; x_wconf 89' lang='lat'><strong>3</strong></span> <span class='ocrx_word' id='word_1_250' title='bbox 1076 2460 1243 2525; x_wconf 85' lang='lat' dir='ltr'><strong>initio,</strong></span> <span class='ocrx_word' id='word_1_251' title='bbox 1263 2476 1358 2526; x_wconf 87' lang='lat' dir='ltr'><strong>pro</strong></span> <span class='ocrx_word' id='word_1_252' title='bbox 1381 2457 1652 2525; x_wconf 88' lang='lat' dir='ltr'><strong>“tamque&#39;‘</strong></span> <span class='ocrx_word' id='word_1_253' title='bbox 1670 2457 1733 2521; x_wconf 89' lang='lat' dir='ltr'><strong>A,</strong></span> <span class='ocrx_word' id='word_1_254' title='bbox 1753 2457 2241 2523; x_wconf 83' lang='lat' dir='ltr'><strong>pronunciationem</strong></span> <span class='ocrx_word' id='word_1_255' title='bbox 2258 2457 2430 2524; x_wconf 81' lang='lat' dir='ltr'><strong>magis</strong></span> <span class='ocrx_word' id='word_1_256' title='bbox 2451 2459 2748 2510; x_wconf 79' lang='lat' dir='ltr'><strong>naturalem</strong></span> 
     </span>
     <span class='ocr_line' id='line_1_26' title="bbox 562 2543 1134 2610; baseline -0.003 -14"><span class='ocrx_word' id='word_1_257' title='bbox 562 2545 831 2607; x_wconf 85' lang='lat' dir='ltr'><strong>exhibens,</strong></span> <span class='ocrx_word' id='word_1_258' title='bbox 860 2543 1134 2610; x_wconf 84' lang='lat' dir='ltr'><strong>“tanque&#39;&#39;.</strong></span> 
     </span>
    </p>

    <p class='ocr_par' dir='ltr' id='par_1_16' title="bbox 663 2622 2491 2692">
     <span class='ocr_line' id='line_1_27' title="bbox 663 2622 2491 2692; baseline -0.002 -14"><span class='ocrx_word' id='word_1_259' title='bbox 663 2630 725 2679; x_wconf 94' lang='lat' dir='ltr'><strong>In</strong></span> <span class='ocrx_word' id='word_1_260' title='bbox 752 2628 985 2692; x_wconf 86' lang='lat' dir='ltr'><strong>ejusdem</strong></span> <span class='ocrx_word' id='word_1_261' title='bbox 1007 2627 1273 2678; x_wconf 85' lang='lat' dir='ltr'><strong>Lectionis</strong></span> <span class='ocrx_word' id='word_1_262' title='bbox 1298 2627 1418 2690; x_wconf 90' lang='lat' dir='ltr'><strong>fine,</strong></span> <span class='ocrx_word' id='word_1_263' title='bbox 1443 2630 1565 2692; x_wconf 86' lang='lat' dir='ltr'><strong>post</strong></span> <span class='ocrx_word' id='word_1_264' title='bbox 1592 2622 1839 2692; x_wconf 87' lang='lat' dir='ltr'><strong>“purget&#39;&#39;</strong></span> <span class='ocrx_word' id='word_1_265' title='bbox 1862 2623 1948 2673; x_wconf 89' lang='lat' dir='ltr'><strong>Pr.</strong></span> <span class='ocrx_word' id='word_1_266' title='bbox 1972 2622 2017 2672; x_wconf 93' lang='lat' dir='ltr'><strong>L</strong></span> <span class='ocrx_word' id='word_1_267' title='bbox 2042 2626 2071 2672; x_wconf 84' lang='lat'><strong>2</strong></span> <span class='ocrx_word' id='word_1_268' title='bbox 2093 2622 2279 2672; x_wconf 87' lang='lat' dir='ltr'><strong>inserit</strong></span> <span class='ocrx_word' id='word_1_269' title='bbox 2306 2622 2491 2674; x_wconf 88' lang='lat' dir='ltr'><strong>“nos&#39;&#39;.</strong></span> 
     </span>
    </p>

    <p class='ocr_par' dir='ltr' id='par_1_17' title="bbox 560 2705 2753 2945">
     <span class='ocr_line' id='line_1_28' title="bbox 661 2705 2753 2775; baseline -0.002 -13"><span class='ocrx_word' id='word_1_270' title='bbox 661 2714 744 2762; x_wconf 87' lang='lat' dir='ltr'><strong>Tu</strong></span> <span class='ocrx_word' id='word_1_271' title='bbox 769 2718 957 2775; x_wconf 86' lang='lat' dir='ltr'><strong>autem,</strong></span> <span class='ocrx_word' id='word_1_272' title='bbox 990 2710 1127 2773; x_wconf 72' lang='lat' dir='ltr'><strong>Dfie,</strong></span> <span class='ocrx_word' id='word_1_273' title='bbox 1160 2713 1404 2762; x_wconf 89' lang='lat' dir='ltr'><strong>miserere</strong></span> <span class='ocrx_word' id='word_1_274' title='bbox 1437 2710 1624 2761; x_wconf 84' lang='lat' dir='ltr'><strong>nostri.</strong></span> <span class='ocrx_word' id='word_1_275' title='bbox 1647 2711 1763 2758; x_wconf 90' lang='lat' dir='ltr'><strong>Deo</strong></span> <span class='ocrx_word' id='word_1_276' title='bbox 1788 2705 2019 2774; x_wconf 64' lang='lat' dir='ltr'><strong>gratias]</strong></span> <span class='ocrx_word' id='word_1_277' title='bbox 2045 2707 2166 2756; x_wconf 91' lang='lat' dir='ltr'><strong>Non</strong></span> <span class='ocrx_word' id='word_1_278' title='bbox 2193 2705 2281 2756; x_wconf 79' lang='lat' dir='ltr'><strong>“in</strong></span> <span class='ocrx_word' id='word_1_279' title='bbox 2302 2706 2645 2771; x_wconf 73' lang='lat' dir='ltr'><strong>audientia&#39;&#39;,</strong></span> <span class='ocrx_word' id='word_1_280' title='bbox 2670 2706 2753 2758; x_wconf 86' lang='lat' dir='ltr'><strong>sed</strong></span> 
     </span>
     <span class='ocr_line' id='line_1_29' title="bbox 560 2788 2753 2861; baseline -0.004 -14"><span class='ocrx_word' id='word_1_281' title='bbox 560 2795 808 2861; x_wconf 77' lang='lat' dir='ltr'><strong>privatim</strong></span> <span class='ocrx_word' id='word_1_282' title='bbox 828 2800 1047 2860; x_wconf 87' lang='lat' dir='ltr'><strong>tantum,</strong></span> <span class='ocrx_word' id='word_1_283' title='bbox 1071 2797 1126 2845; x_wconf 91' lang='lat' dir='ltr'><strong>in</strong></span> <span class='ocrx_word' id='word_1_284' title='bbox 1145 2796 1335 2846; x_wconf 91' lang='lat' dir='ltr'><strong>Officio</strong></span> <span class='ocrx_word' id='word_1_285' title='bbox 1357 2793 1553 2844; x_wconf 85' lang='lat' dir='ltr'><strong>Sarisb.</strong></span> <span class='ocrx_word' id='word_1_286' title='bbox 1576 2796 1699 2857; x_wconf 89' lang='lat' dir='ltr'><strong>post</strong></span> <span class='ocrx_word' id='word_1_287' title='bbox 1721 2789 1802 2840; x_wconf 75' lang='lat' dir='ltr'><strong>Tu</strong></span> <span class='ocrx_word' id='word_1_288' title='bbox 1819 2797 1988 2840; x_wconf 73' lang='lat' dir='ltr'><strong>autem</strong></span> <span class='ocrx_word' id='word_1_289' title='bbox 2005 2788 2294 2840; x_wconf 79' lang='lat' dir='ltr'><strong>addebatur</strong></span> <span class='ocrx_word' id='word_1_290' title='bbox 2310 2790 2464 2841; x_wconf 88' lang='lat' dir='ltr'><strong>“Deo</strong></span> <span class='ocrx_word' id='word_1_291' title='bbox 2484 2790 2753 2858; x_wconf 58' lang='lat' dir='ltr'><strong>gratias-’E</strong></span> 
     </span>
     <span class='ocr_line' id='line_1_30' title="bbox 564 2876 1627 2945; baseline -0.005 -16"><span class='ocrx_word' id='word_1_292' title='bbox 564 2896 616 2929; x_wconf 85' lang='lat' dir='ltr'><strong>v.</strong></span> <span class='ocrx_word' id='word_1_293' title='bbox 639 2880 726 2929; x_wconf 88' lang='lat' dir='ltr'><strong>Pr.</strong></span> <span class='ocrx_word' id='word_1_294' title='bbox 753 2879 817 2928; x_wconf 90' lang='lat' dir='ltr'><strong>de</strong></span> <span class='ocrx_word' id='word_1_295' title='bbox 839 2879 900 2928; x_wconf 88' lang='lat' dir='ltr'><strong>T.</strong></span> <span class='ocrx_word' id='word_1_296' title='bbox 924 2878 1077 2941; x_wconf 63' lang='lat' dir='ltr'><strong>Adw,</strong></span> <span class='ocrx_word' id='word_1_297' title='bbox 1102 2896 1152 2945; x_wconf 92' lang='lat' dir='ltr'><strong>p.</strong></span> <span class='ocrx_word' id='word_1_298' title='bbox 1178 2879 1208 2927; x_wconf 91' lang='lat'>5</span> <span class='ocrx_word' id='word_1_299' title='bbox 1232 2876 1276 2940; x_wconf 80' lang='lat' dir='ltr'><strong>b,</strong></span> <span class='ocrx_word' id='word_1_300' title='bbox 1302 2892 1421 2926; x_wconf 89' lang='lat' dir='ltr'><strong>cum</strong></span> <span class='ocrx_word' id='word_1_301' title='bbox 1446 2881 1627 2925; x_wconf 84' lang='lat' dir='ltr'><strong>annot.</strong></span> 
     </span>
    </p>

    <p class='ocr_par' dir='ltr' id='par_1_18' title="bbox 569 2950 2758 3184">
     <span class='ocr_line' id='line_1_31' title="bbox 665 2950 2756 3028; baseline -0.005 -10"><span class='ocrx_word' id='word_1_302' title='bbox 665 2958 705 3028; x_wconf 61' lang='grc' dir='ltr'>ὃ</span> <span class='ocrx_word' id='word_1_303' title='bbox 725 2957 931 3028; x_wconf 67' lang='lat'><strong>152.)</strong></span> <span class='ocrx_word' id='word_1_304' title='bbox 960 2964 1090 3014; x_wconf 89' lang='lat' dir='ltr'><strong>Cum</strong></span> <span class='ocrx_word' id='word_1_305' title='bbox 1108 2962 1208 3011; x_wconf 88' lang='lat' dir='ltr'><strong>hac</strong></span> <span class='ocrx_word' id='word_1_306' title='bbox 1224 2958 1492 3025; x_wconf 87' lang='lat' dir='ltr'><strong>Legenda,</strong></span> <span class='ocrx_word' id='word_1_307' title='bbox 1515 2961 1575 3006; x_wconf 86' lang='lat' dir='ltr'><strong>nt</strong></span> <span class='ocrx_word' id='word_1_308' title='bbox 1593 2973 1750 3022; x_wconf 87' lang='lat' dir='ltr'><strong>supra</strong></span> <span class='ocrx_word' id='word_1_309' title='bbox 1771 2952 1863 3021; x_wconf 89' lang='lat' dir='ltr'><strong>(ad</strong></span> <span class='ocrx_word' id='word_1_310' title='bbox 1881 2956 1912 3016; x_wconf 65' lang='grc' dir='ltr'>ἓ</span> <span class='ocrx_word' id='word_1_311' title='bbox 1935 2950 2048 3018; x_wconf 87' lang='grc'>148)</span> <span class='ocrx_word' id='word_1_312' title='bbox 2075 2953 2271 3004; x_wconf 88' lang='lat' dir='ltr'><strong>dictum</strong></span> <span class='ocrx_word' id='word_1_313' title='bbox 2290 2960 2391 3018; x_wconf 87' lang='lat' dir='ltr'><strong>est,</strong></span> <span class='ocrx_word' id='word_1_314' title='bbox 2414 2959 2626 3021; x_wconf 71' lang='lat' dir='ltr'><strong>parfim</strong></span> <span class='ocrx_word' id='word_1_315' title='bbox 2645 2973 2756 3009; x_wconf 85' lang='lat' dir='ltr'><strong>con·</strong></span> 
     </span>
     <span class='ocr_line' id='line_1_32' title="bbox 569 3036 2758 3111; baseline -0.002 -15"><span class='ocrx_word' id='word_1_316' title='bbox 569 3045 752 3097; x_wconf 89' lang='lat' dir='ltr'><strong>cordat</strong></span> <span class='ocrx_word' id='word_1_317' title='bbox 780 3045 947 3111; x_wconf 88' lang='lat' dir='ltr'><strong>ipsius</strong></span> <span class='ocrx_word' id='word_1_318' title='bbox 982 3045 1026 3095; x_wconf 92' lang='lat' dir='ltr'><strong>L</strong></span> <span class='ocrx_word' id='word_1_319' title='bbox 1060 3043 1312 3110; x_wconf 87' lang='lat' dir='ltr'><strong>Legenda</strong></span> <span class='ocrx_word' id='word_1_320' title='bbox 1343 3041 1621 3110; x_wconf 84' lang='lat' dir='ltr'><strong>posterior,</strong></span> <span class='ocrx_word' id='word_1_321' title='bbox 1657 3055 1812 3105; x_wconf 87' lang='lat' dir='ltr'><strong>quam</strong></span> <span class='ocrx_word' id='word_1_322' title='bbox 1842 3038 1946 3102; x_wconf 78' lang='lat' dir='ltr'><strong>hic,</strong></span> <span class='ocrx_word' id='word_1_323' title='bbox 1969 3038 2027 3087; x_wconf 90' lang='lat' dir='ltr'><strong>in</strong></span> <span class='ocrx_word' id='word_1_324' title='bbox 2048 3036 2261 3088; x_wconf 85' lang='lat' dir='ltr'><strong>lectoris</strong></span> <span class='ocrx_word' id='word_1_325' title='bbox 2287 3040 2662 3106; x_wconf 87' lang='lat' dir='ltr'><strong>commodum,</strong></span> <span class='ocrx_word' id='word_1_326' title='bbox 2685 3057 2758 3091; x_wconf 82' lang='lat' dir='ltr'><strong>ex·</strong></span> 
     </span>
     <span class='ocr_line' id='line_1_33' title="bbox 569 3130 766 3184; baseline -0.015 -1"><span class='ocrx_word' id='word_1_327' title='bbox 569 3130 766 3184; x_wconf 85' lang='lat' dir='ltr'><strong>scribo:</strong></span> 
     </span>
    </p>

    <p class='ocr_par' dir='ltr' id='par_1_19' title="bbox 573 3200 2767 3529">
     <span class='ocr_line' id='line_1_34' title="bbox 683 3200 2761 3280; baseline -0.004 -17"><span class='ocrx_word' id='word_1_328' title='bbox 683 3212 832 3265; x_wconf 63' lang='lat' dir='ltr'><strong>“Lea</strong></span> <span class='ocrx_word' id='word_1_329' title='bbox 854 3212 889 3280; x_wconf 81' lang='lat' dir='ltr'><strong><em>j</em></strong></span> <span class='ocrx_word' id='word_1_330' title='bbox 921 3210 1006 3279; x_wconf 84' lang='lat' dir='ltr'><strong>[ex</strong></span> <span class='ocrx_word' id='word_1_331' title='bbox 1039 3212 1207 3278; x_wconf 89' lang='lat' dir='ltr'><strong>prima</strong></span> <span class='ocrx_word' id='word_1_332' title='bbox 1246 3214 1429 3260; x_wconf 87' lang='lat' dir='ltr'><strong>nostra</strong></span> <span class='ocrx_word' id='word_1_333' title='bbox 1463 3213 1515 3259; x_wconf 88' lang='lat' dir='ltr'><strong>et</strong></span> <span class='ocrx_word' id='word_1_334' title='bbox 1551 3205 1638 3257; x_wconf 69' lang='lat'><strong>2‘12</strong></span> <span class='ocrx_word' id='word_1_335' title='bbox 1683 3207 1833 3256; x_wconf 89' lang='lat' dir='ltr'><strong>initio</strong></span> <span class='ocrx_word' id='word_1_336' title='bbox 1871 3200 2158 3267; x_wconf 69' lang='lat' dir='ltr'><strong>constans]</strong></span> <span class='ocrx_word' id='word_1_337' title='bbox 2199 3202 2536 3270; x_wconf 88' lang='lat' dir='ltr'><strong>Loquamur,</strong></span> <span class='ocrx_word' id='word_1_338' title='bbox 2583 3209 2761 3259; x_wconf 79' lang='lat' dir='ltr'><strong>fratres</strong></span> 
     </span>
     <span class='ocr_line' id='line_1_35' title="bbox 573 3284 2763 3359; baseline -0.004 -11"><span class='ocrx_word' id='word_1_339' title='bbox 573 3296 889 3359; x_wconf 86' lang='lat' dir='ltr'><strong>“karissimi,</strong></span> <span class='ocrx_word' id='word_1_340' title='bbox 937 3293 1134 3359; x_wconf 89' lang='lat' dir='ltr'><strong>aliquid</strong></span> <span class='ocrx_word' id='word_1_341' title='bbox 1149 3293 1211 3359; x_wconf 80' lang='grc' dir='ltr'><strong>(Ι)</strong></span> <span class='ocrx_word' id='word_1_342' title='bbox 1256 3292 1313 3342; x_wconf 90' lang='lat' dir='ltr'><strong>in</strong></span> <span class='ocrx_word' id='word_1_343' title='bbox 1357 3291 1605 3342; x_wconf 83' lang='lat' dir='ltr'><strong>laudibus</strong></span> <span class='ocrx_word' id='word_1_344' title='bbox 1648 3288 1999 3339; x_wconf 84' lang='lat' dir='ltr'><strong>sacratissime</strong></span> <span class='ocrx_word' id='word_1_345' title='bbox 2041 3284 2275 3352; x_wconf 87' lang='lat' dir='ltr'><strong>Virginis</strong></span> <span class='ocrx_word' id='word_1_346' title='bbox 2315 3286 2514 3340; x_wconf 85' lang='lat' dir='ltr'><strong>Marie.</strong></span> <span class='ocrx_word' id='word_1_347' title='bbox 2569 3292 2685 3342; x_wconf 85' lang='lat' dir='ltr'><strong>Sed</strong></span> <span class='ocrx_word' id='word_1_348' title='bbox 2724 3298 2763 3339; x_wconf 76' lang='lat' dir='ltr'><strong>et</strong></span> 
     </span>
     <span class='ocr_line' id='line_1_36' title="bbox 575 3367 2764 3447; baseline -0.004 -15"><span class='ocrx_word' id='word_1_349' title='bbox 575 3380 759 3447; x_wconf 80' lang='lat' dir='ltr'><strong>“[Cum</strong></span> <span class='ocrx_word' id='word_1_350' title='bbox 792 3379 841 3429; x_wconf 80' lang='lat' dir='ltr'>A</span> <span class='ocrx_word' id='word_1_351' title='bbox 874 3384 927 3428; x_wconf 87' lang='lat' dir='ltr'><strong>et</strong></span> <span class='ocrx_word' id='word_1_352' title='bbox 959 3378 1045 3429; x_wconf 90' lang='lat' dir='ltr'><strong>Pr.</strong></span> <span class='ocrx_word' id='word_1_353' title='bbox 1070 3378 1115 3427; x_wconf 91' lang='lat' dir='ltr'><strong>L</strong></span> <span class='ocrx_word' id='word_1_354' title='bbox 1147 3375 1430 3442; x_wconf 89' lang='lat' dir='ltr'><strong>legendum</strong></span> <span class='ocrx_word' id='word_1_355' title='bbox 1458 3373 1591 3423; x_wconf 86' lang='lat' dir='ltr'><strong>“Sed</strong></span> <span class='ocrx_word' id='word_1_356' title='bbox 1617 3371 1758 3439; x_wconf 90' lang='lat' dir='ltr'><strong>quid]</strong></span> <span class='ocrx_word' id='word_1_357' title='bbox 1786 3386 1884 3421; x_wconf 90' lang='lat' dir='ltr'><strong>nos</strong></span> <span class='ocrx_word' id='word_1_358' title='bbox 1907 3367 2116 3430; x_wconf 87' lang='lat' dir='ltr'><strong>tantilli,</strong></span> <span class='ocrx_word' id='word_1_359' title='bbox 2154 3369 2280 3433; x_wconf 87' lang='lat' dir='ltr'><strong>quid</strong></span> <span class='ocrx_word' id='word_1_360' title='bbox 2303 3371 2540 3422; x_wconf 90' lang='lat' dir='ltr'><strong>accione</strong></span> <span class='ocrx_word' id='word_1_361' title='bbox 2576 3375 2764 3441; x_wconf 78' lang='lat' dir='ltr'><strong>pusilli,</strong></span> 
     </span>
     <span class='ocr_line' id='line_1_37' title="bbox 575 3451 2767 3529; baseline -0.004 -16"><span class='ocrx_word' id='word_1_362' title='bbox 575 3464 725 3529; x_wconf 68' lang='grc' dir='ltr'><strong>ι*ἰιι(2)</strong></span> <span class='ocrx_word' id='word_1_363' title='bbox 752 3463 863 3528; x_wconf 88' lang='lat' dir='ltr'><strong>ejus</strong></span> <span class='ocrx_word' id='word_1_364' title='bbox 897 3461 1141 3512; x_wconf 86' lang='lat' dir='ltr'><strong>laudibus</strong></span> <span class='ocrx_word' id='word_1_365' title='bbox 1173 3456 1552 3522; x_wconf 77' lang='lat' dir='ltr'><strong>referamus(3);</strong></span> <span class='ocrx_word' id='word_1_366' title='bbox 1588 3471 1708 3506; x_wconf 88' lang='lat' dir='ltr'><strong>cum</strong></span> <span class='ocrx_word' id='word_1_367' title='bbox 1743 3461 1794 3504; x_wconf 89' lang='lat' dir='ltr'><strong>et</strong></span> <span class='ocrx_word' id='word_1_368' title='bbox 1828 3453 1939 3518; x_wconf 83' lang='lat' dir='ltr'><strong>si(⁴)</strong></span> <span class='ocrx_word' id='word_1_369' title='bbox 1975 3451 2206 3501; x_wconf 90' lang='lat' dir='ltr'><strong>omnium</strong></span> <span class='ocrx_word' id='word_1_370' title='bbox 2241 3456 2493 3505; x_wconf 86' lang='lat' dir='ltr'><strong>nostrum</strong></span> <span class='ocrx_word' id='word_1_371' title='bbox 2532 3459 2767 3509; x_wconf 70' lang='lat' dir='ltr'><strong>membra</strong></span> 
     </span>
    </p>
   </div>
   <div class='ocr_carea' id='block_1_3' title="bbox 576 3610 2771 3712">
    <p class='ocr_par' dir='ltr' id='par_1_20' title="bbox 576 3610 2771 3712">
     <span class='ocr_line' id='line_1_38' title="bbox 671 3610 2771 3670; baseline -0.004 -13"><span class='ocrx_word' id='word_1_372' title='bbox 671 3618 936 3665; x_wconf 70' lang='lat' dir='ltr'><strong>*conjunctio</strong></span> <span class='ocrx_word' id='word_1_373' title='bbox 975 3615 1113 3667; x_wconf 71' lang='lat' dir='ltr'><strong>“que&#39;&#39;</strong></span> <span class='ocrx_word' id='word_1_374' title='bbox 1153 3617 1190 3653; x_wconf 83' lang='lat' dir='ltr'><strong>in</strong></span> <span class='ocrx_word' id='word_1_375' title='bbox 1230 3615 1397 3653; x_wconf 77' lang='lat' dir='ltr'><strong>Praefixis</strong></span> <span class='ocrx_word' id='word_1_376' title='bbox 1425 3615 1518 3650; x_wconf 76' lang='lat' dir='ltr'><strong>L&#39;ut</strong></span> <span class='ocrx_word' id='word_1_377' title='bbox 1543 3614 1580 3650; x_wconf 86' lang='lat' dir='ltr'><strong>in</strong></span> <span class='ocrx_word' id='word_1_378' title='bbox 1609 3613 1779 3659; x_wconf 75' lang='lat' dir='ltr'><strong>ejusdem</strong></span> <span class='ocrx_word' id='word_1_379' title='bbox 1804 3611 1887 3649; x_wconf 85' lang='lat' dir='ltr'><strong>libri</strong></span> <span class='ocrx_word' id='word_1_380' title='bbox 1917 3616 2016 3648; x_wconf 72' lang='lat' dir='ltr'><strong>textu</strong></span> <span class='ocrx_word' id='word_1_381' title='bbox 2057 3610 2235 3658; x_wconf 77' lang='lat' dir='ltr'><strong>scriptum</strong></span> <span class='ocrx_word' id='word_1_382' title='bbox 2262 3610 2491 3651; x_wconf 73' lang='lat' dir='ltr'><strong>invenitur:</strong></span> <span class='ocrx_word' id='word_1_383' title='bbox 2526 3628 2575 3657; x_wconf 79' lang='lat' dir='ltr'><strong>v.</strong></span> <span class='ocrx_word' id='word_1_384' title='bbox 2608 3618 2661 3656; x_wconf 61' lang='lat' dir='ltr'><strong>ud</strong></span> <span class='ocrx_word' id='word_1_385' title='bbox 2686 3615 2713 3670; x_wconf 56' lang='grc' dir='ltr'>ᾗ</span> <span class='ocrx_word' id='word_1_386' title='bbox 2737 3618 2771 3654; x_wconf 72' lang='grc'><strong>16</strong></span> 
     </span>
     <span class='ocr_line' id='line_1_39' title="bbox 576 3666 1374 3712; baseline -0.008 -5"><span class='ocrx_word' id='word_1_387' title='bbox 576 3670 707 3707; x_wconf 80' lang='lat' dir='ltr'><strong>inter</strong></span> <span class='ocrx_word' id='word_1_388' title='bbox 733 3668 959 3708; x_wconf 71' lang='lat' dir='ltr'><strong>Addenda</strong></span> <span class='ocrx_word' id='word_1_389' title='bbox 987 3674 1033 3704; x_wconf 77' lang='lat' dir='ltr'><strong>et</strong></span> <span class='ocrx_word' id='word_1_390' title='bbox 1058 3666 1374 3712; x_wconf 69' lang='lat' dir='ltr'><strong>Corrigenda.</strong></span> 
     </span>
    </p>
   </div>
   <div class='ocr_carea' id='block_1_4' title="bbox 572 3723 2777 3834">
    <p class='ocr_par' dir='ltr' id='par_1_21' title="bbox 572 3723 2777 3834">
     <span class='ocr_line' id='line_1_40' title="bbox 674 3723 2773 3817; baseline -0.001 -46"><span class='ocrx_word' id='word_1_391' title='bbox 674 3735 716 3782; x_wconf 90' lang='grc'><strong>1)</strong></span> <span class='ocrx_word' id='word_1_392' title='bbox 743 3735 785 3773; x_wconf 81' lang='lat' dir='ltr'><strong>ln</strong></span> <span class='ocrx_word' id='word_1_393' title='bbox 825 3736 883 3772; x_wconf 83' lang='lat' dir='ltr'><strong>Pr.</strong></span> <span class='ocrx_word' id='word_1_394' title='bbox 913 3735 954 3783; x_wconf 79' lang='grc'><strong>1,,</strong></span> <span class='ocrx_word' id='word_1_395' title='bbox 994 3734 1233 3784; x_wconf 74' lang='lat' dir='ltr'><strong>“Loquumnr</strong></span> <span class='ocrx_word' id='word_1_396' title='bbox 1271 3743 1380 3781; x_wconf 75' lang='lat' dir='ltr'><strong>crgo,</strong></span> <span class='ocrx_word' id='word_1_397' title='bbox 1421 3731 1571 3777; x_wconf 67' lang='lat' dir='ltr'><strong>fratres,</strong></span> <span class='ocrx_word' id='word_1_398' title='bbox 1611 3728 1802 3817; x_wconf 42' lang='lat' dir='ltr'><strong>nlissuid&#39;n</strong></span> <span class='ocrx_word' id='word_1_399' title='bbox 1910 3724 1953 3772; x_wconf 78' lang='lat'><strong>2)</strong></span> <span class='ocrx_word' id='word_1_400' title='bbox 1983 3726 2048 3785; x_wconf 67' lang='grc' dir='ltr'><strong>ξίο</strong></span> <span class='ocrx_word' id='word_1_401' title='bbox 2076 3726 2175 3783; x_wconf 44' lang='lat' dir='ltr'><strong>“U&#39;‘</strong></span> <span class='ocrx_word' id='word_1_402' title='bbox 2206 3723 2267 3784; x_wconf 66' lang='lat' dir='ltr'><strong>Pr.</strong></span> <span class='ocrx_word' id='word_1_403' title='bbox 2296 3724 2345 3762; x_wconf 80' lang='lat' dir='ltr'><strong>L:</strong></span> <span class='ocrx_word' id='word_1_404' title='bbox 2389 3727 2430 3765; x_wconf 78' lang='lat' dir='ltr'><strong>in</strong></span> <span class='ocrx_word' id='word_1_405' title='bbox 2474 3731 2508 3767; x_wconf 84' lang='grc' dir='ltr'><strong>Α</strong></span> <span class='ocrx_word' id='word_1_406' title='bbox 2538 3732 2681 3784; x_wconf 72' lang='lat' dir='ltr'><strong>“quid</strong></span> <span class='ocrx_word' id='word_1_407' title='bbox 2704 3734 2773 3772; x_wconf 57' lang='lat' dir='ltr'><strong>in&#39;l</strong></span> 
     </span>
     <span class='ocr_line' id='line_1_41' title="bbox 572 3774 2777 3834; baseline -0.001 -12"><span class='ocrx_word' id='word_1_408' title='bbox 572 3784 613 3834; x_wconf 83' lang='grc'><strong>3)</strong></span> <span class='ocrx_word' id='word_1_409' title='bbox 644 3786 706 3826; x_wconf 75' lang='lat' dir='ltr'><strong>Sic</strong></span> <span class='ocrx_word' id='word_1_410' title='bbox 733 3792 771 3824; x_wconf 80' lang='lat' dir='ltr'><strong>et</strong></span> <span class='ocrx_word' id='word_1_411' title='bbox 797 3786 856 3823; x_wconf 81' lang='lat' dir='ltr'><strong>Pr.</strong></span> <span class='ocrx_word' id='word_1_412' title='bbox 886 3786 930 3822; x_wconf 86' lang='lat' dir='ltr'><strong>L:</strong></span> <span class='ocrx_word' id='word_1_413' title='bbox 970 3785 1008 3823; x_wconf 80' lang='grc' dir='ltr'><strong>ὶιι</strong></span> <span class='ocrx_word' id='word_1_414' title='bbox 1033 3785 1064 3821; x_wconf 82' lang='grc' dir='ltr'><strong>Α</strong></span> <span class='ocrx_word' id='word_1_415' title='bbox 1092 3781 1373 3821; x_wconf 67' lang='lat' dir='ltr'><strong>⁸⁴·rereremus”.</strong></span> <span class='ocrx_word' id='word_1_416' title='bbox 1509 3778 1552 3828; x_wconf 75' lang='lat'><strong>4)</strong></span> <span class='ocrx_word' id='word_1_417' title='bbox 1592 3778 1634 3818; x_wconf 81' lang='lat' dir='ltr'><strong>ln</strong></span> <span class='ocrx_word' id='word_1_418' title='bbox 1704 3790 1731 3818; x_wconf 82' lang='lat' dir='ltr'><strong>r.</strong></span> <span class='ocrx_word' id='word_1_419' title='bbox 1771 3780 1810 3828; x_wconf 71' lang='lat' dir='ltr'><strong>L,</strong></span> <span class='ocrx_word' id='word_1_420' title='bbox 1849 3777 2059 3827; x_wconf 77' lang='lat' dir='ltr'><strong>“quomam</strong></span> <span class='ocrx_word' id='word_1_421' title='bbox 2099 3774 2179 3816; x_wconf 68' lang='grc' dir='ltr'><strong>3ι”τ</strong></span> <span class='ocrx_word' id='word_1_422' title='bbox 2220 3784 2258 3812; x_wconf 82' lang='grc' dir='ltr'><strong>ιιι</strong></span> <span class='ocrx_word' id='word_1_423' title='bbox 2298 3776 2329 3811; x_wconf 81' lang='grc' dir='ltr'><strong>Α</strong></span> <span class='ocrx_word' id='word_1_424' title='bbox 2364 3776 2498 3817; x_wconf 77' lang='lat' dir='ltr'><strong>“cum</strong></span> <span class='ocrx_word' id='word_1_425' title='bbox 2543 3787 2673 3823; x_wconf 70' lang='lat' dir='ltr'><strong>etium</strong></span> <span class='ocrx_word' id='word_1_426' title='bbox 2711 3784 2777 3822; x_wconf 65' lang='lat'><strong>⁵1⁷⁸.</strong></span> 
     </span>
    </p>
   </div>
  </div>
 </body>
</html>
