2910 4457
816 376 888 415 An
928 376 1257 417 aunuum.
1299 376 1457 417 socr.
1500 377 1550 417 11
1592 377 1662 415 m·
1703 376 1793 416 ur.
2301 361 2336 417 7

273 490 334 552 Ῡ.
369 489 565 541 Parios
581 488 789 551 quidem
826 489 1019 548 fillum;
1042 490 1130 539 sed
1161 489 1262 537 vir-

271 552 507 614 ginitatis
521 564 623 600 non
638 551 847 612 patieris
861 551 1224 601 detrimentum
1245 566 1258 600 :

270 614 505 664 efficieris
546 614 787 677 gravida,
834 618 882 662 et
925 613 1026 662 eris
1069 618 1254 671 mater,

268 688 467 737 semper
487 676 695 726 intacta.
732 676 802 726 Ut
821 675 1082 724 benedicta
1107 670 1260 741 [dica-

269 736 498 849 ηδιίτοσίιξ)
517 798 590 861 vJ’.
612 799 715 850 Nec
736 799 928 847 mirum
952 798 996 846 si
1026 798 1257 848 diabolus

266 862 470 911 emittat
507 862 797 922 iniquitatis
838 861 1095 920 tenebras3
1138 872 1254 909 cum

265 923 282 972 i
409 924 481 972 sit
517 936 613 972 nox
644 923 879 972 omnium
919 927 1254 981 peccatorum.

318 986 352 1034 d
374 986 535 1046 hujus
561 986 719 1046 igitur
741 986 901 1033 noctis
932 989 1113 1032 tetram
1134 984 1257 1033 cali-

264 1047 443 1109 ginem
494 1047 864 1108 depellendam,
908 1047 1043 1095 velut
1085 1046 1254 1106 fulgur

263 1110 524 1170 quoddam
592 1109 826 1159 Christus
886 1107 1134 1156 adveniet.
1190 1108 1254 1157 Et

262 1171 399 1219 sicut
419 1171 699 1220 lucescente
717 1171 798 1219 die
812 1183 907 1218 nox
923 1171 1252 1230 subvertitur,

263 1232 335 1281 ita
345 1238 641 1281 coruscante
656 1232 910 1281 salvatore
923 1231 1253 1280 antichristus

259 1294 589 1356 effugabitur.
643 1294 744 1344 Nec
804 1294 1020 1342 ulterius
1073 1294 1254 1354 poterit

259 1356 600 1406 disseminare
638 1356 928 1416 iniquitatis
977 1368 1081 1404 suae
1123 1361 1255 1405 tene-

260 1419 404 1530 bffi,
415 1431 534 1467 cum
559 1420 730 1468 lumen
748 1418 976 1467 veritatis
990 1417 1249 1467 effulserit.

389 1486 483 1531 etc.

270 1479 288 1543 ἱ
315 1552 366 1606 152
379 1541 432 1592 6.
446 1479 755 1596 Sililvatorem
767 1545 1100 1604 expectamus,
1114 1541 1250 1588 Dfim

260 1603 443 1654 lesum
481 1603 773 1663 Christum3
813 1603 915 1663 Qui
964 1601 1254 1651 reformabit

259 1678 447 1726 corpus
460 1666 768 1715 humilitatis
788 1670 989 1723 nostrae,
1017 1664 1256 1724 Conligu-

264 1732 437 1777 ratum
459 1728 655 1787 corpori
676 1726 923 1776 claritatis
943 1739 1065 1776 suae.
1084 1725 1144 1786 tls.
1168 1726 1252 1798 So-

263 1789 373 1839 brie
393 1793 444 1839 et
467 1790 605 1852 juste
633 1793 682 1837 et
716 1788 793 1849 pie
813 1789 1047 1838 vivamus
1081 1789 1133 1837 in
1159 1789 1251 1838 hoc

260 1851 472 1910 seculo}
496 1855 806 1912 expectantes
824 1851 1020 1899 beatam
1039 1863 1178 1912 spem
1203 1857 1252 1901 et

261 1914 538 1964 adventum
574 1913 745 1974 gloriae
780 1912 956 1974 magni
991 1914 1101 1962 Dei.
1145 1913 1248 1974 Qui

262 1975 556 2025 reformabit
622 1974 822 2037 [corpus
889 1972 999 2036 etc.]
1075 1975 1249 2024 Gloria

269 2036 454 2100 [Patri.
499 2042 547 2086 et
590 2038 746 2095 Filio,
786 2042 835 2085 et
869 2036 1082 2096 Spiritui
1124 2037 1251 2085 San-

261 2098 381 2171 ctoj.
422 2098 805 2160 Contiguratum
846 2097 1058 2161 [corpori
1093 2098 1250 2146 clari-

260 2166 382 2211 tans
416 2160 564 2234 suaeJ.

325 2228 358 2279 1
378 2222 447 2272 In
464 2223 522 2286 in)
541 2226 810 2271 nocturna.
837 2222 897 2271 A.
916 2221 1019 2270 Nox
1038 2233 1248 2280 pra-ces-

259 2284 355 2344 sit,
399 2284 509 2334 dies
548 2290 718 2334 autem
761 2283 1184 2343 appropinquabit
1233 2298 1246 2332 t

260 2347 571 2409 abjiciamus
592 2359 709 2407 ergo
725 2358 872 2406 opera
894 2346 1217 2393 tenebrarum
1232 2381 1245 2404 ,

259 2412 311 2459 et
336 2409 617 2458 induamur
647 2420 788 2457 arma
822 2408 969 2455 luciS.
1001 2408 1092 2455 Pa.
1122 2407 1246 2456 Coeli

259 2476 520 2520 enarrant.
546 2472 609 2520 A.
643 2471 785 2519 Hora
819 2475 891 2517 est
917 2469 1023 2528 J’am
1058 2482 1150 2518 nos
1184 2471 1247 2519 de

261 2543 442 2582 sonum
462 2545 670 2595 surgere
684 2568 698 2592 ,
722 2537 770 2580 et
791 2532 949 2591 aperti
970 2536 1090 2579 sunt
1111 2532 1244 2580 oculi

260 2593 422 2643 nostri
463 2605 669 2654 surgere
705 2593 768 2642 ad
799 2593 1088 2654 Christum;
1124 2594 1243 2653 quia

261 2656 346 2704 lux
381 2667 498 2704 vera
541 2662 616 2705 est
661 2660 710 2704 et
760 2655 955 2715 fulgens
1001 2655 1055 2702 in
1102 2657 1241 2716 caelu,

262 2717 355 2766 Pa.
378 2718 628 2767 Exaudiet
648 2721 696 2765 te
714 2717 842 2764 DnS.
865 2718 926 2764 Δ.
944 2715 1167 2764 Gaudete
1189 2717 1241 2764 in

258 2779 374 2829 Dio
382 2790 579 2837 semper
592 2793 606 2827 ι
617 2779 857 2826 modestia
872 2783 1031 2825 vestra
1050 2782 1165 2824 nota
1179 2779 1247 2825 sit

256 2841 503 2890 omnibus
517 2840 813 2888 bominibus
830 2840 962 2888 :Diis
979 2851 1127 2898 prope
1142 2844 1243 2888 est:

260 2903 390 2952 nibil
409 2901 612 2952 solliciti
634 2902 748 2949 sitis
763 2913 776 2961 3
794 2901 878 2949 sed
902 2901 953 2947 in
977 2900 1117 2947 omni
1133 2913 1246 2948 ora-

263 2966 398 3014 tione
418 2965 685 3026 petitiones
721 2968 896 3012 veslrae
932 2962 1246 3010 innotescant

258 3027 395 3090 apud
430 3029 613 3077 Deum.
646 3025 740 3075 Ps.
769 3026 907 3082 Due,
948 3024 999 3071 in
1039 3025 1241 3073 virtute.

321 3087 386 3152 Ῡ.
422 3089 724 3149 Egredietur
743 3088 854 3136 Dfis
873 3088 933 3136 de
952 3088 1055 3135 loco
1071 3094 1244 3135 sancto

259 3163 371 3200 suo.
402 3162 470 3213 132.
507 3151 708 3207 Veniet,
735 3155 793 3198 ut
821 3151 977 3198 salvet
999 3150 1241 3210 populum

262 3226 414 3262 suum
437 3226 466 3262 a
487 3212 700 3275 peccaris
715 3225 906 3262 eorum.

324 3283 357 3332 τ
379 3275 478 3325 Hoe
486 3275 742 3336 proedictoe
755 3275 1044 3347 antiphonae
1058 3275 1115 3322 in
1129 3288 1243 3322 noc-

264 3338 433 3385 tumis
471 3337 623 3400 hujus
666 3336 940 3384 Dcmtimcae
979 3350 1094 3385 cum
1132 3337 1239 3383 suis

264 3398 489 3448 Psalmis
532 3400 773 3448 dicantur
813 3397 1040 3446 omnibus
1085 3399 1238 3447 Dom.

264 3459 435 3512 diebus
445 3472 540 3520 per
561 3465 722 3509 totum
740 3461 1044 3508 Adventum.

329 3528 362 3577 Ἱ
407 3521 571 3570 Lectio
597 3524 813 3582 septima
844 3524 901 3570 de
932 3522 1267 3583 expositione.

1356 490 1608 552 euangelii
1629 490 1718 540 hoc
1746 490 1894 539 modo
1913 488 2210 551 weipiatur,
2227 498 2347 552 post

1357 557 1617 613 acceptam
1636 552 2041 602 benedictionem.

1418 614 1585 663 Lectio
1609 614 1773 664 sancti
1792 614 2042 675 euangelii
2060 615 2341 665 secundum

1358 674 1678 726 Matthaeum.
1704 678 1854 739 (Cap.
1870 678 1990 739 xxj.
2012 678 2100 741 A.)

1417 736 1590 786 Gloria
1610 739 1723 798 tibi,
1743 739 1979 788 Domine.

1355 807 1443 908 ΙΝ
1485 800 1571 847 illo
1622 803 1859 859 tempore,
1899 801 2027 850 Cum
2070 800 2342 861 appropin-

1408 864 1613 919 quasset
1662 861 1811 910 Jesus
1851 862 2232 923 HierosolymiS‚
2292 869 2341 912 et

1354 922 1577 971 venisset
1595 923 1884 984 Bethphage
1903 924 2210 984 adflmontem
2233 924 2342 973 Oli-

1355 983 1473 1043 veti‚
1489 989 1611 1032 tunc
1624 984 1764 1033 misit
1778 987 1904 1035 duos
1918 985 2191 1045 discipulos
2202 999 2338 1045 suoS‚

1352 1045 1528 1094 dicens
1562 1047 1635 1095 eis
1666 1061 1678 1095 ε
1714 1049 1787 1097 Ite
1823 1047 1877 1096 in
1911 1049 2169 1097 castellum
2206 1051 2339 1107 quod

1352 1113 1526 1156 contra
1548 1121 1637 1157 vos
1661 1115 1759 1170 est3
1798 1115 1846 1159 et
1874 1111 2047 1159 statim
2075 1109 2342 1159 invenietis

1351 1170 1551 1218 asinam
1568 1170 1825 1232 alligatam
1842 1177 1891 1222 et
1913 1173 2108 1232 pullum
2125 1184 2242 1220 cum
2265 1185 2339 1221 ea.

1349 1230 1563 1340 ¹S‚0¹Vit0‚
1603 1237 1652 1283 et
1686 1234 1918 1284 adducite
1959 1233 2108 1283 mibi.
2155 1233 2221 1283 Et
2260 1246 2339 1283 re-

1368 1305 1508 1354 iqua.

1412 1356 1606 1405 Finitis
1655 1356 1817 1406 verbis
1877 1358 2149 1420 euanqelii,
2199 1358 2339 1405 dicat

1353 1416 1505 1466 lector
1530 1419 1737 1467 titulum
1757 1421 1816 1469 de
1831 1421 2043 1468 homelia
2058 1418 2150 1466 sub
2170 1421 2338 1467 eodem

1353 1483 1471 1527 tono
1486 1493 1582 1541 quo
1598 1485 1648 1529 et
1661 1482 1803 1530 lectio
1818 1480 1984 1529 diceba
1991 1486 2074 1528 tur
2086 1499 2100 1527 .·
2116 1480 2192 1527 ita
2206 1482 2338 1542 quod

1351 1552 1459 1588 non
1486 1542 1682 1590 dicetur
1702 1544 1762 1592 de
1782 1545 1954 1590 eadem
1975 1542 2206 1599 lectione,
2225 1542 2334 1590 scil.

1349 1602 1407 1649 in
1419 1601 1536 1663 fine,
1554 1604 1641 1651 sed
1660 1605 1749 1652 hoc
1772 1606 1920 1652 modo
1938 1604 2031 1651 hac
2050 1604 2146 1652 die.

1412 1664 1647 1715 Homelia
1684 1667 1744 1715 de
1778 1665 1992 1715 diversis
2022 1666 2334 1714 tractatibus,

1411 1726 1578 1775 Lectio
1596 1727 1685 1790 vtjj.
1709 1729 1830 1777 Beth
1836 1729 1994 1788 phoge
2014 1729 2196 1777 domus
2216 1729 2344 1778 buc-.

1348 1799 1416 1838 cae
1431 1788 1538 1838 sive
1552 1791 1735 1839 domus
1749 1791 2073 1840 maxillarum
2091 1791 2336 1851 interpre-

1346 1854 1510 1913 tatur;
1535 1852 1625 1912 qui
1647 1855 1963 1903 sacerdotum
1992 1853 2189 1902 viculus
2210 1857 2333 1910 erat,

1347 1917 1398 1960 et
1432 1913 1760 1963 confessionis
1793 1918 2021 1975 portabat
2052 1921 2248 1975 typum.
2271 1915 2335 1963 Et

1347 1979 1454 2022 erat
1475 1976 1606 2023 situs
1633 1976 1686 2023 in
1710 1982 1879 2025 monte
1902 1976 2112 2034 Oliveti,
2136 1977 2224 2023 ubi
2256 1977 2336 2024 lu-

1348 2046 1469 2083 men
1490 2036 1728 2096 scientiae,
1754 2036 1842 2098 ubi
1872 2037 2100 2085 laborum
2130 2041 2178 2084 et
2198 2038 2336 2085 dolo-

1349 2108 1468 2144 rum
1504 2097 1703 2157 requies
1739 2103 1830 2146 est.
1862 2098 2006 2146 Tunc
2042 2098 2182 2145 misit
2209 2099 2336 2147 duos

1349 2158 1626 2218 discipulos
1646 2172 1783 2208 su05.
1807 2160 1918 2209 Non
1941 2159 2198 2208 immerito
2229 2172 2339 2219 pos-

1346 2224 1470 2268 sunt
1510 2221 1610 2270 duo
1656 2220 1895 2282 discipuli
1947 2224 2009 2271 ad
2058 2220 2334 2271 exbibenda

1345 2281 1461 2330 Dfio
1482 2283 1725 2332 animalia
1746 2283 2008 2346 destinati,
2032 2284 2133 2333 duo
2155 2284 2336 2343 praedi-

1345 2349 1575 2394 catorum
1591 2346 1794 2394 ordines
1815 2348 1983 2406 (unus,
2000 2345 2227 2395 videlicet
2240 2382 2254 2405 ,
2277 2346 2330 2394 in

1346 2412 1537 2468 gentes,
1574 2409 1698 2457 alter
1720 2407 1775 2456 in
1808 2407 2224 2458 circuncisionem
2255 2408 2333 2457 di-

1346 2470 1528 2530 rectus)
1553 2469 1783 2531 intelligi.
1809 2470 1910 2532 Qui
1932 2477 2064 2520 recte
2082 2473 2182 2519 duo
2204 2471 2333 2519 mit-

1344 2536 1542 2592 tuntur,
1566 2533 1671 2583 sive
1694 2539 1891 2594 propter
1912 2532 2179 2582 scientiam
2201 2532 2333 2581 veri-

1343 2593 1463 2642 tatis
1484 2600 1532 2643 et
1550 2595 1855 2656 operationis
1873 2595 2205 2651 munditiam
2227 2594 2333 2643 sive

1344 2661 1544 2714 propter
1567 2657 1781 2716 geminae
1801 2656 2084 2704 dilectionis
2107 2656 2230 2712 (Dei,
2255 2656 2332 2703 vi-

1342 2716 1543 2775 delicet,
1587 2724 1636 2766 ct
1682 2716 1916 2777 proximi)
1957 2721 2329 2765 sacramentum

1344 2783 1446 2826 toto
1498 2779 1618 2827 orbe
1664 2778 2059 2838 praedicandum.
2099 2779 2197 2841 [Tu
2239 2791 2331 2827 au-

1343 2843 1445 2888 tem
1481 2844 1571 2888 etc.
2189 2854 2202 2857 ’

1405 2912 1452 2963 132
1466 2902 1517 2950 7.
1536 2839 1726 2951 A]udite
1739 2902 1946 2950 verbum
1961 2901 2061 2951 1)ῆί
2075 2898 2263 2964 gentes,
2278 2908 2329 2952 et

1343 2963 1643 3013 annuntiate
1664 2964 1789 3013 illud
1812 2964 1864 3012 in
1886 2964 2075 3013 finibus
2095 2970 2256 3025 terraeg
2280 2969 2331 3015 et

1343 3024 1397 3072 in
1432 3024 1617 3075 insulis
1646 3040 1759 3087 quae
1791 3028 1960 3086 procul
2003 3034 2124 3076 sunt
2158 3028 2326 3087 dieite,

1341 3087 1568 3137 Salvator
1586 3093 1755 3137 noster
1770 3089 2017 3139 adveniet.
2031 3088 2091 3152 72⁷.
2109 3088 2193 3137 An
2202 3102 2329 3136 nun-

1341 3149 1460 3199 tiate
1480 3156 1527 3199 et
1542 3152 1774 3200 auditum
1799 3151 1961 3211 facite,
1988 3150 2259 3210 loquimini
2279 3156 2327 3198 et

1340 3212 1568 3262 clamate.
1591 3215 1819 3263 Salvator
1839 3212 2278 3273 noster-adveniet.

1403 3275 1571 3323 Lectio
1591 3276 1701 3337 viij.
1725 3276 1797 3323 Ite
1826 3275 1878 3322 in
1904 3274 2166 3322 castellum
2190 3273 2323 3334 quod

1339 3341 1512 3385 contra
1533 3349 1623 3385 vos
1642 3342 1734 3385 est.
1758 3337 1942 3385 Contra
1969 3336 2105 3384 enim
2129 3342 2326 3395 aposto-

1340 3399 1414 3447 los
1451 3403 1584 3457 erat,
1624 3411 1712 3447 nec
1744 3400 1930 3459 jugum
1973 3397 2321 3446 doctrinarum

1339 3461 1534 3508 volebat
1552 3460 1790 3521 accipere.
1814 3459 1960 3511 Missi
1984 3460 2066 3508 isti
2087 3459 2323 3518 discipuli

1336 3522 1562 3572 doctores
1576 3522 1885 3583 significant,
1902 3534 2029 3583 quos
2049 3527 2106 3569 ut
2122 3522 2341 3571 indocta
