2910 4457
806 355 1149 393 FEBIALIBUS.
1172 367 1244 378 -·
1266 354 1340 391 DE
1366 353 1646 391 VESPERIS.
2117 355 2225 389 XXV

185 503 393 548 noster.
436 491 515 545 Et
532 507 708 544 ne—a
722 489 925 553 malo.'',
943 489 1145 542 omissis
1163 489 1406 541 omnibus
1419 487 1652 556 reliquiS‚
1669 484 1975 539 immediate
1994 500 2223 554 sequun-

186 592 284 635 tur
308 585 341 611 “
361 581 492 632 Dne
521 578 756 630 Deus—.
784 576 1087 646 Exurge-—.
1117 575 1238 628 Dne
1263 572 1753 628 exaudi—veniat.”

271 668 336 720 P.
363 672 439 720 40
460 668 516 718 b.
544 665 656 727 Qui
680 672 859 717 tecum
885 663 995 730 §rc-J
1022 663 1086 714 V.
1113 680 1164 732 p.
1189 666 1258 714 23
1281 663 1333 714 b.

271 757 335 808 P.
362 761 432 808 41
463 772 512 806 a.
540 753 745 805 Filium
769 749 961 816 tuum]
990 750 1140 803 Adde
1168 746 1405 820 [Amen]
1433 751 1660 802 tantum.
1686 747 1752 800 V.
1781 748 1868 801 Pr.
1894 753 1928 801 3
1953 767 1999 802 a.

272 844 337 895 P.
365 846 434 894 41
464 841 517 892 b.
536 838 736 891 Adesto
761 835 935 903 nobis]
965 837 1034 890 In
1057 837 1223 899 libris,
1246 844 1436 904 praeter
1453 852 1628 887 unum
1651 835 1849 904 Gough
1872 839 1958 899 68,
1977 836 2218 888 omnibus

191 948 335 1000 quos
370 928 721 996 inspeximuS‚
746 926 874 977 vitio
898 923 1142 987 absurd0,
1166 923 1280 974 haec
1305 921 1489 975 Oratio
1521 921 1825 974 immediate
1858 930 1981 973 ante
2015 922 2218 974 Oratio-

190 1032 334 1069 nem
361 1013 701 1066 Famulorum
727 1022 933 1064 tuorum
956 1019 1021 1064 ut
1044 1012 1214 1081 prima
1232 1008 1550 1081 orationum
1570 1010 1635 1063 de
1655 1009 1708 1062 S.
1729 1009 1912 1061 Maria
1935 1010 2108 1079 posita
2123 1018 2217 1064 est.

275 1103 396 1163 Qui
418 1103 543 1154 vivis
576 1109 628 1153 et
663 1118 852 1170 regnas
888 1117 1011 1153 cum
1039 1097 1196 1167 Deo.]
1233 1099 1283 1151 I.
1308 1118 1348 1151 e.
1376 1099 1689 1152 cum—Deo
1719 1098 1903 1169 [Patre
1927 1100 1983 1150 in
2008 1100 2214 1151 unitate

203 1180 450 1259 Spiritus
474 1187 653 1240 Sancti
679 1187 844 1251 Deus,
867 1204 961 1257 per
985 1187 1163 1239 omnia
1187 1187 1376 1239 saecula
1400 1187 1727 1239 saeculorum.
1799 1182 2017 1250 Amen}

277 1274 388 1328 Per
419 1273 643 1327 eundem
670 1270 1007 1338 Dominum]
1035 1273 1085 1324 I.
1112 1291 1151 1324 e.
1180 1272 1281 1325 Per
1312 1273 1541 1325 eundem
1569 1269 1890 1343 [Christum]
1921 1272 2212 1325 Dominum

205 1366 492 1433 [nostrum.
518 1358 736 1426 Amen].
774 1390 845 1398 —
879 1359 1257 1412 conclusiones
1289 1376 1408 1427 quoe
1441 1367 1753 1427 sequuntur,
1788 1359 1894 1411 Per
1932 1357 2213 1410 Christum.

202 1450 310 1502 Per
352 1447 658 1500 Dominum.
700 1455 756 1500 et
794 1448 915 1499 Per.
952 1463 1133 1499 omues
1166 1462 1335 1499 unum
1370 1453 1424 1498 et
1458 1445 1601 1497 idem
1636 1445 1827 1508 valent,
1864 1460 2072 1520 nempe,
2109 1444 2215 1496 Per

202 1538 484 1592 Christum
505 1537 799 1588 Dominum
821 1546 1068 1589 nostrum.
1106 1535 1289 1587 Amen.
1327 1533 1393 1591 V.
1422 1534 1510 1586 Pr.
1536 1537 1570 1585 3
1595 1550 1643 1586 a.

268 1625 338 1677 P.
363 1629 434 1677 42
460 1641 506 1676 a.
533 1624 702 1675 libera
724 1640 821 1676 nos
846 1623 1035 1691 Deus.]
1064 1622 1233 1686 Adde,
1263 1621 1353 1689 [Ἡ.
1381 1619 1570 1674 Omnis
1594 1620 1772 1691 terra]

271 1729 457 1782 regem
482 1710 662 1778 orbis]
692 1710 890 1774 Scribe,
916 1711 1120 1779 Regem
1145 1711 1299 1763 orbis.

275 1799 342 1851 P.
369 1802 439 1850 42
463 1799 513 1850 b.
542 1798 627 1851 De
652 1798 809 1850 modo
834 1798 1053 1850 finiendi
1077 1797 1287 1850 Laudes
1312 1814 1357 1850 v,
1382 1796 1454 1850 ad
1477 1814 1528 1867 p.
1559 1801 1622 1849 15
1645 1797 1697 1849 b.

272 1886 337 1938 Ρ.
366 1890 435 1938 54
460 1886 510 1937 b.
539 1886 771 1954 vespere]
800 1885 865 1936 V.
893 1885 960 1938 ad
984 1904 1035 1956 p.
1066 1891 1130 1939 14
1157 1903 1204 1940 a.

270 1972 337 2026 P.
355 1977 426 2024 57
451 1989 498 2024 a.
529 1972 715 2024 Preces
738 1981 798 2029 ut
824 1970 1023 2043 supra]
1054 1972 1100 2025 I.
1121 1991 1164 2025 e.
1192 1970 1377 2025 Preces
1394 1972 1538 2040 [eta]
1560 1981 1621 2024 ut
1642 1990 1798 2042 supra
1817 1970 1889 2041 (p.
1909 1975 1978 2024 39
1991 1980 2039 2022 et
2056 1972 2208 2040 seqq.)

273 2057 336 2109 P.
365 2062 435 2110 59
460 2075 509 2110 a.
538 2057 625 2110 Ps.
651 2063 735 2109 71.
764 2057 868 2111 Pro
879 2057 1008 2128 filio
1032 2058 1192 2127 Reqis
1217 2061 1382 2111 scribe
1406 2058 1556 2110 Filio
1579 2057 1754 2125 Reqis.

278 2143 343 2196 P.
371 2147 442 2195 60
466 2161 502 2195 a
522 2145 573 2196 b.
601 2143 872 2198 desolatio·
895 2161 1019 2197 nem
1034 2143 1080 2211 ἲ]
1109 2145 1256 2197 Corr.
1281 2143 1561 2196 desolatio·
1583 2142 1739 2195 nem!

276 2230 341 2283 P.
380 2234 449 2282 67
476 2248 523 2282 a.
556 2230 637 2282 Ad
667 2231 827 2284 finem
863 2230 1113 2284 Laudum
1146 2230 1300 2296 adde,
1327 2232 1537 2301 [Preces
1569 2240 1660 2283 etc.
1685 2240 1746 2283 ut
1778 2248 1935 2300 supra
1970 2228 2040 2304 (p.
2067 2232 2136 2282 39
2161 2240 2209 2286 et

191 2318 363 2387 seqq.)
407 2315 586 2368 Oratio
608 2326 665 2369 ut
688 2318 871 2387 decet]

273 2404 336 2456 Ρ.
368 2406 437 2456 76
461 2403 510 2454 b.
537 2403 638 2457 Pro
667 2404 857 2458 Gioria
882 2406 1050 2459 scribe
1080 2404 1283 2458 Gloria.

998 2535 1097 2599 De
1137 2538 1435 2618 Vespen'e.

269 2662 332 2713 P.
374 2665 443 2715 86
479 2678 524 2714 a.
550 2662 640 2714 Ad
672 2662 910 2734 Vesperas
946 2672 1069 2717 ante
1095 2664 1333 2717 Psalmos
1366 2664 1651 2717 dicendum
1684 2673 1764 2717 est
1787 2666 1933 2717 Deus
1965 2668 2024 2717 in
2055 2667 2205 2735 adju-

193 2752 390 2804 torium
410 2750 510 2803 &c.
527 2760 590 2804 ut
607 2751 677 2803 ad
701 2751 912 2805 Laudes
935 2751 1004 2822 (p.
1034 2757 1100 2806 12
1124 2754 1195 2822 a),
1220 2753 1412 2821 quibus
1431 2760 1542 2805 tam
1559 2752 1616 2803 in
1632 2769 1805 2804 rerum
1832 2753 2024 2805 natura
2043 2753 2206 2822 quam

191 2840 248 2890 in
287 2836 475 2891 ordine
509 2836 686 2889 Officii
718 2838 964 2908 Vesperae
1000 2841 1214 2896 omnino
1247 2838 1579 2916 respondent.
1653 2837 1842 2892 Preces
1874 2847 2052 2893 tamen
2084 2860 2204 2911 quae

189 2926 246 2976 in
273 2922 470 2976 Officio
498 2922 694 2976 Sarisb.
729 2927 868 2994 “pro
892 2925 1335 2996 pace*Ecclesiae''
1367 2926 1436 2979 ad
1471 2926 1631 2979 finem
1656 2924 1904 2980 Laudum
1938 2927 2217 2994 dicuntur:

187 3031 294 3067 non
320 3013 574 3082 Vesperis
599 3013 691 3066 sed
716 3015 1071 3085 Completorio
1097 3017 1378 3070 adduntur.

257 3101 322 3153 P.
352 3104 423 3153 88
442 3101 493 3152 b.
517 3099 651 3153 Post
662 3100 886 3155 Versum
910 3106 1125 3177 incepta
1147 3104 1457 3174 Antiphona
1471 3105 1537 3172 (ν.
1558 3123 1644 3175 pp.
1671 3106 1745 3158 xi.
1773 3113 1827 3159 et
1848 3106 1996 3174 122),
2013 3107 2205 3165 dicitur

193 3187 485 3240 Canticum
522 3186 884 3258 Maymflcat:
924 3207 972 3258 q.
1010 3208 1059 3242 v.
1096 3208 1147 3267 p.
1184 3195 1253 3244 99
1289 3191 1346 3243 b:
1391 3191 1581 3244 deinde
1615 3191 1744 3245 Ant.
1769 3192 1899 3268 ipsa,
1930 3203 1984 3245 et
2018 3202 2208 3250 caetera

193 3276 368 3328 omnia
391 3283 458 3328 ut
482 3275 542 3326 in
567 3274 674 3327 fine
709 3275 971 3341 Laudum,
997 3279 1228 3347 exceptis
1259 3275 1474 3332 tantum
1505 3280 1746 3349 precibus
1778 3283 1915 3350 “pro
1947 3298 2076 3349 pace
2101 3280 2204 3333 Ec-

188 3359 399 3426 clesiae”,
428 3361 495 3415 de
523 3362 716 3430 quibus
739 3380 787 3420 v.
813 3371 993 3424 notam
1017 3365 1413 3433 praecedentem.

255 3447 315 3500 P.
344 3452 418 3501 92
440 3450 495 3501 b.
535 3456 589 3501 et
625 3465 733 3502 non
770 3448 1106 3508 frustrabitur
1137 3452 1280 3521 eam]
1316 3452 1420 3509 Pro
1453 3472 1581 3518 eam,
1614 3469 1735 3523 quae
1770 3454 1925 3506 lectio
1961 3453 2205 3510 Romana

1178 3555 1215 3596 D

1733 2511 1768 2546 's‘
