2910 4457
662 353 737 412 10
1437 373 1732 416 nommcls
1771 372 1971 413 uranus

655 490 704 535 et
723 487 1007 536 adorabunt
1022 499 1139 535 eum
1161 499 1338 536 omnes
1358 498 1501 548 reges
1515 500 1649 538 :om-

657 559 746 596 [ιω
762 555 934 610 gentes
954 550 1172 597 servient
1188 549 1252 597 ei.

718 607 781 671 ψ.
834 611 1134 671 Egredietur
1182 611 1325 670 virga
1371 611 1434 659 de
1483 611 1651 659 radice

655 670 813 782 Jessde.
843 683 908 734 13²·
941 672 1006 720 Et
1038 673 1128 720 flos
1155 673 1216 721 de
1239 673 1404 721 radiee
1436 672 1549 732 ejus
1569 684 1651 721 as·-

657 746 746 783 een
786 740 852 783 et.

721 795 851 844 Post
883 796 992 843 Oct.
1021 795 1211 856 Epiph.
1235 808 1388 857 usque
1407 796 1477 843 ad
1496 794 1648 842 Pasa.

658 857 768 905 Dm·
818 859 882 905 A.
939 858 1198 905 Dominus
1266 858 1652 906 firmamentum

659 931 832 969 meum
849 956 861 974 ,
893 923 943 967 et
965 919 1220 979 refugium
1244 932 1438 968 meum.

718 979 782 1042 72⁷.
805 981 974 1030 Media
998 988 1138 1029 nocte
1165 982 1434 1041 surgebam
1452 980 1514 1028 ad
1534 991 1653 1027 con-

658 1043 904 1092 fitendum
938 1044 1049 1091 tibi.
1073 1054 1137 1105 13²·
1156 1044 1316 1103 Super
1337 1043 1530 1104 judicia
1547 1041 1653 1101 jus-

659 1105 954 1155 tificationis
969 1110 1086 1153 tuae.

722 1167 826 1214 Per
846 1167 986 1214 AEst.
1015 1168 1077 1214 Α,
1109 1166 1187 1214 Tu
1213 1166 1458 1225 populum
1481 1164 1655 1212 humi-

659 1228 759 1278 lem
781 1227 986 1276 salvasti
1001 1239 1029 1274 a
1043 1233 1221 1285 morte,
1240 1229 1560 1286 Redemptor,
1579 1231 1656 1273 at—

697 1301 759 1337 ue
779 1290 993 1348 superba
1018 1294 1104 1337 tuo
1124 1291 1246 1338 eolla
1265 1290 1453 1349 premis
1466 1288 1653 1350 jaculo.
1709 1326 1722 1334 ,

710 1385 722 1399 .
741 1351 913 1409 Media
937 1356 1080 1399 nocte
1103 1350 1180 1412 [ut
1199 1350 1403 1412 supra].

772 1446 888 1536 [In
940 1451 1113 1513 tertio
1154 1447 1538 1535 Nocturna]

930 1535 1174 1583 Psalmus
1204 1536 1374 1597 miii.

665 1597 829 1708 coeli
874 1603 1117 1646 enarrant
1163 1599 1377 1659 gloriam
1424 1597 1519 1646 Dei
1554 1612 1567 1647 ε
1607 1600 1656 1645 et

745 1671 891 1719 opera
903 1672 1153 1708 manuum
1167 1661 1277 1720 ejus
1294 1659 1567 1708 annuntiat
1579 1658 1657 1706 fir-

561 1758 567 1762 .
661 1726 1004 1769 mamentum.

721 1782 841 1830 Dies
866 1782 969 1830 diei
990 1786 1183 1830 eructat
1204 1782 1415 1831 verbum
1445 1797 1459 1831 τ
1488 1786 1536 1830 et
1561 1792 1658 1829 nox

660 1843 796 1891 nocti
814 1843 1005 1891 indicat
1025 1843 1311 1891 scientiam.

714 1904 827 1953 Non
837 1910 959 1952 sunt
970 1905 1194 1964 loquelae,
1213 1917 1372 1964 neque
1380 1915 1656 1952 sermones:

659 1977 881 2026 quorum
901 1977 999 2014 non
1015 1967 1289 2015 audiantur
1304 1979 1446 2015 voces
1460 1978 1655 2015 eorum.

721 2028 783 2076 In
831 2040 1036 2077 omnem
1074 2033 1262 2077 terram
1305 2028 1458 2077 exivit
1502 2040 1658 2076 sonus

660 2101 837 2138 eorum
865 2094 944 2140 :et
967 2090 1020 2139 in
1046 2091 1173 2140 fines
1191 2091 1329 2139 orbis
1344 2096 1490 2139 terroe
1508 2091 1659 2140 verba

660 2162 862 2201 eorum.

720 2215 783 2264 In
793 2215 894 2263 sole
904 2214 1465 2274 posuittahernaculum
1475 2226 1656 2264 suum:

658 2280 707 2325 et
740 2278 847 2335 ipse
869 2282 1114 2338 tanquam
1148 2290 1367 2339 sponsus
1387 2279 1659 2337 procedens

658 2338 720 2387 de
742 2339 962 2387 thalamo
983 2351 1094 2387 suo.

720 2400 979 2448 Exultavit
999 2405 1056 2447 ut
1079 2402 1223 2460 gigas
1254 2401 1317 2448 ad
1353 2401 1657 2449 currendam

661 2462 798 2509 viam
829 2473 883 2510 :a
899 2473 1102 2509 summo
1125 2462 1247 2509 coelo
1268 2462 1486 2520 egressio
1513 2461 1624 2520 eius
1650 2477 1663 2510 z

719 2523 787 2571 Et
817 2533 1058 2570 occursus
1089 2522 1202 2581 eius
1232 2534 1395 2581 usque
1419 2523 1484 2570 ad
1515 2535 1659 2570 sum-

660 2596 806 2634 mum
824 2583 867 2642 ej
875 2595 936 2631 us
955 2598 967 2633 ε
986 2595 1077 2632 nec
1092 2589 1167 2632 ost
1191 2583 1283 2645 qui
1308 2596 1363 2632 se
1382 2584 1659 2632 abscondat

659 2660 689 2695 a
714 2646 875 2694 calore
891 2645 1020 2703 ejus,

723 2709 822 2757 Lex
845 2707 948 2756 Diri
978 2707 1334 2767 immaculata,
1361 2712 1659 2756 convertens

658 2769 860 2818 animas
899 2785 913 2819 ε
945 2769 1293 2818 testimonium
1345 2770 1447 2818 Dfii
1488 2770 1656 2829 fidele,

658 2831 960 2890 sapientiam
979 2837 1225 2890 praestans
1242 2833 1485 2891 parvulis.

721 2892 940 2941 Justitiae
982 2893 1084 2940 Diri
1133 2899 1302 2949 rectae,
1350 2894 1660 2942 laetificantes

660 2954 809 3003 corda
830 2968 842 3002 ε
861 2960 1166 3012 praeceptum
1191 2956 1294 3002 Diri
1322 2954 1576 3014 lucidum,
1597 2956 1662 3003 il-

663 3014 926 3064 luminans
946 3015 1134 3063 oculos·

723 3076 898 3123 Timor
926 3075 1027 3122 Diii
1049 3080 1273 3130 sanctus:
1311 3082 1571 3134 permanet
1604 3078 1657 3125 in

661 3137 904 3186 saeculum
936 3137 1107 3184 saeculi
1132 3137 1351 3195 :judicia
1379 3138 1483 3186 Diri
1512 3151 1655 3198 vera,

658 3199 933 3258 justificata
952 3198 1003 3245 in
1027 3199 1311 3257 semetipsa.

723 3260 1088 3310 Desiderabilia
1126 3273 1277 3320 super
1307 3273 1495 3310 aurum
1517 3266 1566 3310 et
1587 3262 1659 3309 la-

661 3322 830 3382 pidem
862 3323 1139 3382 pretiosum
1179 3323 1399 3370 multum
1436 3338 1450 3373 ι
1476 3329 1524 3372 ct
1545 3324 1660 3372 dul-

661 3385 794 3433 ciora
812 3396 962 3443 super
986 3385 1083 3432 mel
1104 3390 1154 3433 et
1170 3384 1361 3433 favum.

725 3446 929 3495 Etenim
956 3459 1133 3494 servus
1161 3451 1280 3493 tuus
1305 3447 1524 3496 custodit
1561 3459 1615 3495 ea
1642 3462 1655 3495 z

663 3508 716 3556 in
727 3508 1069 3559 custodiendis
1080 3508 1184 3557 illis
1198 3508 1464 3557 retributio
1477 3511 1656 3558 multa.

1810 485 1999 534 Delicta
2015 485 2134 545 quis
2150 484 2420 545 intelligit?
2441 485 2506 534 ab
2526 486 2743 535 occultis

1748 548 1877 595 meis
1898 548 2092 596 munda
2110 559 2193 595 me
2212 551 2291 596 :et
2310 547 2374 595 ab
2389 548 2570 596 alienis
2593 560 2743 608 parce

1745 620 1891 658 servo
1907 614 2013 657 tuo.

1811 671 1865 720 Si
1879 672 1978 719 mei
1997 683 2098 718 non
2123 669 2311 718 fuerint
2323 670 2573 719 dominati
2585 707 2600 730 ,
2615 675 2745 719 tunc

1749 732 2110 780 immaculatus
2131 745 2216 780 ero
2244 748 2258 781 ε
2289 737 2337 781 et
2370 733 2686 781 emundabor
2711 746 2743 781 a

1747 794 1928 843 delicto
1945 794 2186 842 maximo.

1809 855 1876 904 Et
1907 861 2059 905 erunt
2093 861 2152 904 ut
2176 855 2517 914 complaceant
2539 856 2744 915 eloquia

1748 918 1853 966 oris
1873 917 1999 966 mei:
2014 922 2066 966 et
2087 918 2346 966 meditatio
2371 917 2536 965 cordis
2559 918 2661 966 mei
2684 918 2744 965 in

1749 984 2018 1038 conspectu
2041 984 2127 1027 tuo
2148 991 2363 1038 semper.

1811 1040 2028 1089 Domine
2042 1042 2243 1101 adjutor
2266 1052 2448 1089 meus:
2471 1044 2521 1088 et
2549 1040 2745 1089 redem-

1750 1105 1827 1150 tor
1847 1115 2011 1150 meus,

1749 1225 1784 1274 S
1814 1163 1986 1212 Gloria
2015 1163 2173 1223 Patri,
2204 1167 2253 1213 et
2269 1162 2399 1211 Filio
2419 1178 2432 1212 ε
2456 1168 2505 1212 et
2526 1162 2746 1222 Spiritui

1785 1231 1951 1273 aneto.

1812 1286 1953 1335 Sicut
1985 1291 2091 1335 erat
2125 1285 2180 1334 in
2205 1285 2475 1346 principio,
2499 1291 2547 1334 et
2581 1297 2744 1346 nunc,

1749 1352 1802 1458 t}
1818 1361 2013 1408 semper
2036 1364 2050 1397 z
2072 1353 2120 1398 et
2142 1348 2196 1396 in
2213 1348 2397 1398 saecula
2420 1348 2744 1397 saeculorum.

1804 1422 1943 1459 men.

1813 1471 2098 1519 Dominicis
2115 1469 2286 1520 diebus
2308 1485 2401 1533 per
2426 1471 2557 1520 Adv.
2582 1482 2749 1532 usque

1751 1535 1821 1582 ad
1847 1534 1968 1583 Nat.
2012 1533 2152 1595 Dm,
2173 1535 2238 1581 In
2268 1534 2332 1595 iij
2363 1535 2507 1583 Noct.
2543 1534 2606 1579 Α.
2633 1533 2749 1583 Nox

1752 1596 2021 1654 praecessit,
2041 1596 2148 1644 dies
2175 1601 2346 1644 autem
2363 1595 2748 1654 appropinqua-

1754 1657 1827 1705 vit
1851 1657 2187 1716 :abjiciamus
2207 1669 2325 1718 ergo
2347 1669 2494 1716 opera
2512 1657 2749 1705 tenebra-

1753 1731 1870 1766 rum
1887 1755 1900 1777 ,
1926 1724 1974 1767 et
1997 1719 2276 1767 induamur
2299 1731 2443 1767 arma
2467 1718 2613 1765 lucis,

1814 1780 1966 1828 Dom.
1980 1779 2152 1828 diebus
2170 1780 2232 1828 ab
2250 1780 2360 1829 Oct.
2381 1781 2568 1840 Epiph.
2586 1792 2750 1840 usque

1753 1842 1823 1889 ad
1840 1841 1993 1890 Pasa.
2012 1841 2120 1888 Dm'
2132 1882 2148 1903 ,
2168 1844 2371 1903 quando
2388 1844 2447 1889 de
2465 1842 2618 1889 Dom.
2642 1844 2750 1902 aqi·

1756 1908 1858 1959 tur,
1888 1904 1952 1949 In
1972 1903 2034 1964 iij
2057 1904 2199 1953 Noct.
2220 1907 2283 1952 A.
2307 1906 2621 1962 Praeceptum
2642 1904 2748 1952 Dixi

1757 1965 1988 2013 lucidum
2007 2002 2020 2022 ‚
2043 1966 2345 2014 illuminans
2360 1966 2551 2013 oculoS.

1819 2025 1969 2074 Dom.
1990 2026 2160 2075 diebus
2179 2040 2271 2087 per
2293 2029 2435 2076 AEst.
2458 2027 2666 2088 quando
2684 2028 2749 2075 de

1753 2086 1906 2135 Dom.
1937 2089 2126 2149 cry-itur,
2150 2101 2304 2150 usque
2334 2091 2403 2137 ad
2429 2090 2559 2137 Adv.
2591 2088 2658 2135 In
2683 2089 2751 2149 iij

1755 2148 1899 2198 Noct.
1921 2152 1984 2197 A.
2012 2150 2237 2209 Sponsus
2258 2157 2317 2198 ut
2341 2164 2368 2200 e
2387 2152 2612 2199 thalamo
2629 2163 2749 2209 pro-

1754 2211 1904 2259 cessit
1914 2210 2146 2261 Christus
2155 2213 2208 2260 in
2220 2214 2392 2263 orbem
2405 2250 2418 2272 ,
2436 2213 2749 2263 descendens

1754 2274 1877 2322 coelo
1899 2274 2014 2335 jure
2036 2275 2312 2324 salutifero.

2060 2337 2303 2386 Psalmus
2322 2338 2440 2385 oeioe.

1841 2398 2043 2446 xaudiat
2066 2404 2114 2446 te
2140 2399 2249 2447 Dfis
2274 2400 2326 2447 in
2350 2401 2431 2448 die
2457 2398 2746 2448 tribulatio-

1813 2473 1816 2476 ·
1843 2459 1924 2506 nis
1939 2475 1952 2508 :
1971 2465 2194 2520 protegat
2207 2467 2254 2510 te
2267 2475 2450 2510 nomen
2464 2461 2556 2509 Dei
2569 2461 2744 2511 Jacob.

1818 2520 1990 2570 Mittat
2012 2522 2104 2570 tihi
2126 2524 2376 2572 auxilium
2396 2525 2458 2572 de
2479 2527 2654 2571 sancto
2670 2529 2747 2572 :et

1755 2581 1817 2629 de
1838 2581 1959 2629 Sion
1983 2587 2182 2632 tueatur
2207 2591 2271 2633 tc.

1816 2643 2014 2693 Memor
2035 2646 2102 2692 sit
2123 2647 2293 2694 omnis
2308 2645 2543 2695 sacrificii
2566 2648 2643 2695 tui
2664 2661 2676 2694 ε
2696 2654 2747 2695 et

1760 2704 2110 2755 holocaustum
2135 2713 2281 2756 tuum
2301 2708 2490 2769 pingue
2511 2709 2618 2756 liat.

1818 2766 2032 2817 Trihuat
2048 2770 2139 2817 tibi
2162 2771 2442 2818 secundum
2460 2783 2544 2818 cor
2562 2775 2712 2819 tuum
2731 2786 2746 2820 ι

1755 2832 1804 2876 et
1820 2840 1971 2878 omne
1992 2832 2262 2880 consilium
2285 2836 2434 2879 tuum
2460 2832 2743 2880 confirmet.

1820 2891 2130 2940 Laetahimur
2154 2893 2207 2940 in
2236 2893 2449 2941 salutari
2477 2898 2595 2943 tuo:
2614 2898 2663 2942 et
2687 2895 2745 2942 in
2817 2943 2824 2948 ,

1757 2953 1963 3002 nomine
1979 2954 2070 3002 Dei
2093 2955 2254 3003 nostri
2275 2955 2744 3015 magnificabimur.

1817 3013 2030 3073 Impleat
2076 3016 2184 3063 Diis
2244 3029 2422 3065 omnes
2480 3017 2746 3077 petitiones

1756 3078 1872 3124 tuas
1900 3091 1913 3126 :
1946 3089 2084 3125 nunc
2118 3079 2332 3138 cognovi
2375 3079 2619 3138 quoniam
2649 3079 2748 3127 sal-

1756 3148 1878 3185 vum
1894 3138 2006 3186 fecit
2018 3140 2129 3187 Diis
2146 3139 2407 3188 Christum
2420 3153 2593 3188 suum.

1816 3199 2059 3248 Exaudiet
2078 3201 2297 3250 illumde
2308 3202 2742 3250 coelosanctosuo:

1756 3263 1808 3311 in
1833 3263 2175 3321 potentatibus
2207 3264 2347 3312 salus
2377 3263 2589 3312 dexterae
2611 3264 2745 3322 ejuS.

1822 3324 1893 3372 Hi
1926 3324 1980 3371 in
2016 3326 2281 3380 curribus,
2319 3330 2366 3373 et
2396 3325 2449 3373 hi
2482 3326 2536 3372 in
2558 3325 2742 3384 equis:

1758 3390 2039 3442 nosautem
2060 3387 2113 3433 in
2133 3387 2339 3435 nomine
2350 3387 2449 3434 Dfii
2474 3387 2565 3435 Dei
2583 3388 2749 3435 nostri

1756 3447 2126 3495 invocabimuS.

1819 3508 1925 3568 Ipsi
1948 3508 2157 3568 obligati
2183 3513 2329 3568 sunt,
2356 3513 2407 3558 et.
2425 3510 2719 3558 ceciderunt

2865 1384 2881 1423 -ι,
2863 1316 2878 1349 m
2849 878 2878 1287 .·2·V.·!'=1:H-
2848 566 2871 854 ,ΩΒ-’.ΞΕ
2848 504 2864 540 9

2873 1505 2882 1573 «Αμ-
