2910 4457
605 326 681 368 XX
1270 328 1344 365 ΒΕ
1372 328 1586 365 ornem
1613 325 1935 364 CAPITULARI

676 466 736 511 ut
760 474 856 510 nos
879 455 1198 524 mereamur]
1230 455 1385 508 Brev.
1415 455 1597 508 Heres.
1624 455 1821 507 omittit
1843 473 1953 507 nos.

674 545 874 596 Eodem
897 545 1068 610 modo]
1105 545 1305 597 Contra
1326 546 1383 596 in
1409 543 1515 596 off.
1543 543 1724 595 Heres.
1762 541 1918 595 tertia
1950 542 2063 593 vice
2098 539 2289 593 dicitur
2320 540 2616 594 “Clemen-

604 631 804 683 tissime
832 630 990 683 Pater
1014 630 1161 684 Deus
1185 632 1243 683 in
1267 630 1587 699 adjutorium
1615 626 1746 680 &c.’'

672 717 765 768 lin.
792 718 1114 786 antepenult.
1138 736 1244 769 non
1275 715 1499 785 reqitur]
1531 714 1779 768 Erratum
1803 731 1988 784 grave:
2031 729 2160 766 corr.
2184 714 2396 782 reqitur.

676 801 736 853 P.
785 805 852 854 24
900 803 953 854 b.
1004 802 1073 854 In
1111 806 1143 832 “
1161 801 1243 871 [et
1283 799 1803 871 regnat—Amen.]’'
1852 800 2034 852 omitte
2080 800 2334 852 uncinos:
2385 816 2512 854 nam
2551 800 2612 852 in

605 885 802 957 Gough
827 891 895 943 68
921 889 1100 941 omnia
1120 889 1274 959 plene
1301 888 1561 958 descripta
1585 896 1723 941 sunt.
1750 887 1815 938 V.
1842 885 1911 939 ad
1934 904 1989 956 p.
2020 890 2118 949 103
2141 887 2192 938 b.
2219 892 2273 938 et
2298 890 2398 940 108
2423 903 2471 941 a.

677 975 805 1027 Post
854 974 1159 1028 Orationem
1204 974 1332 1028 vero
1381 975 1748 1044 capitularem
1794 974 2099 1037 secundam,
2149 972 2296 1042 (quae
2344 974 2403 1025 in
2450 973 2608 1028 BreV.

605 1059 764 1113 Ebor.
792 1068 846 1113 et
870 1060 1056 1114 Heres.
1084 1078 1285 1131 semper
1303 1068 1382 1113 est
1403 1061 1738 1132 Omnipotens
1759 1065 1865 1128 850„
1882 1061 1939 1112 in
1965 1059 2119 1113 Rom.
2146 1076 2347 1128 semper
2363 1059 2611 1128 Diriqere

601 1151 689 1214 Asc.
715 1146 988 1216 aliquanto
1012 1148 1229 1217 quidem
1262 1148 1482 1218 plenior,
1508 1148 1599 1201 sed
1634 1149 1746 1201 sine
1771 1145 1905 1200 D'ns
1937 1145 2048 1199 vob.
2084 1151 2171 1215 sse.
2207 1154 2261 1200 et
2289 1146 2482 1199 Bened.
2515 1151 2608 1216 85c.

601 1234 982 1303 sequentibus)
1002 1235 1236 1304 sequitur
1257 1234 1315 1287 in
1341 1233 1526 1287 Heres.
1551 1242 1613 1288 ut
1635 1235 1689 1286 in
1711 1233 1864 1286 Brev.
1885 1233 2127 1286 Romano
2148 1232 2303 1286 lectio
2321 1250 2445 1285 cum
2467 1233 2609 1287 Jube

603 1323 690 1382 ἀρ.
716 1326 770 1372 et
790 1319 1178 1373 benedictione:
1213 1339 1261 1373 V.
1289 1321 1376 1373 Pr.
1401 1325 1434 1373 5
1460 1339 1507 1374 a.
1560 1321 1659 1373 Est
1682 1327 1862 1373 autem
1882 1315 2180 1372 benedictio
2205 1318 2611 1374 Herefordensis

599 1411 632 1437 ‘⁴
647 1406 971 1477 Sapientiam
996 1424 1146 1460 suam
1172 1407 1356 1460 doceat
1377 1423 1474 1461 nos
1509 1408 1839 1475 omnipotens
1863 1412 1918 1458 et
1947 1405 2238 1457 misericors
2271 1405 2460 1458 D'ns'':
2500 1405 2607 1460 Ro-

599 1509 762 1545 mana
785 1493 907 1546 vero
931 1499 964 1524 “
980 1494 1107 1547 Dies
1132 1501 1186 1546 et
1209 1502 1356 1547 actus
1389 1502 1591 1547 nostros
1615 1494 1671 1545 in
1706 1490 1804 1545 sua
1838 1508 1968 1562 pace
1991 1490 2235 1561 disponat
2267 1491 2401 1545 D’ns
2431 1496 2605 1547 omni-

598 1584 797 1646 potens.
815 1578 841 1598 ''
914 1579 1137 1648 Legitur
1159 1586 1337 1631 autem
1370 1580 1429 1630 in
1455 1577 1561 1630 off.
1595 1579 1747 1631 Rom.
1780 1579 1835 1630 in
1871 1577 2016 1630 festis
2042 1576 2254 1646 quidem
2291 1577 2605 1647 Capitulum

599 1662 793 1727 Nonae,
810 1664 942 1716 alias
965 1664 1087 1717 vero
1112 1664 1361 1716 lectiones
1384 1663 1634 1733 quaedam
1660 1666 1805 1733 aeque
1830 1663 2011 1715 breves
2034 1679 2153 1731 quae
2177 1664 2234 1715 in
2259 1663 2414 1716 Brev.
2440 1665 2605 1736 assig-

598 1757 823 1803 nantur:
867 1752 923 1802 in
952 1750 1326 1804 Heresordensi
1351 1755 1384 1781 “
1405 1751 1554 1804 lectio
1579 1752 1641 1804 de
1664 1769 1761 1804 om.
1791 1752 1858 1817 (i.
1884 1768 1927 1803 e.
1954 1748 2195 1814 homelia,
2221 1750 2416 1804 rectius
2438 1752 2604 1804 homi-

592 1834 709 1905 lia)
744 1836 1030 1906 Euanqelii
1064 1837 1467 1890 Dominicalis”.
1523 1837 1653 1891 Post
1679 1838 1958 1890 lectionem
1993 1835 2115 1888 vero
2155 1836 2368 1905 (saltem
2401 1837 2458 1889 in
2493 1837 2601 1891 Off.

598 1921 780 1990 Rom.)
809 1923 1003 1976 dicitur
1030 1927 1062 1954 ‘⁴
1083 1923 1169 1976 Tu
1201 1931 1379 1976 autem
1408 1923 1536 1978 &c.”
1564 1924 1640 1995 (v.
1666 1923 1816 1993 ibid.)
1842 1941 1964 1976 cum
1989 1924 2109 1978 ⁶⁶33.
2137 1922 2251 1975 Deo
2287 1924 2602 1992 gratias.'’—-

598 2008 682 2061 De
705 2008 928 2062 lectione
952 2009 1180 2063 secunda
1206 2009 1582 2063 Sarisburiensi
1605 2029 1652 2062 v.
1679 2027 1848 2079 supra.
2625 2078 2630 2081 .

664 2095 1088 2166 quandocunque]
1133 2096 1199 2150 V.
1245 2098 1677 2168 Completorium,
1718 2114 1768 2166 p.
1818 2099 1916 2149 108
1957 2113 1990 2148 a
2029 2096 2239 2149 b.—De
2278 2096 2378 2148 hac
2416 2104 2598 2150 autem

595 2174 826 2234 Rubrica
852 2182 907 2235 in
933 2182 1240 2253 Defensor-io
1277 2183 1566 2238 Dio-ectorii
1592 2183 1666 2254 (v,
1703 2182 1771 2237 ad
1794 2199 1844 2252 p.
1870 2186 1934 2236 21
1972 2181 2034 2251 b)
2068 2184 2338 2237 annotatio
2375 2200 2597 2254 sequens

591 2266 811 2334 legitur:

664 2353 695 2379 ‘⁴
713 2350 854 2402 Item
886 2352 979 2403 illa
1015 2352 1248 2406 Rubrica
1282 2372 1401 2423 quae
1437 2357 1679 2409 scribitur
1712 2373 1805 2425 pro
1843 2355 2055 2409 Psalmo
2078 2357 2264 2410 Levavi
2298 2357 2527 2412 creditur
2561 2378 2596 2413 a

591 2438 622 2466 “
649 2436 832 2488 multis
863 2454 971 2489 non
1006 2454 1114 2490 esse
1150 2441 1423 2508 generalis,
1459 2442 1552 2493 sed
1587 2442 1955 2495 caerimonialis
1987 2440 2051 2511 [i.
2086 2461 2130 2496 e.
2168 2443 2237 2496 ad
2271 2445 2593 2498 caerimonias

589 2524 807 2591 “ipsius
854 2522 999 2577 Eccl.
1064 2524 1253 2579 Sarisb.
1306 2528 1594 2596 peculiares
1651 2530 1963 2598 pertinens].
2035 2531 2181 2584 Nam
2235 2533 2290 2584 in
2352 2532 2592 2587 Ecclesia

588 2612 620 2638 “
648 2608 903 2663 Wellensi
938 2611 1023 2664 Ps.
1060 2612 1147 2664 Aa
1184 2622 1230 2665 te
1264 2612 1419 2666 levavi
1458 2612 1568 2684 [et]
1611 2614 1697 2668 Ps.
1734 2615 1921 2668 Levavi
1957 2618 2172 2670 omnino
2203 2626 2458 2683 tacentur,
2494 2636 2590 2673 nec

586 2697 618 2723 “
646 2695 896 2748 dicuntur
919 2697 1056 2749 sicut
1079 2699 1136 2750 in
1159 2715 1261 2751 usu
1288 2698 1522 2751 Sarum.''

653 2788 767 2848 post
793 2780 1021 2833 tabulam
1046 2781 1248 2850 lectam]
1277 2783 1532 2837 Tabulam
1555 2803 1660 2839 non
1683 2788 1843 2840 modo
1864 2788 2257 2844 benefactorum
2279 2808 2372 2861 pro
2395 2794 2589 2862 quibus

584 2865 879 2935 specialiter
902 2865 1160 2919 orandum
1185 2876 1313 2933 erat,
1337 2871 1727 2943 officiorumque
1751 2892 1786 2928 a
1819 2877 2043 2944 singulis
2066 2876 2286 2931 Clericis
2307 2882 2588 2950 puerisque

584 2952 694 3004 sive
729 2967 824 3019 per
858 2951 1246 3006 hebdomadam
1283 2956 1394 3009 sive
1429 2974 1523 3027 per
1558 2958 1698 3013 diem
1738 2962 2174 3030 praestandorum,
2208 2964 2388 3017 verum
2425 2968 2589 3021 etiam

586 3037 650 3105 (si
698 3036 858 3090 modo
901 3054 935 3090 a
973 3041 1216 3107 precibus
1256 3047 1288 3072 “
1303 3052 1419 3112 post
1459 3046 1695 3098 tabulam
1741 3048 1934 3101 lectam
1943 3049 1968 3069 ''
2008 3050 2290 3104 recitandis
2332 3054 2588 3122 conjicere

581 3123 726 3192 licet)
756 3132 1070 3194 aegrotorum
1105 3137 1518 3200 caeterorumque
1553 3150 1647 3202 pro
1680 3135 1870 3202 quibus
1904 3136 2087 3190 itidem
2121 3139 2187 3191 ob
2218 3141 2588 3195 necessitatem

582 3209 850 3277 quandam
891 3213 1184 3281 specialiter
1217 3216 1476 3269 orandum
1501 3226 1628 3283 erat,
1664 3220 1852 3273 saltem
1886 3222 2189 3291 appendicis
2222 3225 2353 3290 1000,
2390 3227 2586 3280 catalo—

582 3312 710 3365 gum
746 3297 1201 3366 comprehendisse
1222 3318 1328 3354 non
1365 3303 1705 3372 improbabile
1740 3306 1905 3360 videri
1937 3310 2333 3377 potest.—Quae
2365 3312 2586 3380 quidem

580 3382 777 3447 tabula,
801 3384 1008 3437 etiamsi
1033 3385 1138 3438 Die
1162 3386 1480 3442 Parasceues
1505 3397 1558 3442 et
1581 3391 1636 3443 in
1669 3392 1871 3462 vigilia
1909 3393 2123 3448 Paschae
2152 3394 2230 3467 (v.
2257 3396 2326 3449 ad
2348 3414 2401 3467 p.
2425 3402 2495 3452 24
2520 3397 2584 3468 a)
