2910 4457
571 286 610 346 6
1331 302 1621 344 nomrcis

568 418 660 478 qui
687 421 857 467 autem
878 416 1046 478 diligit
1073 415 1426 476 iniquitatem,
1451 417 1561 466 odit

567 480 798 528 animam
812 491 980 528 suam.

631 542 780 591 Pluet
809 553 960 600 super
997 544 1274 599 peccatores
1309 538 1514 599 laqueos
1541 555 1555 589 z

568 604 732 664 ignis,
767 608 814 651 et
845 602 1079 661 sulphur,
1117 607 1166 649 et
1185 601 1397 661 spiritus
1432 614 1559 662 pro-

568 666 830 722 cellarum,
850 676 966 724 pars
981 663 1152 712 calicis
1172 675 1365 711 eorum.

628 726 885 787 Quoniam
898 727 1073 785 J‘ustus
1088 725 1198 772 Diis
1212 761 1225 783 ‚
1247 730 1296 774 et
1325 724 1556 782 justitias

566 788 767 838 dilexit:
787 789 1071 847 aequitatem
1090 787 1219 837 vidit
1236 788 1408 836 vultus
1427 787 1555 847 ejus,

631 850 803 900 Gloria
825 849 986 899 Patri.

632 911 736 960 Per
759 913 890 960 Adv.
917 913 980 960 Δ.
1005 911 1116 958 Erit
1152 911 1260 971 ipse
1283 909 1556 970 expectatio

566 974 844 1033 Gentium,
888 972 1176 1033 lavabitque
1208 972 1328 1021 vino
1371 972 1553 1020 stolam

564 1047 750 1094 suam,
801 1042 851 1087 et
890 1034 1142 1094 sanguine
1181 1047 1292 1082 uvae
1342 1034 1553 1094 pallium

565 1109 743 1146 snum.

626 1157 702 1207 Ab
731 1158 841 1206 Oct.
864 1157 1053 1218 Epiph.
1080 1168 1234 1218 usque
1255 1158 1325 1204 ad
1348 1156 1556 1204 Passio-

564 1233 682 1269 nem
702 1220 811 1268 Diis·
843 1221 906 1267 A.
933 1221 1045 1267 Dfie
1064 1219 1202 1268 Deus
1223 1230 1397 1278 meuS,
1427 1219 1481 1267 in
1508 1222 1554 1268 te

563 1294 591 1331 s
626 1283 783 1331 eravi.

593 1296 732 1394 pPer
756 1343 1015 1391 AEatatem
1033 1343 1097 1391 A.
1122 1341 1268 1390 Juste
1284 1342 1422 1390 Deus
1450 1340 1483 1389 J
1488 1354 1555 1389 u—

562 1406 673 1465 dex,
698 1405 841 1455 sortis
858 1405 1168 1465 patiensque,
1193 1404 1478 1463 benignus:
1498 1407 1552 1451 in

563 1472 612 1517 te
690 1473 949 1528 sperantes
1023 1466 1174 1515 muni
1265 1466 1554 1515 miserando

566 1528 761 1581 fidelos.

891 1589 1133 1638 Psalmus
1146 1588 1227 1648 xj.

569 1653 816 1762 Salvum
859 1664 941 1700 me
984 1652 1060 1700 fac
1111 1652 1251 1711 Bne,
1306 1649 1550 1710 quonlam

567 1730 587 1757 ι
641 1714 818 1763 defecit
849 1717 1093 1761 sanctus:
1124 1711 1366 1772 quoniam
1400 1712 1555 1760 dimi-

563 1780 701 1824 nuta:
730 1780 853 1824 sunt
884 1774 1119 1823 veritates
1149 1785 1179 1822 a
1217 1773 1340 1822 filiis
1378 1773 1555 1821 homi-

562 1849 710 1886 num.

625 1899 771 1946 Vana
792 1898 945 1946 locuti
974 1899 1097 1944 sunt
1119 1897 1473 1956 unusquisque
1489 1897 1552 1945 ad

562 1961 854 2022 proximum
885 1971 1042 2008 suum
1074 1973 1087 2008 ε
1114 1958 1245 2006 labia
1270 1959 1471 2020 dolosa,
1496 1959 1551 2007 in

561 2023 710 2072 corde
731 2027 779 2071 et
799 2024 946 2071 corde
964 2021 1116 2069 locuti
1137 2025 1278 2070 sunt.

623 2084 891 2145 Disperdat
909 2085 1019 2132 Dfis
1041 2083 1279 2132 universa
1306 2082 1438 2130 labia
1454 2082 1553 2130 do-

560 2146 667 2196 losa
693 2152 778 2197 :et
800 2147 1031 2207 linguam
1052 2145 1455 2206 magniloquam.

621 2209 725 2271 Qui
756 2206 1018 2266 diierunt‚
1050 2208 1305 2269 Linguam
1324 2212 1550 2256 nostram

562 2272 1035 2333 magnificabimus:
1060 2272 1189 2319 labia
1216 2275 1383 2319 nostra
1401 2281 1432 2318 a
1458 2282 1551 2318 no·.

557 2334 639 2383 bis
655 2340 776 2383 sunt
792 2346 808 2393 ς
825 2334 945 2395 quis
966 2337 1134 2380 noster
1150 2333 1262 2380 Diis
1283 2334 1393 2381 oet‘?

622 2397 834 2455 Propter
892 2394 1152 2442 miseriam
1206 2394 1415 2452 inopum
1436 2428 1451 2451 ,
1501 2396 1553 2441 et

560 2458 809 2517 gemitum
850 2467 1129 2515 pauperum
1170 2469 1184 2504 ε
1230 2467 1367 2502 nunc
1400 2466 1552 2504 exur-

559 2531 676 2579 gam
690 2554 703 2577 ‚
727 2517 850 2565 dicit
868 2518 998 2565 DfiS.

621 2581 815 2629 Ponam
855 2579 908 2628 in
947 2577 1205 2627 salutari:
1244 2575 1548 2626 fiducialiter

557 2654 707 2703 agam
724 2642 776 2690 in
799 2654 876 2691 eo·

619 2703 833 2765 Eloquia
863 2703 994 2761 Βῑιί,
1029 2701 1226 2763 eloquia
1255 2706 1418 2762 casta3
1459 2713 1551 2749 ar-

559 2772 773 2829 gentum
804 2767 923 2826 igne
949 2765 1296 2813 examinatum
1323 2779 1337 2813 2
1359 2764 1549 2823 proba-

555 2835 668 2877 tum
690 2833 835 2876 terrae
848 2864 861 2886 ‚
878 2832 1153 2887 purgatum
1174 2826 1484 2887 septuplum.

618 2890 699 2938 Tu
715 2890 829 2936 Dfie
846 2889 1071 2936 servabis
1095 2900 1186 2935 nos
1200 2924 1212 2947 ‚
1231 2893 1280 2937 et
1297 2889 1549 2937 custodies

558 2963 683 3000 nos:
703 2963 731 2998 a
757 2950 1076 3009 generatione
1090 2950 1184 2997 hac
1206 2950 1258 2997 in
1277 2955 1546 2999 aeternum.

617 3013 679 3060 In
714 3010 933 3059 circuitu
971 3011 1117 3069 impii
1139 3011 1436 3060 ambulant:
1462 3024 1548 3060 se-

555 3073 784 3124 cundnm
823 3072 1145 3120 altitudinem
1184 3077 1327 3120 tuam
1360 3073 1547 3121 multi-

555 3135 752 3197 plicasti
781 3133 912 3182 filios
939 3134 1231 3182 hominum.

867 3195 1111 3243 Psalmus
1131 3194 1230 3255 oetji.

646 3270 871 3320 squeqno
905 3259 1017 3307 Dne
1043 3254 1355 3307 oblivisceris
1374 3270 1458 3306 me
1489 3257 1544 3306 in

557 3271 801 3372 Ufinem
817 3322 842 3369 ‘l
867 3333 1129 3382 usquequo
1153 3320 1341 3369 avertis
1364 3320 1542 3370 faciem

555 3390 697 3432 tuam
720 3395 749 3431 a
772 3384 888 3431 me?

620 3441 863 3507 Quandiu
937 3456 1120 3504 ponam
1202 3444 1408 3493 consilia
1485 3444 1537 3492 in

1664 303 1724 342 m
1731 302 1861 344 uus

1653 416 1828 526 ιιιίιὲιι
1848 418 1998 466 mea?
2027 415 2252 465 dolorem
2278 416 2336 464 in
2357 416 2503 465 corde
2531 426 2646 466 meo

1655 490 1741 538 per
1797 478 1937 528 iem?

1715 539 1989 600 Usquequo
2045 539 2345 588 exaltabitur
2401 540 2650 588 inimicus

1655 612 1801 651 meus
1829 613 1978 660 super
2010 603 2124 649 me?
2154 601 2367 661 respice,
2396 607 2445 651 ct
2466 603 2646 651 exaudi

1657 674 1739 711 me
1754 663 1864 711 Dne
1878 664 2016 712 Deus
2031 675 2194 711 meus».

1715 723 1958 774 lllumina
1978 724 2149 773 oculos
2169 735 2308 773 meos
2330 738 2392 773 ne
2414 738 2647 785 unquam

1651 785 1968 835 obdormiam
2014 787 2069 834 in
2116 791 2279 835 morte
2314 801 2328 835 ε
2376 789 2648 846 nequando

1651 848 1787 896 dicat
1813 848 2056 896 inimicus
2083 861 2255 907 meuS‚
2280 848 2532 897 Praevalui
2556 850 2649 898 ad-

1651 920 1829 958 versus
1850 922 1987 958 eum.

1713 971 1817 1032 Qui
1849 972 2099 1020 tribulant
2137 984 2221 1020 me
2270 970 2570 1020 exultabunt
2601 973 2646 1021 si

1651 1040 1821 1082 motus
1850 1033 2022 1084 fuero:
2050 1046 2141 1093 ego
2162 1038 2333 1082 autem
2361 1035 2413 1081 in
2444 1034 2648 1083 miseri-

1650 1096 1819 1144 cordia
1841 1101 1928 1144 tua
1949 1097 2166 1155 speravi.

1714 1157 1970 1207 Exultabit
2000 1170 2083 1206 cor
2121 1169 2296 1206 meum
2334 1156 2387 1205 in
2431 1158 2648 1207 salutari

1649 1223 1754 1279 tu03
1777 1220 1987 1268 cantabo
1995 1220 2107 1267 Diio
2120 1220 2208 1279 qui
2223 1219 2352 1267 bona
2365 1219 2648 1268 tribuitmi·

1649 1280 1705 1329 bi
1719 1297 1732 1331 z
1745 1285 1793 1329 et
1806 1282 2019 1341 psallam
2033 1281 2230 1330 nomini
2247 1280 2347 1328 Dni
2364 1280 2646 1330 Altissimi.

1952 1344 2197 1391 Psalmus
2228 1342 2347 1401 xiij.

1740 1404 1832 1453 ixit
1853 1405 2102 1465 insipiens
2128 1406 2182 1453 in
2197 1405 2344 1453 corde
2368 1416 2462 1453 suo
2488 1421 2501 1455 z
2530 1405 2646 1455 Non

1738 1472 1813 1515 est
1832 1467 1987 1516 DeuS.
2163 1482 2174 1493 ·

1711 1528 1947 1588 Corrupti
1993 1532 2138 1586 sunt,
2184 1532 2233 1576 et
2279 1527 2650 1578 abominabiles

1649 1588 1767 1638 facti
1778 1596 1901 1639 sunt
1916 1592 1969 1638 in
1983 1590 2171 1639 studiis
2186 1589 2295 1637 suis
2314 1605 2327 1638 :
2346 1603 2446 1637 non
2464 1595 2540 1638 est
2555 1594 2646 1650 qui

1650 1650 1797 1700 saciat
1841 1652 2060 1712 bonum,
2101 1664 2202 1700 non
2249 1656 2326 1701 est
2367 1664 2532 1711 usque
2582 1654 2646 1702 ad

1649 1725 1836 1763 unum.

1710 1776 1822 1824 Dns
1836 1775 1898 1824 de
1922 1774 2044 1824 coelo
2060 1774 2311 1835 prospexit
2333 1787 2488 1834 super
2514 1776 2648 1825 filios

1649 1836 1951 1887 bominum:
1985 1842 2043 1885 ut
2076 1837 2244 1886 videat
2274 1837 2318 1884 si
2351 1841 2426 1885 est
2448 1837 2648 1886 intelli-

1651 1910 1798 1959 genS,
1822 1905 1911 1947 aut
1929 1899 2193 1959 requirens
2208 1899 2390 1948 Deum.

1716 1959 1908 2010 Omnes
1930 1961 2335 2020 declinaverunt3
2354 1958 2509 2008 simul
2525 1961 2648 2009 inu-

1646 2021 1761 2070 tiles
1796 2022 1911 2071 sacti
1940 2028 2060 2071 sunt
2087 2038 2100 2072 ε
2133 2035 2233 2070 non
2263 2027 2336 2071 est
2366 2022 2458 2082 qui
2497 2021 2649 2072 faciat

1647 2084 1840 2132 bonum
1855 2121 1868 2142 ‚
1889 2097 1989 2132 non
2008 2089 2082 2133 est
2098 2096 2258 2144 usque
2273 2085 2335 2133 ad
2359 2096 2546 2132 unum.

1711 2146 2044 2205 Sepulchrum
2098 2152 2278 2205 patens
2330 2151 2407 2194 est
2466 2152 2644 2206 guttur

1643 2219 1847 2269 eorumg
1873 2209 2064 2269 linguis
2079 2208 2189 2257 suis
2208 2207 2375 2258 dolose
2394 2209 2646 2269 agebant:

1646 2281 1901 2320 venenum
1914 2272 2150 2331 aspidum
2168 2271 2263 2318 sub
2280 2270 2427 2318 labiis
2442 2284 2642 2321 eorum.

1708 2332 1942 2393 Quorum
1965 2345 2021 2380 os
2033 2332 2381 2381 maledictione
2392 2336 2441 2381 et
2452 2335 2646 2382 amari-

1643 2395 1824 2443 tudine
1860 2395 2068 2454 plenum
2105 2400 2180 2443 est
2210 2409 2224 2444 2
2262 2394 2455 2443 veloces
2492 2397 2644 2454 pedes

1643 2468 1819 2505 eorum
1843 2457 1906 2505 ad
1927 2457 2639 2516 effundendumsanguinem.

1708 2518 1956 2567 Contritio
1986 2524 2035 2566 et
2057 2518 2325 2567 infelicitas
2356 2518 2411 2566 in
2444 2519 2545 2567 viis
2566 2533 2643 2569 eo-

1646 2592 1784 2639 rum,
1803 2586 1851 2628 et
1861 2580 1996 2628 viam
2011 2580 2146 2639 pacis
2157 2593 2256 2628 non
2269 2588 2641 2641 cognoverunt:

1645 2654 1748 2689 non
1762 2647 1836 2690 est
1855 2643 2007 2690 timor
2020 2642 2112 2690 Dei
2124 2647 2241 2691 ante
2260 2643 2429 2691 oculos
2439 2655 2638 2692 eorum.

1708 2704 1888 2753 Nonne
1903 2709 2204 2764 cognoscent
2223 2716 2402 2753 omnes
2416 2705 2507 2765 qui
2524 2718 2642 2765 ope-

1645 2771 1825 2814 rantur
1862 2766 2183 2826 iniquitatem
2217 2782 2231 2815 z
2270 2767 2361 2826 qui
2395 2768 2641 2816 devorant

1642 2828 1837 2888 plebem
1860 2840 2028 2876 meam
2051 2829 2182 2876 sicut
2204 2841 2370 2877 escam
2393 2830 2577 2888 panis?

1706 2890 1871 2938 Deum
1889 2902 1991 2938 non
2010 2890 2400 2941 invocaverunt:
2419 2892 2526 2940 illic
2543 2897 2640 2941 tre-

1643 2950 1948 3011 pidaverunt
1991 2953 2199 3012 timore,
2245 2952 2336 3001 ubi
2377 2965 2480 3001 non
2529 2959 2640 3004 erat

1644 3014 1819 3062 timor.

1704 3075 1960 3136 Quoniam
1972 3077 2083 3125 Dfis
2096 3076 2150 3124 in
2168 3075 2515 3137 generationej
2524 3082 2639 3126 usta

1642 3141 1718 3187 oet
1741 3153 1754 3187 ε
1792 3139 2062 3187 consilium
2102 3138 2269 3197 inopis
2305 3138 2635 3199 confudistiS‚

1641 3199 1884 3260 quoniam
1908 3201 2018 3249 Diis
2033 3213 2146 3260 spes
2160 3201 2272 3261 ejus
2288 3205 2379 3249 est.

1705 3260 1835 3321 Quis
1851 3262 1990 3310 dabit
2002 3276 2059 3311 ex
2075 3263 2197 3311 Sion
2209 3263 2430 3311 salutare
2443 3262 2599 3312 Israel
2609 3266 2635 3312 ‘t

1640 3320 1759 3371 cum
1781 3326 2018 3373 averterit
2037 3325 2147 3373 Diis
2166 3325 2505 3385 captivitatem
2532 3327 2638 3384 ple-

1638 3383 1718 3494 lIJis
1729 3397 1832 3493 ⁵9¹ae
1844 3422 1857 3444 ,
1872 3386 2111 3435 exultabit
2127 3386 2280 3435 Jacob
2291 3423 2305 3446 ‚
2319 3392 2367 3435 et
2380 3387 2634 3436 laetabitur

1666 3457 1778 3494 srae
1802 3481 1815 3494 .
