2910 4457
566 425 636 498 lx
769 460 819 503 ιη
847 461 1000 501 σου.
1027 461 1217 501 amum
1243 463 1288 507 n.
1316 462 1362 501 n.
1390 463 1439 502 v.
1464 461 1605 503 mrsu
1633 462 1745 508 ocr.
1773 463 1929 504 mvn.
1957 465 2017 504 rr
2042 463 2199 505 rmus.
2303 449 2422 515 (An
2446 451 2482 513 ς
2506 454 2738 503 138-141

667 596 709 666 β
738 594 942 669 188.)
966 597 1028 649 In
1051 597 1097 647 L
1120 598 1399 650 Lectiones
1424 602 1571 648 suntz
1599 603 1644 648 1.
1673 599 2031 650 “Parturiente
2047 627 2111 636 —
2131 605 2185 650 et
2208 615 2515 666 supernum
2536 602 2740 669 largere-

572 681 797 749 “tur[sie]
823 680 1117 733 affectum?
1154 686 1201 732 2.
1230 683 1329 732 “Et
1360 687 1517 733 natus
1539 708 1604 719 —
1627 683 1956 749 virginitas.”
1986 687 2032 734 3.
2059 683 2221 734 “Nam
2253 685 2400 735 sicut
2423 712 2499 721 —
2523 686 2590 736 de
2620 688 2741 737 femi·

573 765 804 833 “nio[eic]
839 770 987 816 utero
1018 765 1124 816 nisi
1155 765 1270 815 sine
1294 770 1577 831 generante
1600 765 1861 832 prodire.”
1883 766 1945 817 In
1971 783 2074 832 quo
2098 767 2284 817 ultimo
2309 765 2461 832 1000,
2500 784 2626 819 cum
2645 770 2743 821 libri

569 850 617 899 A
642 856 693 900 et
715 849 812 900 Ed.
836 854 1028 900 nostrae
1051 847 1279 899 lectione
1304 850 1448 912 facit,
1475 849 1614 913 quod
1639 864 1704 899 ex
1728 849 1921 900 Ovidio
1945 851 2060 901 sine
2082 851 2477 917 praepositione
2501 851 2742 916 laudatur,

568 933 748 983 matris
769 939 913 982 utero
928 931 1168 996 prodire.

667 1017 728 1065 In
753 1015 871 1066 Lec.
901 1020 949 1079 1,
971 1043 1039 1054 —
1064 1019 1108 1064 1.
1144 1012 1612 1060 PARTURIENTE
1641 1031 1736 1082 pro
1762 1015 2006 1081 pariente
2020 1015 2113 1082 (a),
2145 1014 2235 1066 vel
2256 1033 2423 1083 quum
2437 1019 2744 1084 parturivie·

569 1107 657 1161 set,
683 1098 880 1150 dictum
905 1102 1000 1149 est.
1023 1123 1091 1135 —
1116 1101 1160 1148 2.
1195 1097 1300 1147 Pro
1329 1099 1426 1148 “Et
1459 1096 1631 1163 quod''
1654 1098 1886 1165 Vulgata
1921 1099 1996 1164 (S.
2021 1099 2179 1149 Lucae
2203 1100 2244 1149 1.
2269 1099 2377 1166 35),
2409 1101 2683 1168 “Ideoque
2708 1107 2748 1152 et

575 1182 794 1248 “quod''.

671 1261 709 1331 δ
739 1260 946 1333 189.)
984 1262 1050 1314 de
1090 1279 1247 1330 opere
1281 1280 1372 1316 cur
1403 1268 1655 1316 retractas
1669 1263 1715 1330 ‘'t']
1752 1281 1846 1316 cur
1877 1263 1942 1315 ab
1975 1280 2129 1330 opere
2151 1281 2347 1332 qaoque
2374 1266 2653 1319 credendo
2684 1285 2748 1319 re-

572 1349 737 1401 trahis
758 1348 840 1400 te?
860 1376 925 1384 —
944 1349 1010 1399 cf.
1036 1349 1177 1413 quod
1196 1365 1262 1399 ex
1280 1349 1533 1400 Cicerone
1555 1348 1813 1412 laudatur,
1838 1349 1941 1399 eive
1962 1348 2282 1412 retractabis,
2306 1348 2751 1415 siveproperabis,

571 1432 896 1483 moriendum
926 1440 1014 1483 eet.
1032 1458 1097 1469 —
1115 1433 1316 1483 Eodem
1346 1434 1452 1483 fere
1488 1448 1649 1483 sensu
1681 1433 1736 1481 in
1766 1433 1865 1498 Ep.
1896 1431 1962 1481 ad
1996 1431 2132 1482 Heb.
2165 1431 2262 1496 (X.
2289 1431 2377 1496 38)
2415 1430 2625 1499 legitur
2653 1434 2751 1485 eub-

574 1516 781 1568 trahere
819 1531 898 1567 ee:
944 1515 1165 1567 “Justus
1211 1521 1385 1566 autem
1426 1531 1574 1565 meus
1617 1531 1682 1565 ex
1723 1514 1827 1564 fide
1873 1515 2033 1565 vivit:
2070 1513 2213 1579 quod
2246 1514 2295 1564 si
2342 1515 2682 1566 subtraxerit
2708 1533 2753 1567 se

575 1603 682 1667 (καὶ
718 1598 807 1651 ἐὰν
833 1598 1241 1667 ὑποστείληται),
1270 1600 1407 1649 “non
1429 1598 1663 1665 placebit
1694 1599 1882 1648 animae
1903 1596 2080 1648 meae.”
2101 1597 2192 1648 ubi
2226 1597 2557 1664 interpretes
2581 1599 2752 1667 Angli-

576 1686 715 1748 cani,
751 1683 893 1749 quod
918 1690 1026 1734 tam
1050 1699 1082 1733 a
1114 1685 1295 1734 Graeco
1321 1697 1478 1747 quam
1511 1698 1543 1732 a
1575 1681 1762 1731 Latino
1800 1685 1853 1730 et
1890 1680 2105 1747 Syriaco
2142 1680 2308 1743 abest,
2352 1681 2558 1746 “quis''
2591 1686 2754 1735 subin·

575 1769 891 1834 telligentes,
915 1783 1009 1834 pro
1040 1767 1162 1818 “but
1192 1768 1241 1817 if
1264 1767 1331 1817 he
1356 1766 1499 1816 draw
1521 1764 1709 1829 back'',
1731 1765 1818 1815 vel
1837 1761 2005 1830 (quod
2026 1763 2211 1815 Versio
2235 1766 2553 1818 Duacensis
2578 1769 2751 1830 habet)
2822 1785 2823 1794 ¹

579 1851 703 1902 “but
747 1851 795 1899 if
819 1848 885 1898 he
920 1849 1193 1899 withdraw
1225 1847 1483 1911 himself’,
1518 1847 1811 1912 subjectum
1857 1851 2117 1897 mutantes
2156 1847 2525 1915 reddiderunt,
2573 1852 2699 1904 “but
2726 1855 2760 1903 is

580 1935 715 2001 “any
747 1949 869 1983 man
900 1932 1173 1983 withdraw
1200 1932 1416 1983 himself
1423 1931 1544 1997 ''(b).

673 2016 712 2084 ξ
737 2011 941 2087 14⁰.)
965 2015 1028 2065 In
1051 2016 1096 2065 L
1120 2013 1211 2068 vli
1235 2016 1302 2066 ad
1325 2016 1554 2066 Tertiam
1579 2016 1632 2064 et
1656 2014 1722 2063 ad
1749 2013 1961 2063 Sextam
1982 2028 2092 2062 non
2115 2012 2446 2077 indicantur3
2494 2030 2531 2065 a
2556 2016 2754 2083 Capitu-

577 2102 642 2152 lis
677 2108 851 2152 autem
883 2108 935 2151 et
968 2101 1080 2167 Riis
1108 2097 1221 2168 (vel
1256 2099 1322 2150 ab
1355 2098 1438 2149 his
1474 2095 1628 2165 solis)
1659 2095 1793 2150 Vlos
1828 2111 2039 2161 quoque
2075 2095 2288 2147 eosdem
2323 2097 2504 2161 quiin
2533 2099 2754 2163 ejusdem

577 2186 825 2254 temporis
851 2185 1041 2237 Officio
1065 2185 1238 2236 Parvo
1266 2183 1338 2249 (v,
1364 2184 1395 2245 ἓ
1424 2182 1539 2247 134)
1565 2197 1680 2233 esse
1704 2180 2029 2247 intelligitur.

677 2269 761 2319 Ad
784 2271 949 2319 Nonae
971 2284 1096 2318 vero
1120 2269 1275 2318 finem
1296 2266 1342 2316 L
1367 2265 1537 2315 addit:

682 2350 1060 2417 “Supradietae
1089 2351 1232 2402 Ordo
1264 2350 1328 2401 de
1362 2348 1571 2400 Feriali
1594 2345 1829 2399 Seruicio
1855 2345 2044 2399 Sancte
2078 2346 2249 2397 Marie
2285 2353 2332 2398 et
2345 2346 2427 2398 ‘de
2459 2347 2757 2402 Commemo-

583 2436 821 2487 “racione
844 2436 1067 2487 eiusdem
1088 2443 1319 2486 servetur
1340 2449 1498 2499 usque
1519 2432 1591 2484 ad
1614 2429 2095 2500 Pumfleacionern.”
2123 2431 2197 2482 cf.
2221 2429 2288 2480 ad
2317 2431 2383 2492 ἐξ
2415 2432 2518 2480 115
2544 2432 2625 2498 (p.
2645 2432 2759 2496 xlvij
2820 2436 2821 2495 1

584 2528 635 2577 et
654 2523 791 2572 inter
812 2518 1117 2585 Addenda),
1147 2519 1256 2583 135,
1282 2522 1333 2568 et
1360 2520 1472 2569 140.
2820 2502 2821 2511 ’

826 2635 920 2721 Ε.)
952 2655 1019 2706 ΙΝ
1063 2656 1346 2707 Orncmm
1390 2654 1645 2703 PAsvum
1687 2650 1752 2701 B.
1782 2651 1856 2702 M.
1889 2649 1953 2699 V.
1987 2663 2154 2700 mma
2197 2649 2519 2699 PuauueA-

1320 2751 1535 2789 ‘nomm
1558 2750 1627 2785 m·
1667 2736 2012 2787 Anvnmum.

684 2839 723 2908 ἓ
748 2837 950 2908 141.)
986 2841 1207 2892 Etiamsi
1241 2841 1299 2889 in
1329 2839 1465 2889 libro
1499 2837 1641 2888 unde
1672 2838 1735 2900 L,
1755 2836 1843 2886 vel
1864 2836 1979 2886 haec
2002 2834 2187 2885 saltem
2210 2833 2323 2898 ejus
2348 2849 2478 2900 pars
2504 2834 2771 2902 descripta

587 2932 682 2990 est,
714 2926 870 2990 hujus
907 2932 957 2976 et
987 2924 1256 2990 sequentis
1289 2923 1467 2973 Officii
1499 2921 1575 2988 (v.
1599 2922 1631 2982 ἓ
1657 2919 1773 2984 146)
1806 2918 1945 2968 tituli
1976 2934 2084 2968 non
2118 2915 2306 2966 iisdem
2341 2919 2570 2968 omnino
2600 2920 2770 2969 verbis

589 3008 777 3074 quibus
789 3009 845 3056 in
857 3007 905 3056 A
924 3012 975 3058 et
990 3009 1047 3057 in
1064 3007 1161 3058 Ed.
1179 3011 1362 3056 nostra
1380 3004 1564 3070 scripti
1582 3018 1698 3053 esse
1713 3001 1971 3063 videntur,
1991 3014 2170 3049 eorum
2184 3005 2363 3050 tamen
2380 3002 2459 3051 ita
2478 3004 2771 3054 similitudo

586 3093 707 3143 libri
729 3093 774 3142 L
793 3090 1075 3152 librarium,
1100 3089 1186 3139 vel
1210 3090 1301 3153 qui
1323 3088 1592 3139 librarium
1613 3084 1839 3152 legendo
1864 3083 2159 3147 adjuvabat,
2183 3084 2458 3134 incautum
2482 3087 2707 3148 fefellit,
2727 3096 2774 3135 ut

588 3181 710 3244 post
747 3177 914 3243 prima
950 3173 1089 3223 tituli
1130 3173 1318 3240 prioris
1357 3171 1519 3221 verba
1552 3183 1883 3236 pergamenae
1926 3166 2218 3228 commissa,
2261 3167 2440 3217 statim
2474 3169 2533 3219 in
2562 3171 2776 3221 titulum

589 3260 934 3327 posteriorem
967 3257 1305 3320 transiluerit,
1332 3255 1673 3319 eundemque,
1700 3253 1925 3318 (integro
1952 3247 2092 3315 quod
2115 3250 2441 3301 sectionibus
2472 3256 2580 3303 140
2606 3282 2681 3290 ——
2700 3254 2779 3303 145

593 3344 889 3394 continetur
920 3339 1088 3407 Officio
1121 3337 1299 3389 Parvo
1333 3337 1568 3401 omiss0,)
1603 3352 1723 3387 cum
1756 3334 1969 3400 duplici,
2004 3337 2064 3382 ut
2085 3333 2334 3397 sequitur,
2370 3333 2779 3386 Purificationis

591 3429 870 3489 mentione,
898 3421 1369 3476 Commemorat-loni
1391 3419 1656 3472 Plenariae
1688 3434 1803 3484 quae
1836 3415 2157 3467 sectionibus
2196 3417 2289 3466 146
2313 3441 2382 3452 -
2406 3418 2508 3467 155
2535 3421 2782 3469 eontine-

591 3517 674 3562 tur
698 3509 1062 3577 praeposuerit:
2136 3506 2139 3507 ’

667 3660 717 3729 ⁰)
738 3660 810 3711 Cf.
833 3661 891 3712 in
912 3659 1066 3710 Brev.
1087 3658 1235 3708 Rom.
1257 3655 1380 3707 Lec.
1398 3657 1432 3702 4
1448 3653 1505 3703 in
1521 3652 1623 3703 Na·
1722 3656 1938 3713 verunt3
1964 3664 2120 3715 quam
2138 3653 2313 3698 tamen
2330 3663 2514 3714 neque
2534 3654 2783 3718 explicite

594 3729 796 3777 tivitate
818 3727 878 3776 Β.
903 3727 975 3775 Μ.
1000 3726 1064 3775 V.
1389 3748 1396 3753 ·
1724 3735 1790 3768 ne
1828 3733 1895 3767 ue
1927 3716 2168 3781 implicite
2201 3715 2258 3765 in
2292 3718 2470 3766 sancti
2501 3721 2785 3786 scriptoris

671 3793 714 3859 b)
739 3791 848 3843 Per
880 3792 1080 3843 litterae
1112 3787 1321 3856 quidem
1342 3785 1544 3837 italicas
1565 3785 1624 3834 fi-
1723 3734 1897 3837 veiqbis
1924 3781 2181 3834 contineri
2205 3781 2334 3832 satis
2359 3780 2583 3836 clarum
2613 3793 2720 3837 est.

598 3859 781 3910 deliter
810 3859 913 3925 ipsi
937 3856 1394 3922 interpolationem
1424 3852 1624 3902 indica-
