2910 4457
847 362 951 429 De
981 365 1253 427 Psalmis
1282 353 1818 427 Poeniteatialibus
1847 368 1908 425 et
1933 352 2215 425 Litanid.

654 477 855 532 Psalmi
892 476 1296 541 Poenieentiales,
1329 475 1397 544 (v.
1434 475 1693 527 Manuale
1733 483 1787 528 et
1819 474 2227 543 Processionale)
2266 469 2391 527 cum
2430 476 2600 529 Antig

581 567 760 636 phona
808 566 893 618 Ne
932 565 1283 617 reminiscaris
1328 571 1382 616 et
1428 562 1647 615 Litania
1687 561 1776 631 (ut
1820 561 1950 614 feria
1990 566 2025 613 2
2063 562 2120 614 in
2164 560 2602 632 Quadragesima

583 655 808 708 dicenda
824 633 967 707 erat:
1003 672 1036 706 v
1061 671 1119 722 p.
1141 658 1242 705 112
1267 652 1327 721 a)
1355 654 1493 705 inter
1518 651 1708 705 Officia
1729 651 1875 704 feriae
1899 656 1934 703 2
1957 653 2016 704 in
2039 651 2427 721 Rogationibus
2449 651 2603 706 dice-

582 744 774 794 bantur
794 758 1001 794 :—cum
1038 741 1226 794 eadem
1250 742 1374 792 Ant.
1403 751 1458 792 et
1487 740 1603 791 aliis
1639 740 1961 792 orationibus
1996 747 2115 808 post
2151 738 2458 791 Sermonem
2497 742 2604 808 qui

584 826 658 899 (si
685 829 845 881 fiebat
870 828 1082 898 Sermo)
1113 828 1318 881 Horam
1357 827 1577 880 Sextam
1610 828 1668 878 in
1697 826 1828 879 feria
1853 826 2109 878 Cinerum
2147 824 2284 895 (sive
2319 826 2381 877 in
2408 825 2606 896 Capite

582 915 811 985 Jejunii)
836 917 1155 986 sequebatur
1173 917 1387 968 z—item
1418 916 1477 967 in
1503 913 1692 967 Officio
1715 913 1859 966 feriae
1883 918 1915 966 5
1940 914 1996 965 in
2023 913 2196 966 Coena
2223 912 2365 965 D’ni.
2429 912 2600 978 Item,

586 1002 665 1073 (v.
691 1005 860 1073 ipsius
896 1003 1158 1056 Breviarii
1192 1002 1279 1055 Pr.
1307 1003 1372 1054 de
1397 999 1512 1071 T.),
1535 1019 1629 1072 per
1660 1008 1826 1054 totam
1852 999 2360 1070 Quadragesimam‘
2384 1001 2604 1069 quoties

586 1089 651 1142 de
673 1090 805 1142 feria
828 1091 1096 1160 agebatur,
1119 1092 1174 1142 in
1202 1090 1529 1158 singularum
1557 1089 1846 1151 Horarum,
1871 1096 2217 1157 praeterquam
2243 1087 2441 1151 Sextia,
2465 1085 2604 1140 Pre-

585 1177 750 1240 cibus,
785 1186 905 1246 post
941 1176 1216 1229 Psalmum
1253 1176 1507 1228 Miserere
1533 1176 1805 1228 dicebatur
1829 1178 2012 1226 “unus
2047 1174 2109 1225 de
2142 1183 2328 1243 septem
2363 1172 2605 1226 Psalmis

584 1262 1022 1334 poenitentialibus
1067 1282 1157 1315 suo
1196 1262 1410 1315 ordine”
1429 1263 1623 1325 ;—scil.
1667 1262 1737 1315 ad
1773 1262 1983 1315 Laudes
2026 1260 2113 1313 Ps.
2153 1264 2204 1324 6,
2241 1260 2312 1313 ad
2355 1259 2604 1314 Primam

588 1351 676 1404 Ps.
702 1356 790 1417 31,
813 1353 884 1405 ad
908 1352 1009 1405 ΙΙΙ
1035 1352 1120 1405 Ps.
1147 1356 1234 1417 37,
1259 1351 1329 1405 ad
1352 1350 1443 1404 IX
1469 1352 1555 1404 Ps.
1585 1356 1703 1416 101,
1736 1351 1806 1404 ad
1829 1339 1989 1420 vesp.
2016 1350 2107 1402 Ps.
2130 1354 2249 1414 129,
2273 1349 2344 1402 ad
2380 1349 2604 1419 compl.

589 1438 676 1492 Ps.
723 1444 856 1493 142:
905 1440 975 1493 ad
1019 1440 1237 1492 Sextam
1291 1446 1491 1503 autem,
1538 1456 1606 1491 ne
1647 1440 1875 1508 seipsum
1922 1437 2235 1491 immediate
2290 1444 2606 1506 sequeretur

588 1527 676 1580 Ps.
715 1532 802 1593 50,
838 1536 957 1597 post
994 1525 1273 1579 Psalmum
1298 1528 1464 1579 istum
1500 1524 1771 1579 dicebatur
1807 1524 1894 1578 Ps.
1928 1528 1998 1577 66
2034 1524 2114 1595 (p.
2144 1528 2209 1576 13
2234 1523 2316 1592 a).
2390 1523 2607 1577 Praeoe-

590 1612 836 1667 dentibus
883 1621 1067 1667 autem
1115 1614 1181 1679 (v.
1221 1613 1370 1683 ibid.)
1412 1629 1488 1664 xv
1530 1612 1760 1665 Psalmis
1802 1611 2177 1676 GradualibuS,
2215 1610 2435 1664 Litania
2479 1619 2608 1680 post

590 1699 827 1752 Tertiam
861 1701 918 1751 in
957 1699 1101 1752 feriis
1144 1699 1607 1769 Quadragesimae‘
1643 1702 1676 1729 “
1695 1715 1855 1768 usque
1892 1698 1962 1750 ad
1996 1702 2030 1750 4
2060 1697 2168 1768 fer.
2206 1706 2325 1749 ante
2357 1695 2608 1749 Pascka”

589 1785 644 1850 (i.
680 1802 724 1837 e.
761 1793 822 1838 ut
856 1785 1085 1849 videtur,
1123 1785 1404 1854 inclusive)
1441 1784 1668 1839 dicenda
1702 1793 1841 1838 erat:
1880 1784 1947 1838 cf.
1985 1784 2051 1837 ad
2085 1802 2137 1854 p.
2172 1788 2241 1837 24
2274 1785 2312 1836 b
2348 1783 2430 1854 (p.
2454 1781 2604 1851 xxi).

589 1873 755 1928 Plura
778 1874 842 1928 de
866 1875 950 1929 his
973 1875 1200 1929 Psalmis
1223 1883 1278 1928 et
1301 1876 1519 1929 Litania
1534 1875 1656 1929 vide
1678 1875 1822 1945 apud
1846 1875 2103 1928 Manuale
2127 1883 2181 1927 et
2204 1873 2606 1928 Processionale

594 1960 790 2014 Sarisb.

663 2048 723 2100 P.
758 2053 858 2102 110
883 2066 916 2102 a
940 2057 994 2102 et
1027 2053 1115 2102 111
1145 2067 1193 2102 a.
1232 2049 1303 2102 In
1330 2048 1531 2119 Gough
1563 2053 1631 2102 68
1658 2056 1711 2102 et
1743 2049 1932 2102 Douce
1965 2045 2084 2102 Ref.
2113 2048 2316 2102 Psalmi
2347 2049 2607 2106 Miserere

592 2144 647 2189 et
662 2135 747 2188 De
756 2136 1042 2207 profundis
1063 2137 1221 2206 pleno
1239 2136 1617 2189 vocabulorum
1637 2152 1874 2199 numero,
1893 2142 1954 2187 ut
1969 2136 2175 2203 reliqui,
2195 2135 2443 2205 descripti
2460 2146 2604 2192 sunt.

671 2222 734 2276 P.
765 2227 861 2277 111
890 2241 938 2277 a.
964 2222 1164 2276 Acedia
1192 2222 1437 2293 (ἀκηδία),
1466 2223 1533 2276 al.
1572 2241 1642 2277 ex
1663 2223 1934 2277 iotacismo
1966 2222 2143 2275 acidia
2180 2221 2267 2291 (cf.
2305 2241 2358 2293 p.
2389 2225 2487 2295 xi),
2523 2226 2607 2279 vel

594 2310 816 2374 accidia,
841 2319 920 2364 est
941 2311 1190 2363 socordia.

665 2396 726 2449 P.
757 2402 851 2450 lll
881 2398 932 2449 b.
958 2396 1224 2466 Letania]
1254 2389 1542 2451 Iotacismo
1566 2397 1847 2451 tribuenda
1869 2415 1978 2451 non
1999 2397 2159 2452 mode
2184 2399 2489 2453 substitutio
2512 2400 2606 2453 illa

593 2488 789 2541 vocalis
815 2487 846 2539 I
869 2505 963 2558 pro
984 2488 1031 2539 E
1053 2497 1115 2542 ut
1136 2490 1194 2541 in
1218 2492 1347 2542 nota
1369 2490 1716 2559 proecedente,
1731 2490 1822 2543 sed
1845 2499 1899 2544 et
1920 2490 2037 2544 haec
2059 2491 2254 2544 vocalis
2279 2490 2326 2542 E
2343 2508 2437 2560 pro
2457 2490 2521 2555 1;
2544 2492 2605 2544 in

596 2575 692 2628 ina
726 2575 838 2629 scil.
875 2583 1080 2629 mutato
1116 2594 1243 2629 sono
1275 2578 1486 2630 mutata
1518 2576 1675 2630 litera
1710 2585 1850 2631 recte
1887 2595 2146 2649 express0,
2180 2579 2238 2631 in
2269 2577 2370 2631 hac
2403 2578 2470 2630 ob
2503 2576 2606 2631 fre-

596 2672 846 2733 quentem
864 2664 921 2717 in
944 2666 1381 2734 pronunciatione
1401 2663 1514 2718 sola
1530 2666 1899 2730 mutationem,
1915 2666 2053 2718 nova
2078 2674 2132 2719 et
2148 2664 2326 2719 aliena
2347 2672 2607 2735 potestate

593 2752 762 2806 literae
783 2752 831 2805 E
852 2752 1114 2805 concessa.
1145 2752 1292 2805 Hinc
1307 2760 1488 2805 autem
1506 2760 1725 2822 apparet
1743 2753 2075 2806 iotacismum
2091 2752 2252 2817 hunc,
2267 2752 2359 2821 qui
2375 2751 2532 2804 hodie
2549 2751 2608 2803 in

600 2839 650 2890 E
669 2839 831 2909 longa
853 2841 936 2893 vel
959 2841 1214 2910 syllabam
1238 2841 1516 2894 claudente
1544 2840 1687 2909 apud
1708 2841 1910 2911 Anglos
1933 2839 2150 2909 quidem
2171 2839 2305 2910 legis
2327 2841 2495 2892 instar
2516 2840 2607 2891 ob—

597 2927 776 2989 tinuit,
801 2928 934 2979 etin
956 2927 1348 2995 peregrinorum
1382 2929 1544 2979 etiam
1577 2944 1664 2980 ore
1696 2926 1981 2996 aliquando
2014 2926 2252 2980 notanda
2284 2934 2378 2991 est,
2402 2925 2607 2994 aliquot

601 3012 786 3065 saltem
810 3014 1018 3065 saeculis
1051 3012 1243 3065 abhinc
1278 3014 1537 3082 originem
1570 3015 1809 3067 traxisse.
1883 3014 1969 3067 De
2005 3013 2192 3067 caussa
2225 3012 2366 3077 vero,
2392 3028 2512 3081 quae
2547 3011 2606 3064 in

598 3101 716 3169 lege
738 3100 847 3153 late
872 3101 930 3152 in
951 3099 1035 3153 his
1059 3101 1212 3153 rebus
1238 3100 1543 3154 dominante
1565 3104 1737 3170 posita
1762 3109 1857 3166 est,
1880 3101 2023 3155 alius
2047 3102 2148 3154 erit
2168 3101 2270 3153 loci
2296 3099 2561 3153 disserere.

673 3188 839 3258 Kyrie
879 3188 1092 3241 eleison.
1131 3187 1341 3241 Christe
1383 3188 1620 3257 eleison.]
1663 3188 1751 3242 Sic
1793 3187 1930 3256 (sine
1969 3188 2135 3241 altero
2176 3186 2349 3257 Kyrie
2388 3183 2605 3253 eleison)

667 3324 685 3348 ⁸
707 3323 725 3347 ⁸
760 3317 874 3365 Seil.
909 3324 1018 3381 post
1054 3318 1202 3365 Dom.
1227 3320 1249 3365 1
1284 3319 1336 3365 in
1367 3318 1787 3380 Quadragesima;
1822 3334 1981 3381 neque
2002 3319 2134 3366 enim
2156 3334 2185 3365 a
2209 3317 2382 3380 Capite
2404 3316 2437 3364 J
2439 3316 2609 3379 eJunii,

600 3402 770 3449 verum
793 3415 822 3446 a
843 3400 1103 3447 Dominica
1120 3400 1276 3463 prima
1291 3401 1343 3448 in
1360 3400 1392 3447 J
1395 3400 1559 3462 ejunio
1575 3400 1749 3462 incipit
1765 3406 1960 3463 tempus
1984 3402 2348 3461 Qaadragesima
2362 3404 2606 3455 vocatum,

604 3489 652 3533 et
673 3481 726 3529 in
744 3481 1004 3530 Breviariis
1029 3481 1389 3546 quadripartitis
1415 3480 1496 3543 (ut
1516 3487 1632 3529 sunt
1651 3480 1909 3543 hodierna)
1933 3482 2061 3529 Pars
2088 3482 2313 3530 Vernalis.
