2910 4457
236 419 269 480 s
293 418 507 483 61—63)

235 566 399 631 entia)
424 566 739 630 exprimitur.
768 566 992 617 Duobus
1012 582 1137 615 vero
1154 604 1167 627 ,
1189 566 1271 615 in-

231 632 476 682 tellectus
497 639 549 681 et
567 632 799 696 operatio
816 632 1131 698 designatur.
1143 632 1272 681 Uni-

233 715 300 749 us
319 704 491 747 autem
512 698 697 747 talenti
725 699 936 747 nomine
960 704 1274 748 tantummo-

234 765 305 814 do
324 765 622 814 intellectus
648 764 969 829 designatur.

301 832 350 894 R
383 833 430 879 9.
474 830 628 879 Miles
678 829 872 879 Christi
911 829 1160 895 gloriose,
1204 827 1274 877 N.

235 896 583 958 sanctissime,
603 897 718 946 Tuo
736 897 822 961 pio
836 897 1137 945 interventu
1151 894 1273 944 Cul-

233 979 333 1028 pas
364 968 571 1010 nostras
612 961 782 1011 ablue.
829 959 895 1014 V.
930 962 1002 1009 Ut
1044 961 1272 1011 coelestis

231 1029 388 1094 regni
399 1027 574 1077 sedem
584 1029 853 1077 valeamus
869 1027 1136 1076 scandere.
1156 1028 1272 1075 Tuo

237 1094 335 1160 [—
358 1092 548 1292 abluess.
584 1094 766 1143 Gloria
801 1092 894 1158 [—
919 1093 1007 1158 Sp.
1035 1091 1107 1158 S.]
1149 1091 1272 1142 Cul-

235 1176 334 1227 pas
363 1158 432 1225 [n.
459 1174 503 1208 a.

307 1224 364 1292 [ἕ
392 1222 511 1280 62.
584 1224 722 1275 Ante
761 1224 969 1275 Laudes
1039 1221 1129 1277 Vs.
1167 1223 1275 1272 Ora

233 1309 332 1358 pro
351 1293 521 1354 nobis,
545 1292 697 1341 beate
716 1290 783 1339 N.
811 1289 922 1356 [Bm.
996 1296 1018 1338 t
1036 1289 1182 1354 digni
1200 1290 1272 1337 ef-

234 1359 474 1408 ficiamur
496 1357 933 1423 promissionibus
960 1353 1187 1420 Christi]

306 1423 408 1474 Iste
435 1422 510 1477 Vs
539 1422 732 1472 dicitur
763 1438 960 1485 semper
990 1430 1110 1472 ante
1132 1421 1273 1470 Lau-

234 1490 328 1541 des
348 1490 407 1539 in
428 1489 582 1555 festis
615 1504 793 1538 ‘novem
815 1489 925 1538 lect.
960 1486 1119 1536 Unius
1147 1486 1276 1536 Gon-

220 1556 457 1623 fessoris,
494 1554 721 1667 Indfestie
738 1570 855 1604 vero
883 1553 1039 1602 trium
1067 1553 1176 1602 lect.
1201 1551 1276 1605 Vs

234 1624 453 1672 Justum
483 1621 547 1670 de
585 1621 698 1669 uxit
732 1620 784 1683 (ἓ
821 1619 905 1683 60)
945 1620 1026 1669 vel
1048 1617 1124 1672 Vs
1146 1619 1272 1668 Jus-

235 1694 325 1737 tus
349 1694 408 1736 ut
428 1687 600 1752 palma
624 1686 675 1748 (ἓ
699 1687 802 1749 61).

437 1754 502 1802 ΙΝ
525 1754 835 1814 LAunums,
859 1750 982 1801 Ant.
1011 1755 1055 1800 1.

330 1833 431 1869 ccc
451 1818 708 1868 Sacerdos
726 1834 967 1884 magnus,
987 1817 1148 1880 quiin
1168 1816 1274 1865 die-

233 1833 441 1947 Εὔας
477 1886 586 1934 suis
620 1883 819 1949 placuit
849 1884 982 1944 Deo,
1019 1888 1069 1932 et
1091 1884 1274 1931 inven-

232 1959 325 2000 tus
372 1958 451 2001 est
487 1952 680 2014 justus.
729 1947 817 1998 Pe.
856 1948 973 1998 Dfis
1019 1950 1274 2013 regnavit.

258 2034 306 2067 v.
331 2019 361 2077 ἓ
384 2020 430 2068 5.

238 2017 255 2083 ί
303 2085 369 2132 A.
397 2017 450 2133 2.]
466 2084 584 2132 Non
609 2088 689 2130 est
705 2082 953 2129 inventus
976 2079 1159 2128 similis
1180 2079 1276 2141 illi,

235 2152 328 2213 qui
362 2154 698 2200 conservaret
730 2148 901 2211 legem
924 2144 1150 2195 Excelsi.
1187 2144 1275 2195 Pe.

232 2215 470 2266 Jubilate
495 2216 609 2264 Deo
637 2215 804 2263 omnis
830 2217 983 2262 terra.

304 2282 370 2331 A.
410 2286 454 2332 3.
488 2281 685 2331 Fidelis
722 2294 906 2329 servus
945 2284 996 2327 et
1029 2277 1275 2342 prudens,

243 2364 401 2412 quem
424 2348 695 2397 constituit
711 2345 827 2395 Dfis
854 2360 1013 2410 supra
1028 2344 1279 2394 familiam

243 2429 409 2465 suam.
446 2412 531 2463 Pe.
554 2415 698 2462 Deus
722 2414 867 2461 Deus
891 2426 1053 2460 meus.

310 2480 375 2529 A.
393 2483 440 2528 4.
467 2480 661 2529 Beatus
678 2478 768 2527 ille
788 2492 970 2528 servus
990 2493 1143 2540 quem
1161 2491 1280 2525 cum

242 2547 448 2596 venerit
479 2543 595 2594 Dfls
640 2551 691 2593 et
729 2543 1016 2608 pulsaverit
1044 2543 1278 2606 januam,

243 2618 297 2661 et
312 2612 573 2661 invenerit
591 2626 708 2660 eum
724 2610 1045 2674 vigilantem.
1068 2606 1156 2673 [V.
1168 2608 1278 2657 An-

242 2676 366 2743 ποι]
393 2676 481 2727 Ps.
505 2676 821 2726 Benedicite.

312 2745 377 2791 A.
401 2744 450 2792 5.
486 2743 647 2791 Serve
676 2743 814 2792 bone
851 2746 901 2790 et
933 2740 1119 2802 fidelis,
1142 2741 1282 2789 intra

244 2810 303 2857 in
343 2808 589 2873 gaudium
628 2807 735 2856 D‘fii
773 2808 866 2856 tui.
913 2805 999 2856 Pe.
1045 2806 1280 2855 Laudate

249 2873 395 2924 DYnn
419 2874 483 2923 de
509 2873 672 2923 coelis,

469 2938 657 3003 Cap'm.
683 2938 871 3002 (Eccl'i
892 2939 972 2985 44.
991 2938 1082 3001 D.)

340 3017 765 3055 nnnmcnomem
799 3003 1026 3053 omniurn
1049 3005 1283 3068 gentium

358 3072 502 3121 dedit
542 3071 622 3119 illi
655 3070 797 3132 Dfis3
834 3074 886 3117 et
917 3073 1282 3119 testamentum

246 3154 401 3188 suum
427 3137 754 3188 confirmavit
786 3150 942 3198 super
970 3142 1128 3199 caput
1153 3137 1281 3199 ejuS.

321 3204 541 3265 Quamdo
557 3203 754 3268 fiuntioe
766 3201 843 3250 vel
853 3200 916 3265 iij
921 3201 1156 3251 lectiones
1173 3218 1284 3252 cum

247 3271 500 3321 communi
553 3269 767 3320 historia
830 3266 989 3315 Unius
1040 3266 1191 3333 Cous,
1236 3277 1284 3318 et

248 3332 402 3387 Pone.
437 3345 589 3387 extra
632 3335 848 3400 Tempus
871 3331 1140 3394 Paschnle,
1164 3343 1285 3384 tunc

247 3401 454 3452 dicatur
477 3403 549 3452 ad
557 3401 779 3464 Laudes,
804 3407 852 3448 et
873 3398 946 3448 ad
974 3397 1211 3462 Tertiam,
1236 3411 1285 3451 et

248 3468 322 3517 ad
338 3469 380 3534 ij
406 3468 564 3533 Vesp„
582 3468 674 3517 hoc
698 3467 820 3531 Cap.
839 3465 1282 3519 Benedictionem.

252 3529 351 3597 [cf.
377 3537 406 3597 ξ
430 3536 508 3596 57,
533 3543 579 3584 et
601 3532 812 3600 Annon]
1032 3531 1284 3599 Hymnus.

326 3613 429 3648 Esu
451 3600 761 3664 Redemptor
786 3597 1032 3659 omnium,

248 3612 519 3730 &Perpes
545 3681 739 3715 corona
760 3663 1054 3731 praesulum,

250 3733 314 3780 In
336 3732 437 3781 hac
459 3732 542 3781 die
566 3731 868 3782 clementius

249 3798 453 3848 Nostris
476 3798 648 3847 faveto
673 3799 918 3860 vocibus;

841 432 1112 473 Poumflcls
1139 434 1305 473 Exnu
1332 434 1519 474 ‘fumus
1546 433 1806 479 luscium.

2289 419 2406 486 147

1440 567 1543 616 Tui
1567 568 1702 617 sacri
1727 582 1829 630 qua
1851 568 2078 618 nominis

1376 631 1663 683 Confessor
1687 633 1854 683 almus
1879 634 2067 683 claruit

1375 699 1540 762 Cujus
1567 699 1797 749 celebrat
1820 715 1997 749 annua

1373 765 1584 814 Devota
1604 765 1755 830 plebs
1781 765 2035 815 solennia.

1441 830 1545 891 Qui
1566 832 1663 880 rite
1686 831 1867 880 mundi
1889 831 2081 896 gaudia

1371 896 1547 959 Hujus
1574 896 1772 946 caduca
1792 912 2064 961 respuens,

1375 961 1509 1012 Cum
1531 962 1732 1027 angelis
1758 962 2055 1013 coelestibus

1372 1029 1549 1077 Laetus
1571 1030 1768 1093 potitur
1790 1029 2032 1093 praemiis.

1440 1095 1613 1157 Hujus
1636 1094 1862 1159 benigne
1886 1110 2062 1144 annue

1372 1161 1539 1211 Nobis
1565 1161 1713 1223 sequi
1737 1161 1987 1225 vestigia:

1372 1227 1546 1290 Hujus
1568 1232 1782 1291 precatu
1804 1226 2026 1277 servulis

1372 1293 1589 1341 Dimitte
1613 1308 1804 1341 noxam
1829 1293 2076 1341 criminis.

1442 1359 1535 1420 Sit,
1560 1358 1779 1421 Christe,
1803 1359 1915 1406 Rex
1936 1359 2155 1423 piisime,

1374 1424 1495 1473 Tibi
1518 1424 1765 1488 Patrique
1789 1423 1985 1488 gloria3

1376 1491 1504 1540 Cum
1532 1491 1724 1555 Spiritu
1747 1490 2006 1540 Paraclito

1372 1556 1435 1604 In
1461 1557 1774 1621 sempiterna
1798 1555 2005 1605 saecula.
2044 1556 2229 1605 Amen.

1440 1620 1529 1674 Va.
1566 1622 1754 1672 Justus
1788 1622 2102 1686 germinabit
2127 1619 2281 1686 [sicut
2307 1619 2407 1668 lili-

1374 1703 1479 1737 um.
1509 1689 1603 1751 Ro.
1627 1689 1696 1737 Et
1717 1687 1923 1737 florebit
1943 1689 1999 1737 in
2019 1693 2270 1737 aeternum
2287 1692 2409 1736 ante

1375 1752 1516 1802 Dfim
1541 1791 1554 1804 .

1441 1753 1579 1869 Arda.
1616 1821 1763 1884 Euge
1796 1835 1945 1870 serve
1977 1819 2115 1869 bone
2141 1823 2192 1868 et
2213 1817 2408 1868 fidelis:

1374 1888 1546 2002 {2¹¹3}ae
1549 1902 1617 2001 ¹33
1622 1886 1957 2001 3015.ssssssssss
1960 1885 2143 2000 “3335
2145 1884 2412 2000 ῙέἑέἻὲἰ

1376 2018 1693 2068 Benedictus
1720 2018 1790 2082 (p.
1820 2018 1921 2081 15).
1953 1989 1965 2013 ’

1451 2083 1630 2133 Oratio
1652 2091 1708 2132 ut
1730 2100 1906 2147 supra.

1441 2149 1490 2199 ⁴1·
1506 2148 1568 2199 Si
1586 2149 1839 2214 duofesta
1857 2148 2010 2197 unius
2027 2146 2177 2212 Cons.
2192 2154 2240 2197 et
2257 2144 2409 2195 Po‘nt.

1374 2216 1526 2267 simul
1558 2215 1870 2281 continqant,
1904 2222 2025 2264 tunc
2043 2214 2149 2280 fiat
2169 2212 2413 2263 memoria

1376 2284 1441 2333 de
1476 2282 1580 2332 alio
1603 2282 1743 2347 festo
1779 2298 1890 2331 cum
1923 2280 2019 2329 hac
2051 2279 2172 2341 asna,
2203 2280 2309 2328 Iste
2333 2284 2413 2327 est

1378 2350 1468 2413 qui
1491 2353 1611 2396 ante
1633 2349 1818 2396 Deum.
1841 2347 2044 2411 require
2060 2346 2195 2395 hanc
2214 2353 2322 2394 ant.
2339 2344 2413 2394 ad

1375 2415 1420 2481 ij
1451 2413 1622 2478 Vesp's
1658 2413 1817 2463 Unius
1855 2412 2005 2476 Conf.
2039 2420 2087 2462 et
2113 2409 2267 2461 Pone.

1443 2479 1532 2541 vs,
1556 2480 1744 2529 «Iustus
1766 2484 1825 2527 ut
1846 2477 2022 2543 palma
2046 2477 2097 2542 (ὅ
2122 2477 2225 2540 61).

1452 2545 1630 2595 Oratio
1664 2554 1723 2595 ut
1744 2561 1921 2609 supra.

1444 2610 1482 2676 ξ
1511 2610 1665 2675 68.)
1690 2611 1777 2660 An
1796 2612 2053 2659 Panum
2088 2609 2153 2658 A.
2171 2611 2310 2658 Ecce
2329 2624 2411 2658 sa-

1381 2679 1563 2729 cerdos
1599 2679 1651 2743 (ἓ
1675 2677 1781 2739 62).

1446 2743 1535 2795 Pe.
1566 2747 1713 2794 Deus
1746 2746 1802 2792 in
1824 2742 2050 2791 nomine.
2075 2739 2209 2806 [ὤας
2228 2757 2272 2789 υ.
2292 2741 2323 2800 ἓ
2342 2738 2408 2805 6.]

1444 2812 1532 2860 An
1557 2813 1837 2860 Taurum.
1872 2806 1937 2856 A.
1972 2808 2090 2857 Non
2123 2811 2203 2855 est
2227 2806 2411 2855 inven-

1380 2884 1465 2927 tus
1487 2878 1554 3008 ](§
1581 2877 1684 2940 62).
1711 2875 1797 2926 Pe.
1821 2874 2016 2939 Legem
2033 2888 2186 2938 pone.
2208 2870 2340 2937 [ὤας
2363 2888 2409 2921 υ.

1382 2948 1412 3008 ἓ
1453 3009 1577 3072 Cap.
1608 3006 2051 3056 Benedictionem.

1445 3077 1510 3139 R.
1546 3073 1769 3150 Amavit‘
1789 3088 1905 3122 eum
1937 3071 2074 3153 Dfisu,
2103 3073 2172 3121 Et
2207 3071 2413 3121 ornavit

1381 3139 2309 3270 iffmsttssn‘gffiaeefflssnssaffi‘ffi
2331 3133 2411 3250 §.tl

1382 3274 1530 3322 navit
1554 3270 1725 3337 [eum].
1745 3271 1924 3320 Gloria
1943 3270 2038 3335 [—
2057 3270 2144 3334 Sp.
2167 3268 2237 3334 S.]
2256 3269 2411 3316 Ama—

1381 3340 1461 3388 vit
1486 3337 1623 3404 [eum
1644 3365 1710 3373 —
1734 3335 1887 3401 eum].

1448 3404 1538 3466 ve,
1569 3404 1606 3453 J
1608 3410 1781 3452 ustum
1808 3401 2022 3451 deduxit
2038 3400 2089 3465 (ἓ
2104 3398 2206 3462 58).

1458 3469 1635 3519 Oratio
1659 3477 1717 3518 ut
1737 3485 1913 3532 supra.

1447 3537 1535 3586 An
1584 3535 1830 3583 Saxum.
1886 3532 1951 3581 A.
1996 3531 2190 3581 Fidelis
2231 3544 2412 3580 servus

1386 3603 1438 3668 (ἓ
1462 3602 1564 3666 62).
1589 3598 1676 3650 Pe.
1701 3600 1924 3649 Defecit.
1954 3597 2062 3664 [ιῧο.
2077 3616 2092 3647 .·
2116 3614 2160 3646 v.
2185 3597 2216 3657 ξ
2239 3595 2304 3662 6.]

1651 3665 1775 3729 Gap.
1800 3664 1938 3729 (Ubi
1957 3664 2157 3727 supra.)

1465 3745 1709 3783 oexovrr
1732 3747 1848 3780 eum
1879 3733 1934 3778 in
1957 3728 2410 3779 benedictionibus

1386 3744 1611 3859 (Usuisx
1654 3796 1986 3847 conservavit
2014 3795 2092 3844 illi
2125 3796 2412 3845 misericor-
