2910 4457
176 405 257 455 An
276 404 304 465 ἓ
322 403 540 473 74—77)
658 421 705 460 m
732 419 882 459 comt.
907 419 1115 460 nummu
1140 418 1503 466 consessomm
1520 419 1678 458 Exi-m
1706 419 1842 459 mm.
1868 418 2038 458 usca.
2193 424 2326 467 xxv

274 551 513 604 exhibeat
531 551 843 620 audiamus.]
864 552 952 604 Sic
967 553 1101 606 bene
1120 553 1191 603 L:
1210 554 1265 603 in
1282 554 1346 618 A,
1371 551 1691 605 “exhibebit:
1711 550 2032 602 audiamus,'’

269 635 605 688 Discumbere
626 637 816 703 quippe
833 641 1086 701 nostrum,
1104 641 1183 688 est
1200 636 1256 686 in
1275 642 1469 687 aeterno
1487 651 1654 703 regno
1675 632 1981 701 quiescere.]
2003 633 2065 686 In
2084 635 2144 699 L,
2167 635 2261 687 “D.
2279 653 2328 702 q.

180 719 258 768 “in
274 735 435 786 regno
457 720 724 785 quiescere
744 718 870 772 est.'’
909 779 914 784 ,

268 802 370 852 Sed
389 809 526 853 certe
544 801 660 854 D‘fis
678 802 851 870 nobis]
876 803 962 855 Sic
979 804 1049 854 L:
1069 804 1126 854 in
1142 804 1206 868 A,
1230 803 1358 854 “Vel
1379 809 1516 856 certe
1534 804 1688 857 nobis
1708 800 1873 854 ms&

268 882 307 953 β
328 884 484 954 75.)
510 887 573 938 In
591 886 656 937 A.
679 891 724 951 1,
741 904 836 954 pro
862 887 1075 953 “justis’‘
1093 887 1136 937 L
1160 887 1380 953 “justo''.

268 971 325 1021 ln
342 971 409 1022 A.
428 974 473 1035 3,
492 987 586 1037 pro
611 971 753 1035 “ejus
773 973 931 1022 sunt”
951 971 1000 1020 A
1020 967 1173 1021 “sunt
1193 969 1353 1034 eJus''.

271 1054 333 1103 In
352 1055 398 1119 R
421 1058 470 1118 4,
487 1054 533 1103 L
555 1054 856 1104 “Laetamini
872 1054 929 1103 in
947 1051 1087 1118 nno,
1107 1059 1159 1104 et
1177 1053 1406 1105 exultate
1417 1052 1598 1119 justi.''

268 1136 330 1186 In
346 1137 473 1187 Leo.
493 1135 562 1202 6.)
582 1136 843 1187 custodiat
859 1136 948 1188 vel
965 1135 1265 1204 secundam]
1285 1136 1571 1188 secundam
1587 1134 1774 1188 saltem
1790 1135 2067 1190 custodiat.

268 1218 308 1287 9
330 1217 487 1288 76.)
514 1220 577 1270 In
594 1220 660 1271 A.
680 1225 727 1285 3,
745 1237 840 1286 pro
863 1221 1218 1285 “sequuntur”
1233 1220 1279 1269 L
1302 1218 1630 1271 “secuntur''.

271 1303 335 1355 In
352 1304 479 1355 Lec.
499 1304 566 1369 7.)
586 1302 783 1371 aperta]
806 1304 894 1354 Sic
911 1311 1050 1355 recte
1069 1304 1142 1354 L:
1166 1305 1222 1354 in
1240 1304 1288 1353 A
1310 1302 1565 1369 “aperte''.

287 1388 426 1450 Quia
441 1388 569 1438 viris
587 1387 697 1437 l.'in
713 1387 749 1438 l.
769 1388 851 1451 sit,
870 1389 908 1438 f.
925 1388 984 1437 in
999 1386 1072 1454 u.]
1092 1388 1155 1437 In
1171 1389 1233 1451 L,
1255 1386 1418 1438 “Ubi”
1439 1386 1600 1453 [Utitt]
1619 1387 1748 1438 viris
1766 1385 1800 1437 l.
1818 1389 1874 1437 in
1891 1387 1943 1451 l.,
1963 1389 2041 1439 sic
2058 1389 2094 1438 f.
2111 1389 2168 1438 in
2185 1387 2271 1440 u.'’

274 1470 444 1533 “Quia
465 1472 590 1521 viris
609 1471 815 1521 luxuria
839 1471 897 1521 in
923 1470 1114 1522 lumbis
1139 1472 1223 1534 sit,
1240 1471 1447 1521 feminis
1475 1471 1533 1521 in
1549 1470 1817 1535 umbilico,
1835 1476 2056 1522 testatur
2073 1471 2218 1535 Dfis3
2246 1473 2337 1536 qui

177 1552 268 1603 “de
298 1553 514 1605 diabolo
546 1553 614 1604 ad
639 1554 850 1606 beatum
873 1553 910 1603 J
914 1552 980 1604 ob
999 1553 1244 1618 loquitur,
1279 1552 1488 1604 dicens:
1517 1552 1695 1603 Virtus
1715 1554 1828 1619 ejus
1846 1554 1902 1604 in
1919 1553 2112 1606 lumbis
2134 1553 2263 1617 ejus,
2285 1559 2338 1603 et

175 1637 459 1687 ‘fortitudo
490 1638 602 1702 ejus
620 1637 677 1686 in
702 1636 951 1689 umbilico
970 1637 1168 1687 ventris
1188 1635 1347 1701 ejus.’'
1369 1664 1429 1677 --
1451 1636 1750 1687 Secundum
1783 1621 2059 1703 mysticam
2076 1636 2215 1686 hanc
2232 1635 2339 1686 loci

172 1720 208 1770 J
212 1720 468 1786 obiani(⁰)
498 1719 920 1786 applicationem,
952 1720 1007 1768 in
1028 1725 1250 1784 utroque
1274 1734 1402 1770 sexu
1420 1718 1690 1770 honestior
1710 1719 1946 1783 quaedam
1965 1719 2198 1785 corporis
2219 1732 2340 1785 pars

171 1819 265 1869 pro
272 1802 571 1871 fiqurativa
586 1802 808 1853 luxuriae
826 1801 949 1852 sede
969 1802 1186 1868 capitur.
1203 1801 1330 1852 Ideo
1349 1806 1521 1852 autem
1539 1802 1594 1851 in
1604 1803 1722 1868 ipso
1737 1801 1947 1853 diabolo
1959 1801 2153 1852 eaedem
2167 1807 2342 1868 partes

172 1888 455 1954 potestatis
484 1887 597 1952 ejus
629 1886 782 1937 sedes
812 1902 926 1937 esse
948 1885 1202 1949 dicuntur,
1228 1884 1368 1951 quod
1385 1902 1479 1952 per
1495 1887 1626 1936 vitia
1643 1902 1760 1951 quae
1779 1886 1836 1935 in
1851 1886 1969 1951 ipso
1991 1885 2339 1948 dominantur,

171 1977 223 2021 ct
252 1987 371 2036 quae
401 1987 499 2038 per
529 1970 679 2022 sedes
707 1969 841 2020 tales
871 1970 1226 2037 designantur,
1256 1985 1356 2021 nos
1384 1969 1486 2021 sibi
1511 1969 1706 2021 similes
1722 1969 1939 2020 reddere
1957 1974 2191 2032 conatur,
2220 1974 2272 2019 et
2287 1970 2344 2018 ni

170 2057 301 2106 satis
316 2058 367 2106 ei
376 2054 688 2117 restistatur,
705 2054 888 2104 reddit.
907 2054 1254 2116 Quantumvis
1273 2059 1449 2103 tamen
1466 2052 1602 2105 bene
1621 2057 1673 2103 et
1688 2053 1954 2104 fructuose
1964 2054 2021 2103 in
2035 2052 2343 2120 euangelico

170 2138 233 2188 de
251 2129 527 2203 lumbis(¹’)
555 2136 891 2204 accingendis
908 2136 1028 2186 loco
1048 2137 1208 2187 tacita
1225 2136 1293 2186 ad
1306 2136 1362 2186 id
1371 2136 1572 2199 vitium,
1591 2140 1775 2185 contra
1787 2135 1928 2201 quod
1941 2136 2172 2187 omnium
2182 2136 2344 2188 maxi·

167 2238 249 2272 me
268 2222 325 2272 in
348 2221 561 2274 lubrico
585 2220 890 2289 plerumque
907 2225 1120 2285 stamus,
1140 2219 1328 2271 allusio
1347 2219 1517 2271 videri
1534 2218 1791 2286 potestO‘),
1822 2236 2154 2285 nequaquam
2170 2224 2344 2271 tamen

169 2304 602 2357 obliviscendum
625 2310 719 2368 est,
747 2320 959 2357 sensum
994 2305 1106 2370 ejus
1126 2305 1476 2369 principalem
1500 2304 1557 2353 in
1578 2302 1769 2354 usitata
1795 2304 2021 2355 vestium
2056 2304 2345 2355 cinctarum

165 2389 581 2457 significatione,
604 2389 659 2437 in
681 2389 756 2438 ita
780 2387 1017 2438 ordinato
1045 2403 1233 2453 nempe
1250 2388 1410 2437 totius
1428 2386 1655 2437 hominis
1675 2391 1829 2449 statu,
1859 2386 2196 2452 quaerendum
2212 2402 2345 2449 esse,

167 2480 225 2522 ut
258 2486 585 2537 quocunque
613 2471 860 2537 temporis
888 2476 1150 2521 momento
1179 2470 1246 2521 ad
1273 2476 1478 2535 portam
1499 2471 1728 2522 Domino
1747 2469 2080 2537 aperiendam
2096 2470 2265 2536 parati
2283 2470 2348 2521 si-

165 2571 299 2606 mus.
326 2554 481 2606 Talis
502 2560 679 2606 autem
703 2560 884 2617 status,
901 2582 965 2590 —
984 2554 1188 2604 etiamsi
1208 2569 1301 2619 per
1317 2553 1539 2605 luxuriae
1555 2556 1741 2606 vitium
1759 2554 1990 2604 omnium
2005 2552 2216 2619 plurimi
2232 2566 2347 2617 gra-

163 2641 293 2689 tiam
319 2638 569 2689 divinam
592 2638 823 2688 amittere
847 2637 1106 2701 videntur,
1132 2664 1196 2674 —
1218 2652 1327 2688 non
1349 2643 1525 2689 tamen
1555 2639 1612 2688 in
1637 2637 1741 2689 hoc
1761 2641 1980 2699 tantum,
2015 2635 2108 2686 sed
2130 2636 2188 2686 in
2210 2633 2351 2684 omni

163 2723 296 2772 vitio
341 2720 604 2773 evitando
611 2757 626 2785 ,
662 2721 906 2785 omnique
936 2721 1150 2786 insuper
1182 2719 1520 2787 negligentiae
1553 2721 1847 2787 torporisve
1881 2734 2073 2785 genere
2106 2716 2350 2781 arcendo,

163 2813 413 2857 constare
431 2803 773 2854 manifestum
792 2810 886 2855 est.

264 2891 328 2940 In
347 2890 399 2955 B
417 2891 466 2952 8,
486 2902 588 2955 pro
614 2887 698 2937 “in
716 2886 1012 2951 aeternum'',
1032 2887 1075 2937 L
1099 2888 1183 2938 “in
1202 2889 1552 2955 generacione
1569 2893 1621 2938 et
1637 2883 2091 2954 generacionem'':
2114 2900 2167 2936 v.
2196 2885 2349 2936 Fasc.

169 2975 212 3037 Ι,
237 2989 290 3040 p.
313 2973 431 3022 xiii.

264 3064 305 3135 δ
326 3062 497 3134 ¹7⁷.)
536 3072 572 3119 J
576 3075 882 3120 USTORUM
903 3070 1078 3116 autem
1095 3062 1298 3130 animae]
1316 3061 1567 3127 “autem'’,
1584 3061 1674 3113 hic
1690 3065 1743 3112 et
1760 3060 1827 3112 ad
1842 3061 2084 3125 Primam,
2102 3075 2212 3111 non
2228 3060 2352 3114 item

162 3160 231 3210 ad
252 3158 451 3225 Vesp's
470 3158 543 3221 II,
565 3172 667 3207 om.
683 3156 746 3207 L.

236 3286 284 3351 ⁰)
306 3285 442 3350 Cap.
460 3283 583 3345 XL,
607 3286 663 3331 11
682 3300 694 3331 ε
713 3283 769 3331 in
788 3281 944 3349 Vulg.
966 3283 1221 3333 “Fortitu-

165 3352 264 3402 “do
291 3352 410 3415 ejus
428 3376 529 3412 —,
552 3354 608 3399 et
623 3348 790 3399 virtus
808 3348 949 3399 illius
968 3378 1032 3388 —
1054 3349 1220 3413 ejus.'’

1320 3282 1440 3333 ideo
1465 3286 1670 3332 tantum
1700 3287 1847 3331 extra
1876 3294 2148 3330 numerum
2172 3279 2352 3343 singu-

1319 3349 1483 3399 larem
1498 3348 1778 3410 invenitur,
1804 3346 1945 3412 quod
1963 3360 2071 3395 non
2089 3344 2155 3394 ad
2175 3344 2353 3409 singu-

163 3419 244 3468 De
260 3433 366 3468 usu
385 3422 577 3467 autem
597 3416 705 3481 ejus
722 3421 775 3465 et
789 3414 930 3465 illiue
946 3432 998 3466 v.
1017 3416 1084 3466 ad
1096 3418 1127 3477 ὃ
1140 3418 1221 3466 54.

239 3484 284 3550 b)
309 3486 375 3534 In
422 3489 662 3546 utroque
705 3481 841 3544 locO,
889 3488 997 3532 tam
1033 3484 1071 3532 J
1075 3483 1216 3533 obia-

161 3568 233 3601 no
269 3566 434 3618 quam
472 3547 820 3614 euangelicO,
848 3548 1005 3599 lumbi
1037 3550 1218 3599 Graecc

162 3625 287 3667 sunt
332 3616 529 3684 ὀσφύςι
580 3630 705 3664 nam
753 3614 892 3679 quod
936 3615 1122 3665 Latine
1164 3615 1222 3663 in

158 3683 374 3752 plurali,
411 3682 692 3736 Hebraico
715 3681 772 3730 in
797 3680 939 3731 duali
972 3680 1223 3746 (mothna-

144 3747 738 3886 ...220⁰
780 3747 1223 3799 ”f

1320 3415 1417 3477 los,
1448 3414 1542 3465 sed
1561 3413 1628 3464 ad
1644 3415 1939 3475 univerSOS,
1959 3410 2243 3478 discipulos
2267 3425 2352 3460 su-

1322 3498 1381 3532 os
1405 3482 1664 3532 Dominus
1688 3481 1949 3545 loquatur.

1410 3547 1450 3613 c)
1488 3549 1681 3598 Confer
1745 3561 1860 3610 quae
1920 3544 1983 3595 de
2045 3543 2096 3593 S.
2153 3540 2356 3592 Thoma

1322 3614 1604 3679 Aquinate,
1650 3615 1708 3662 in
1748 3610 1982 3676 ejusdem
2023 3608 2245 3671 Officio„
2271 3608 2354 3658 die

1320 3680 1500 3730 Martii
1555 3684 1600 3741 7,
1649 3678 1878 3728 lectione
1932 3681 1980 3740 4,
2032 3676 2358 3727 Breviarium

1321 3748 1615 3797 Romanum
1648 3744 1715 3796 ad
1739 3745 1879 3794 hanc
1910 3759 2020 3795 rem
2042 3741 2359 3809 pertinentia

1322 3820 1513 3865 narrat.

1865 3930 1895 3967 Ε
