2910 4457
1003 385 1075 424 An
1115 384 1441 426 nammis.
2192 365 2268 426 37

200 495 331 543 ficati
352 492 547 542 suerint
565 497 616 542 et
633 492 834 543 exaltati
859 493 1185 555 mencientes,

200 556 633 617 quemadmodum
655 555 829 604 fumus
847 556 1095 605 deficient.

242 618 568 669 Mutuabitur
577 623 820 677 peccator,
832 621 880 665 et
891 630 990 665 non
1002 618 1185 667 solvet:

195 680 366 741 justus
386 685 558 728 autem
582 680 850 727 miseretur
880 684 928 727 et
949 679 1151 727 tribuet.

259 741 1188 802 Quiabenedicenteseihaereditabunt

196 808 387 913 terrzm
418 818 431 851 ε
454 803 808 851 maledicentes
825 809 994 852 autem
1016 803 1060 851 ei
1082 803 1188 851 dis-

196 866 301 925 peri
341 868 457 912 unt.

258 927 417 986 Apud
438 927 574 974 Dum
598 937 802 984 gressus
820 925 1045 974 hominis
1062 925 1189 975 diri-

196 995 414 1049 gentur:
436 993 484 1036 et
504 988 639 1035 viam
660 987 702 1046 ej
711 999 771 1035 us
790 988 937 1036 volet.

261 1051 394 1100 Cum
448 1050 699 1107 ceciderit,
753 1062 853 1097 non
895 1048 1183 1097 collidetur:

196 1114 320 1173 quia
341 1112 452 1160 Diis
472 1111 711 1170 supponit
734 1122 944 1159 manum
968 1122 1135 1157 suam.

262 1174 446 1222 Junior
469 1172 559 1230 fui,
590 1173 776 1220 etenim
808 1172 984 1221 senui:
1005 1176 1054 1219 et
1088 1183 1187 1220 non

197 1234 304 1284 vidi
333 1236 536 1294 Justum
566 1233 880 1293 derelictum,
909 1246 999 1282 nec
1018 1245 1189 1282 semen

198 1297 310 1357 ejns
329 1308 562 1358 quaerens
585 1308 785 1355 panem.

264 1359 389 1406 Tota
410 1359 493 1406 die
512 1358 779 1405 miseretur
800 1361 847 1405 et
875 1357 1189 1405 commodat:

201 1425 250 1468 et
268 1432 439 1468 semen
465 1418 604 1466 illius
623 1420 678 1466 in
701 1419 1042 1467 benedictione
1075 1418 1189 1466 erit.

261 1482 468 1529 Declina
488 1493 519 1528 a
548 1480 699 1538 mam,
723 1484 772 1527 et
792 1480 865 1528 sac
887 1481 1078 1528 bonum
1099 1494 1112 1529 ε
1143 1485 1192 1528 et

202 1543 428 1591 inhabita
449 1543 503 1590 in
524 1542 765 1591 saeculum
785 1542 972 1590 saeculi.

263 1604 398 1665 Quia
429 1605 542 1652 Diis
573 1609 711 1651 amat
733 1603 988 1662 judicium
1009 1607 1057 1651 et
1088 1615 1191 1650 non

201 1667 514 1728 derelinquet
544 1670 743 1714 sanctos
774 1677 928 1714 suos:
962 1666 1015 1713 in
1050 1670 1194 1713 aeter-

203 1741 327 1776 num
350 1728 801 1776 conservabuntur.

263 1790 450 1850 Injusti
484 1790 793 1848 punientur:
826 1791 875 1837 et
896 1800 1067 1837 semen
1101 1788 1193 1836 im-

205 1852 404 1911 piorum
429 1850 630 1910 peribit.

264 1913 295 1961 J
300 1914 398 1961 usti
411 1918 579 1960 autem
593 1911 965 1960 haereditabunt
974 1916 1160 1960 terram
1174 1925 1188 1959 z

203 1980 252 2024 et
282 1974 643 2024 inhabitabunt
675 1975 729 2022 in
753 1973 995 2022 saeculum
1023 1972 1194 2022 saeculi

205 2048 354 2095 supcr
370 2048 503 2084 eam.

266 2098 337 2147 Os
365 2098 497 2158 J'usti
519 2098 840 2146 meditabitur
862 2096 1191 2157 sapientiam:

204 2165 252 2209 et
275 2160 456 2219 lingua
481 2159 593 2217 ejus
613 2159 839 2217 loquetur
856 2159 1129 2218 jndicium.

265 2223 370 2270 Lex
399 2219 495 2268 Dei
525 2219 637 2279 ejus
667 2220 720 2268 in
742 2221 884 2270 corde
917 2221 1113 2281 ipsius:
1147 2223 1195 2269 et

207 2296 308 2332 non
342 2280 805 2341 supplantabuntur
829 2296 1031 2343 gressus
1062 2283 1192 2342 ejuS.

267 2344 570 2394 Considerat
611 2349 828 2403 peccator
864 2346 1065 2404 justum
1095 2360 1108 2393 z
1147 2350 1220 2392 et>

206 2407 389 2467 quaerit
410 2405 713 2454 mortificare
732 2419 868 2454 euni.

267 2469 378 2516 Dr'is
409 2474 579 2515 autem
612 2481 710 2516 non
739 2468 1054 2527 derelinquet
1074 2478 1192 2515 eum

206 2530 260 2577 in
281 2530 522 2578 manibus
533 2530 671 2587 ejus:
693 2542 781 2578 nec
797 2530 1058 2579 damnabit
1076 2542 1194 2577 eum

208 2590 325 2639 cum
343 2591 656 2650 iudicabitur
677 2591 770 2640 illi.

266 2652 479 2711 Expecta
518 2653 686 2711 Dum,
729 2659 776 2701 et
816 2652 1012 2701 custodi
1057 2652 1192 2700 viam

207 2713 344 2775 eJus;
379 2720 427 2762 et
456 2715 690 2763 exaltabit
710 2720 783 2772 te,
819 2720 878 2761 ut
909 2715 1196 2763 haereditate

207 2777 375 2835 rapias
394 2780 580 2823 terram
598 2792 612 2826 ε
634 2775 752 2824 cum
773 2776 1014 2835 perierint
1035 2788 1196 2835 pecca-

208 2842 354 2896 toreS‚
378 2838 588 2886 videbis,
939 2884 942 2885 a

267 2899 388 2947 Vidi
421 2900 639 2958 impium
664 2898 1119 2957 superexaltatum:
1147 2905 1195 2948 et

208 2960 456 3009 elevatum
478 2962 613 3010 sicut
632 2961 804 3009 cedros
824 2960 1024 3009 Libani.

265 3022 331 3071 Et
379 3023 623 3082 transivi,
673 3028 722 3070 et
767 3035 876 3071 ecce
917 3035 1018 3071 non
1058 3028 1194 3071 erat:

204 3084 418 3144 quaesivi
449 3097 596 3143 eum,
639 3089 689 3133 et
720 3097 820 3133 non
851 3089 926 3133 est
958 3084 1196 3133 inventus

203 3145 344 3194 locus
360 3147 491 3206 eJus.

267 3207 479 3257 Custodi
542 3208 912 3267 innocentiam,
978 3211 1027 3255 ct
1084 3206 1196 3255 vide

202 3270 493 3329 {equitatem
518 3285 532 3319 t
566 3270 805 3330 quoniam
828 3273 951 3319 sunt
973 3268 1197 3328 reliquiae

202 3331 401 3379 homini
426 3332 648 3390 pacificO.

265 3393 453 3451 InJusti
475 3398 645 3441 autem
667 3394 987 3453 disperibunt
1010 3391 1194 3441 simul:

200 3453 430 3513 reliquiae
453 3455 727 3514 impiorum
751 3454 1047 3503 interibunt.

264 3516 415 3564 Salus
437 3522 605 3564 autem
634 3517 890 3576 justorum
923 3529 952 3564 a
975 3516 1084 3563 nno
1109 3530 1122 3563 ι
1147 3520 1189 3563 et

1283 498 1530 567 protector
1552 505 1729 544 eorum
1749 497 1825 543 est
1849 494 1904 543 in
1938 497 2159 555 tempore
2180 495 2275 543 tri-

1283 557 1691 678 huffttffiss'tfrabit
1721 629 1804 668 eos
1823 617 1949 675 Dim,
1971 622 2020 665 et
2040 616 2275 665 liberabit

1282 692 1367 728 eos
1409 695 1422 729 ε
1461 686 1510 728 et
1550 685 1689 729 eruet
1722 694 1805 729 eos
1841 693 1870 728 a
1913 680 2269 740 peecatoribuS,

1282 746 1331 813 et
1377 742 1594 790 salvabit
1631 754 1746 799 eos,
1790 742 1910 802 quia
1944 746 2273 802 speraverunt

1284 815 1339 851 m
1360 815 1437 851 eo.

1535 891 1778 939 Psalmus
1809 890 2020 951 xxxvii.

1283 986 1541 1096 Domine
1581 998 1644 1034 ne
1676 986 1729 1034 in
1773 985 1940 1034 rurore
1973 990 2060 1033 tuo
2090 999 2277 1048 arguas

1374 1061 1481 1097 mc:
1497 1061 1655 1108 neque
1669 1048 1721 1095 in
1736 1048 1810 1096 ira
1823 1053 1908 1096 tua
1921 1048 2164 1107 corripias
2175 1062 2276 1098 me..

1347 1110 1605 1170 Quoniam
1627 1110 1822 1170 sagittoe
1853 1117 1950 1159 tuae
1972 1111 2135 1159 inlixae
2155 1117 2278 1159 sunt

1286 1173 1416 1221 mihi
1439 1188 1453 1222 ς
1476 1177 1525 1220 et
1548 1172 1858 1221 confirmasti
1891 1185 2041 1233 super
2065 1184 2146 1220 me
2167 1184 2277 1221 ma-

1287 1246 1413 1282 num
1435 1239 1596 1283 tuam.

1348 1296 1462 1344 Non
1495 1301 1570 1344 est
1608 1295 1800 1344 sanitas
1832 1296 1884 1344 in
1920 1308 2070 1344 carne
2101 1308 2213 1344 mea
2245 1309 2276 1344 a

1289 1355 1412 1405 faeie
1444 1357 1532 1404 irae
1552 1362 1650 1405 tuae
1674 1372 1688 1406 ε
1711 1370 1811 1405 non
1846 1362 1921 1405 est
1954 1370 2047 1416 pax
2079 1359 2278 1406 ossibus

1286 1419 1418 1466 meis
1458 1431 1487 1466 a
1521 1418 1643 1466 facie
1674 1424 1986 1477 peccatorum
2022 1431 2274 1466 meorum.

1352 1479 1610 1539 Quoniam
1643 1480 1938 1538 iniquitates
1958 1492 2081 1527 meae
2102 1492 2280 1538 super-

1291 1554 1473 1602 gressae
1505 1546 1626 1588 sunt
1658 1546 1807 1599 caput
1833 1552 2035 1589 meum:
2068 1547 2117 1588 et
2147 1542 2281 1588 sicut

1288 1616 1420 1651 onus
1441 1614 1593 1663 grave
1614 1607 1830 1663 gravatae
1850 1606 1973 1650 sunt
2004 1614 2155 1662 super
2177 1615 2277 1652 me.

1349 1667 1666 1713 Putruerunt
1686 1669 1733 1713 ct
1746 1669 1992 1724 corruptae
2011 1671 2134 1712 sunt
2154 1665 2279 1713 cica-

1289 1727 1439 1775 trices
1455 1739 1578 1775 meae
1594 1742 1607 1776 :
1628 1739 1656 1775 a
1671 1727 1794 1775 facie
1809 1726 2115 1785 insipientiae
2137 1739 2278 1775 meae.

1351 1789 1510 1839 Miser
1524 1788 1684 1837 tactus
1695 1801 1828 1848 sum,
1843 1794 1890 1837 et
1907 1795 2147 1838 curvatus
2160 1801 2278 1838 sum

1289 1862 1449 1910 usque
1472 1852 1524 1898 in
1538 1851 1691 1899 finem
1708 1866 1721 1901 ε
1744 1856 1846 1899 tota
1858 1851 1940 1899 die
1950 1851 2280 1899 contristatus

1288 1913 1626 1972 ingrediebar.

1352 1974 1608 2034 Quoniam
1630 1973 1791 2022 lumbi
1812 1973 1915 2021 mei
1946 1973 2137 2032 impleti
2157 1978 2281 2021 sunt

1290 2035 1651 2083 illusionibus:
1684 2040 1733 2081 et
1766 2047 1865 2082 non
1904 2039 1979 2082 est
2001 2035 2193 2082 sanitas
2225 2033 2279 2081 in

1292 2108 1442 2144 carne
1464 2108 1596 2143 mea.

1353 2158 1590 2205 Afflictus
1611 2168 1726 2204 sum
1761 2160 1809 2204 et
1830 2155 2131 2204 humiliatus
2162 2167 2279 2204 sum

1293 2219 1488 2292 nimis:
1530 2218 1795 2280 rugiebam
1828 2231 1857 2267 a
1891 2217 2083 2279 gemitu
2116 2218 2282 2268 cordis

1291 2293 1411 2330 mei.

1353 2344 1482 2402 Dine,
1526 2346 1642 2391 ante
1685 2347 1733 2391 te
1784 2355 1934 2391 omne
1972 2341 2282 2392 desiderium

1292 2417 1465 2453 meum
1483 2421 1496 2455 ε
1517 2410 1563 2452 et
1585 2406 1804 2465 gemitus
1816 2417 1961 2454 meus
1981 2418 2010 2453 a
2033 2409 2079 2454 te
2092 2418 2193 2454 non
2207 2409 2283 2454 est

1290 2468 1632 2516 absconditus·

1353 2529 1448 2578 Cor
1471 2542 1643 2578 meum
1658 2530 2013 2578 conturbatum
2033 2533 2124 2587 est,
2148 2531 2283 2578 dere-

1292 2590 1440 2650 liquit
1462 2603 1544 2639 me
1563 2592 1727 2639 virtus
1747 2604 1888 2639 mea:
1909 2594 1956 2635 et
1977 2590 2149 2637 lumen
2171 2602 2283 2638 ocu-

1291 2652 1460 2699 lorum
1492 2664 1721 2699 meorum
1763 2656 1813 2697 et
1853 2651 2023 2708 ipsum
2058 2662 2159 2697 non
2207 2655 2297 2705 est,

1291 2725 1511 2761 mecum.

1356 2774 1530 2822 Amici
1560 2773 1662 2821 mei
1694 2777 1741 2821 et
1773 2770 1988 2831 proximi
2021 2771 2160 2821 mei:
2193 2773 2283 2821 ad-

1291 2848 1496 2884 versum
1536 2848 1619 2884 me
1646 2834 2200 2896 appropinquaverunt,
2234 2839 2284 2884 et

1291 2903 1556 2947 steterunt.

1354 2958 1419 3008 Et
1453 2960 1544 3020 qui
1571 2959 1713 3018 juxta
1744 2971 1827 3007 me
1858 2963 2001 3007 erant
2041 2958 2103 3008 de
2133 2957 2281 3019 longe

1291 3026 1565 3071 steterunt:
1586 3026 1634 3069 et
1653 3021 1759 3070 vim
1783 3021 2029 3070 faciebant
2047 3020 2136 3081 qui
2150 3034 2282 3082 quae·

1292 3084 1470 3132 rebant
1489 3084 1716 3132 animam
1740 3096 1926 3133 meam.

1353 3146 1418 3195 Et
1466 3146 1554 3207 qui
1596 3146 1921 3205 inquirebant
1964 3143 2100 3192 mala
2151 3144 2280 3192 mihi

1292 3207 1443 3255 locuti
1475 3211 1596 3255 sunt
1629 3208 1875 3255 vanitates
1899 3222 1911 3255 ε
1933 3210 1981 3252 ct
2010 3205 2151 3254 dolos
2179 3210 2281 3254 tota

1291 3270 1372 3318 die
1387 3269 1781 3317 meditabantur.

1355 3330 1464 3390 Ego
1496 3335 1665 3378 autem
1689 3334 1933 3388 tanquam
1964 3328 2153 3376 surdus
2175 3340 2275 3375 non

1293 3391 1591 3441 audiebam:
1612 3396 1660 3439 et
1679 3391 1812 3439 sicut
1832 3394 2008 3437 mutus
2029 3401 2129 3437 non
2163 3400 2278 3447 ape-

1295 3453 1432 3501 riens
1453 3465 1509 3501 os
1529 3465 1701 3500 suum.

1356 3515 1415 3562 Et
1440 3514 1599 3562 factus
1619 3526 1732 3561 sum
1749 3513 1877 3560 sicut
1899 3512 2048 3560 homo
2072 3523 2171 3559 non
2195 3523 2279 3560 au·

1939 3588 1971 3636 4
