2910 4457
458 4222 557 4321 t

426 4402 605 4426 -fflmae-

597 276 678 342 80
1514 292 1753 340 amno

597 406 732 456 tione
759 415 936 457 eorum
960 420 975 456 z
1010 405 1133 466 qula
1161 402 1395 454 incubuit
1431 403 1585 454 timor

598 481 774 518 eorum
795 481 944 527 super
961 480 1062 516 eoS.

659 530 914 589 Expandit
935 529 1123 576 nubem
1145 527 1200 576 in
1226 526 1583 587 protectionem

596 604 773 641 eorum
799 605 812 639 z
836 596 884 640 et
908 590 1078 650 ignem
1103 594 1160 637 ut
1183 589 1367 640 luceret
1398 588 1473 639 eis
1497 604 1585 651 per

596 657 815 700 noctem.

661 713 941 772 Petierunt,
975 717 1024 761 et
1059 712 1197 762 venit
1232 713 1502 763 coturnix:
1537 717 1586 763 et

599 786 730 836 pane
751 775 858 823 coeli
883 775 1130 823 saturavit
1149 787 1250 824 eos.

661 836 868 896 Dirupit
878 841 1070 896 petram
1086 843 1133 886 et
1144 837 1398 885 fluxerunt
1410 849 1584 898 aquae:

599 897 834 945 abierunt
857 897 909 946 in
932 899 1062 946 sicco
1080 899 1294 946 flumina
1320 913 1332 946 ε

662 958 917 1019 Quoniam
939 972 1132 1008 memor
1160 959 1256 1006 fuit
1268 959 1406 1008 verbi
1423 960 1587 1007 sancti

599 1021 681 1068 sui
731 1036 745 1070 z
790 1022 923 1082 quod
971 1021 1150 1070 habuit
1202 1021 1266 1069 ad
1319 1019 1585 1071 Abraham

599 1093 815 1142 puerum
837 1095 1011 1130 suum.

659 1143 724 1191 Et
739 1143 1174 1203 eduxittpopulum
1195 1155 1348 1191 suum
1372 1142 1425 1191 in
1443 1143 1585 1193 exul-

597 1206 785 1253 tatione
806 1220 819 1253 :
841 1210 889 1252 et
911 1205 1090 1253 electos
1110 1217 1229 1253 suos
1255 1204 1307 1252 in
1332 1204 1523 1253 laetitia.

659 1265 725 1315 Et
758 1266 895 1314 dedit
922 1266 1024 1315 illis
1049 1267 1278 1326 regiones
1302 1266 1545 1314 Gentium
1571 1280 1584 1314 ε

598 1331 646 1376 et
671 1327 865 1377 labores
886 1328 1185 1387 populorum
1207 1328 1539 1387 possederunt
1571 1342 1584 1376 ε

660 1390 727 1437 Ut
743 1390 1029 1438 custodiant
1041 1388 1426 1449 iustificationes
1441 1390 1553 1451 ejus
1572 1404 1585 1439 ε

600 1456 649 1500 et
672 1450 832 1510 legem
855 1453 968 1511 ejus
987 1452 1272 1512 exquirant.

658 1513 831 1561 Gloria
869 1514 1030 1562 Patri.
1062 1514 1127 1563 Α.
1160 1513 1377 1564 Benedic
1410 1512 1584 1563 anima

596 1586 710 1623 mea
728 1575 860 1623 Dfio.

930 1636 1173 1683 Psalmus
1192 1647 1270 1684 cv.

603 1697 964 1807 confitemini
980 1697 1111 1755 Βῆο,
1128 1697 1373 1756 quoniam
1388 1695 1585 1745 bonus:

683 1757 923 1818 quoniam
946 1759 999 1805 in
1021 1756 1265 1806 saeculum
1295 1758 1587 1809 misericor-

596 1820 680 1868 dia
698 1821 826 1877 ejus,

658 1880 792 1941 Quis
814 1881 1044 1940 loquetur
1068 1879 1318 1938 potentias
1333 1878 1434 1928 Diri
1452 1895 1467 1929 ε
1487 1891 1587 1929 au-

595 1943 729 1991 ditas
753 1943 896 1992 saciet
920 1953 1096 1990 omnes
1118 1942 1291 1991 laudes
1316 1941 1461 2001 ejus?

660 2006 800 2054 Beati
828 2005 918 2065 qui
940 2003 1231 2052 custodiunt
1258 2003 1512 2063 ,iudicium
1538 2008 1588 2054 et

599 2068 790 2116 faciunt
802 2066 1083 2127 justitiam:
1106 2067 1157 2113 in
1178 2066 1321 2114 omni
1345 2070 1585 2126 tempore.

657 2130 915 2180 Memento
947 2127 1107 2175 nostri
1132 2128 1243 2176 Dr‘re
1272 2128 1325 2176 in
1351 2128 1587 2188 benepla-

597 2191 695 2240 cito
714 2192 883 2252 populi
899 2189 975 2239 tui
995 2205 1007 2239 z
1024 2189 1175 2240 visita
1191 2202 1284 2240 nos
1302 2190 1356 2239 in
1373 2190 1587 2240 satutari

596 2258 702 2302 tuo.

659 2314 743 2363 Ad
774 2313 1054 2361 videndum
1081 2312 1136 2360 in
1160 2312 1382 2363 bonitate
1403 2314 1588 2363 eleeto-

597 2387 714 2422 rum
737 2380 944 2421 tuorum
959 2409 972 2432 ,
994 2374 1054 2421 ad
1079 2374 1353 2423 laetandum
1376 2377 1427 2423 in
1452 2375 1589 2423 laeti-

596 2436 665 2485 tia
689 2435 852 2495 gentis
872 2440 971 2483 tuae
997 2448 1011 2484 ι
1034 2440 1091 2481 ut
1114 2435 1336 2485 lauderis
1351 2448 1468 2485 cum
1491 2436 1587 2486 hae-

601 2498 808 2545 reditate
830 2501 934 2543 tua.

658 2558 988 2608 Peccavimus
998 2569 1114 2606 cum
1127 2557 1355 2617 patribus
1367 2558 1556 2606 nostris
1572 2573 1585 2608 ε

596 2620 1344 2681 injusteegimus‚iniquitatem
1355 2619 1589 2671 fecimus,

659 2685 836 2731 Patres
858 2683 1017 2730 nostri
1049 2682 1102 2729 in
1131 2683 1347 2742 AEgypto
1369 2695 1469 2730 non
1505 2683 1587 2730 in-

598 2745 891 2792 tellexerunt
912 2744 1166 2792 mirabilia
1194 2750 1278 2792 tua
1304 2759 1318 2793 t
1348 2758 1448 2792 non
1481 2743 1588 2792 rue-

600 2812 721 2851 runt
747 2818 994 2853 memores
1017 2806 1365 2855 multitudinis
1386 2806 1587 2855 miseri-

596 2867 778 2914 cordioe
801 2872 915 2912 tuae.

659 2924 726 2974 Et
780 2927 1108 2973 irritaverunt
1161 2927 1486 2977 ascendentes
1530 2927 1585 2977 in

599 3001 740 3036 mare
764 3001 777 3034 t
797 3000 936 3034 marc
953 2987 1209 3034 Rubrum.

662 3050 726 3098 Et
762 3048 978 3096 salvavit
1022 3059 1106 3095 eos
1153 3051 1352 3106 propter
1398 3060 1584 3097 nomen

598 3123 754 3161 suum
783 3125 798 3160 ι
834 3115 892 3158 ut
920 3113 1091 3158 notam
1115 3108 1293 3157 faceret
1311 3111 1585 3169 potentiam

598 3186 765 3222 suam.

659 3236 724 3284 Et
771 3234 1021 3294 increpuit
1068 3245 1209 3282 mare
1253 3233 1509 3293 Rubrum,
1538 3240 1587 3281 et

598 3298 874 3347 exiccatum
911 3301 985 3345 est
1026 3311 1039 3346 :
1076 3300 1124 3344 et
1155 3295 1358 3344 deduxit
1402 3309 1487 3347 eos
1528 3296 1582 3345 in

598 3355 795 3420 abyssis
810 3359 940 3407 sicut
963 3359 1016 3406 in
1039 3358 1253 3407 deserte.

660 3422 725 3473 Et
756 3421 970 3473 salvavit
1000 3432 1088 3470 eos
1119 3421 1180 3470 de
1209 3431 1368 3470 manu
1402 3422 1584 3472 odien-

1680 404 1816 477 tium
1841 419 1855 453 t
1877 407 1927 452 et
1946 403 2162 454 redemit
2181 416 2267 453 eos
2289 405 2353 460 de
2377 415 2551 455 manu
2571 406 2720 458 ,ini-

1683 478 1824 513 miei.

1743 527 1808 577 Et
1836 526 2036 598 operuit
2059 538 2194 588 aqua
2223 528 2540 579 tribulantes
2560 544 2653 581 eos
2683 544 2712 579 ε

1683 601 1819 636 unus
1839 601 1895 636 ex
1914 601 1987 636 eis
2007 601 2107 637 non
2128 590 2395 639 remansit.

1743 650 1809 700 Et
1844 649 2168 697 crediderunt
2213 651 2385 700 verbis
2430 653 2552 713 ejus
2590 668 2605 705 ε
2647 659 2711 705 et

1683 711 2022 761 laudaverunt
2041 712 2243 761 laudem
2262 714 2393 773 ejuS.

1745 773 1856 822 Cito
1880 774 2129 832 fecerunt,
2152 775 2293 823 obliti
2320 780 2446 823 sunt
2466 789 2706 836 operum

1679 834 1725 907 ej
1733 847 1793 883 us
1813 850 1825 882 :
1844 839 1893 883 et
1908 846 2010 883 non
2026 836 2386 886 sustinuerunt
2405 840 2716 890 consilium-

1680 908 1812 957 eJuS.

1743 958 1808 1006 Et
1825 958 2195 1017 concupierunt
2213 961 2699 1020 concupiscentiam

1680 1019 1735 1092 in
1759 1021 1979 1069 deserto:
2006 1024 2055 1069 et
2081 1025 2407 1071 tentaverunt
2438 1024 2610 1075 Deum
2631 1026 2693 1074 in

1681 1092 1945 1141 inaquoso.

1744 1143 1810 1191 Et
1833 1143 1970 1191 dedit
1993 1141 2068 1191 eis
2083 1143 2377 1201 petitionem
2405 1146 2648 1205 ipsorum
2671 1160 2688 1194 ε

1683 1208 1733 1253 et
1787 1204 1932 1253 misit
1982 1205 2300 1256 saturitatem
2355 1207 2413 1255 in
2477 1209 2696 1259 animas

1684 1276 1879 1314 eorum.

1744 1327 1809 1375 Et
1827 1327 2157 1376 irritaverunt
2171 1328 2382 1389 Moysen
2394 1330 2449 1378 in
2468 1333 2687 1382 eastris:

1683 1387 1860 1438 Aaron
1884 1395 2116 1438 sanctum
2136 1391 2258 1439 Dni.

1745 1450 1937 1509 Aperta
1984 1456 2058 1500 est
2102 1457 2253 1511 terra,
2315 1455 2366 1501 et
2407 1452 2689 1513 deglutivit

1682 1510 1882 1560 Datban
1909 1518 1986 1561 :et
2003 1514 2202 1571 operuit
2226 1526 2379 1573 super
2396 1526 2688 1577 congrega-

1685 1574 1874 1622 tionem
1896 1574 2116 1623 Abiron.

1745 1635 1810 1683 Et
1842 1636 2027 1684 exarsit
2049 1636 2185 1695 ignis
2217 1637 2270 1684 in
2304 1649 2568 1698 synagoga
2602 1653 2692 1689 eo-

1681 1706 1801 1744 rum
1820 1710 1833 1743 z
1857 1697 2066 1745 flamma
2083 1698 2361 1746 combussit
2374 1706 2684 1757 peccatores.

1746 1757 1811 1805 Et
1832 1757 2056 1806 fecerunt
2075 1759 2299 1807 vitulum
2319 1760 2374 1808 in
2395 1760 2574 1812 Horeb
2599 1779 2613 1814 ι
2635 1768 2685 1813 et

1682 1817 2021 1867 adoraverunt
2038 1820 2288 1879 sculptile.

1745 1879 1811 1927 Et
1830 1885 2157 1930 mutaverunt
2175 1882 2388 1941 gloriam
2411 1895 2567 1933 suam
2595 1886 2683 1934 :in

1681 1941 2075 2052 similitudinem
2146 1943 2332 1994 vituli'
2369 1948 2686 1996 comedentis

1707 2016 1904 2052 oenum.

1747 2064 1905 2114 Obliti
1950 2069 2073 2113 sunt
2116 2066 2280 2115 Deum
2331 2068 2426 2129 qui
2460 2069 2680 2119 salvavit

1682 2138 1767 2175 eos
1794 2142 1807 2175 z
1834 2127 1925 2186 qui
1947 2127 2059 2176 fecit
2081 2128 2338 2187 magnalia
2363 2130 2418 2177 in
2443 2131 2678 2193 AEgypto‚

1683 2188 1940 2236 mirabilia
1971 2189 2025 2237 in
2057 2193 2192 2239 terra
2217 2190 2405 2252 Cham,
2431 2194 2677 2243 terribilia

1682 2250 1736 2298 in
1755 2251 1890 2297 mari
1912 2251 2105 2300 Rubro,

1747 2311 1811 2359 Et
1831 2312 1956 2363 dixit
1975 2317 2031 2360 ut
2047 2314 2359 2372 disperderet
2373 2328 2461 2363 eos
2480 2331 2493 2365 z
2512 2317 2560 2366 si
2579 2330 2676 2366 non

1682 2372 1883 2432 Moyses
1902 2374 2086 2422 electus
2106 2375 2219 2435 ejus
2238 2377 2461 2426 stetisset
2477 2380 2535 2427 in
2554 2392 2679 2428 con-

1677 2433 1927 2483 fractione
1947 2435 2000 2483 in
2017 2443 2282 2496 conspectu
2299 2439 2433 2498 ejus.

1744 2496 1812 2543 Ut
1828 2502 2073 2545 averteret
2093 2499 2226 2546 iram
2244 2500 2376 2559 ejus‚·
2394 2513 2461 2549 ne
2480 2501 2680 2561 disper-

1681 2555 1819 2606 deret
1847 2570 1931 2606 eos
1954 2574 1968 2607 ε
2002 2564 2051 2607 et
2077 2572 2168 2620 pro
2200 2561 2363 2610 nihilo
2385 2562 2680 2613 habuerunt

1681 2623 1870 2667 terram
1892 2621 2295 2671 desiderabilem.

1743 2681 1856 2730 Non
1899 2683 2225 2731 crediderunt
2259 2685 2414 2733 verbo
2450 2687 2593 2746 eius,
2631 2691 2679 2736 et

1681 2749 2136 2791 murmuraverunt
2207 2745 2260 2793 in
2335 2748 2681 2797 tabernaculis

1681 2804 1827 2853 suis:
1858 2818 1959 2853 non
1981 2807 2314 2855 exaudierunt
2343 2821 2520 2859 vocem
2555 2811 2678 2858 Diri.

1743 2865 1808 2914 Et
1843 2867 2054 2915 elevavit
2085 2881 2301 2916 manum
2333 2882 2485 2918 suam
2526 2885 2677 2932 super

1683 2938 1799 2975 eos:
1823 2932 1881 2974 ut
1903 2934 2236 2988 prosterneret
2258 2943 2341 2978 eos
2364 2933 2418 2980 in
2442 2934 2641 2982 deserto
2662 2949 2676 2982 ε

1742 2988 1808 3036 Et
1838 2994 1895 3036 ut
1931 2991 2166 3050 dejiceret
2197 3004 2369 3040 semen
2400 3007 2583 3045 eorum
2621 2996 2677 3043 in

1682 3051 1973 3160 natiogibus
1991 3066 2005 3100 ε
2021 3058 2068 3100 et
2087 3053 2398 3113 disperderet
2417 3067 2505 3105 cos
2528 3059 2581 3105 in
2607 3070 2679 3107 re-

1682 3123 1817 3171 g1oni
1859 3125 1935 3161 uS.
2019 3148 2024 3149 ff
2657 3150 2684 3166 a

1742 3175 1806 3223 Et
1843 3175 2030 3224 initiati
2065 3180 2186 3223 sunt
2220 3176 2533 3240 Beelphegor
2574 3195 2588 3230 ε
2628 3185 2678 3227 et

1680 3237 2007 3285 comederunt
2044 3238 2291 3286 sacrificia
2326 3247 2674 3290 mortuorum.

1742 3298 1808 3347 Et
1838 3296 2169 3346 irritaverunt
2197 3312 2313 3347 eum
2345 3300 2400 3348 in
2433 3303 2678 3355 adinven-

1679 3359 1904 3431 tionibus
1923 3361 2034 3410 suis
2056 3374 2070 3410 :
2092 3365 2140 3410 et
2159 3361 2499 3422 multiplicata
2522 3370 2598 3415 est
2619 3365 2673 3413 in

1678 3433 1752 3471 ers
1773 3433 1943 3470 ruina.
