2910 4457
329 382 508 450 cona]
850 397 926 434 nn
952 397 1225 434 nummus
1250 399 1382 435 nou.
1409 398 1483 434 m·
1506 399 1581 435 DE
1608 399 1797 435 emm.
2212 384 2327 435 lxix

393 523 535 576 Ibid.
558 524 652 576 lin.
683 528 766 588 10,
789 531 915 578 ante
941 524 973 554 “
992 526 1049 577 in
1077 524 1325 577 Precibus
1336 524 1360 543 ’'
1386 525 1590 578 insere:
1728 527 1786 577 in
1808 524 1909 577 Off.
1933 523 2206 578 Feriarum
2223 530 2256 578 4
2274 534 2328 578 et

323 613 355 660 6
394 627 486 678 per
521 608 1000 678 Quadragesimam
1037 627 1122 679 ap.
1150 610 1560 674 Processionale‚
1592 610 1867 664 “——Pater
1891 619 2083 665 noster.
2120 611 2329 664 Deinde

322 697 459 750 dicat
484 696 739 750 Sacerdos
761 715 879 750 cum
900 698 1026 750 nota
1047 700 1155 750 sic:
1196 697 1271 751 Et
1305 698 1488 749 ne—.’'
1510 699 1650 761 3——in
1690 698 1791 751 off.
1832 698 1950 752 Fer.
1989 704 2021 751 5
2059 701 2116 751 in
2153 699 2327 751 Coena

323 784 446 836 D'ni
468 785 621 848 ibid„
646 785 921 838 “—Pater
941 794 1131 838 noster.
1180 786 1259 838 Et
1283 786 1393 837 Izaec
1416 788 1593 837 omnia
1616 786 1728 837 sine
1748 786 1875 838 nota
1897 786 2142 839 dicantur
2166 795 2271 839 tam
2295 804 2328 836 a

323 870 600 924 Sacerdote
622 889 741 924 cum
762 873 871 924 suis
893 871 971 922 M
965 872 1170 924 inislris
1203 873 1364 941 quam
1393 891 1426 924 a
1465 881 1566 924 toto
1598 872 1766 924 choro.
1838 872 2044 924 Deinde
2079 873 2243 940 ενι-ἱραί
2277 891 2329 923 se

323 957 573 1010 Sacerdos
608 977 726 1011 cum
758 960 868 1011 suis
902 958 980 1009 M
974 960 1198 1022 inistris,
1228 968 1278 1011 et
1313 960 1455 1011 dicat
1491 976 1643 1028 super
1681 958 1931 1029 populum
1967 977 2227 1011 conoersus
2261 960 2328 1011 ad

321 1044 597 1097 australem
621 1063 793 1097 coram
816 1045 994 1097 dextro
1017 1062 1179 1098 cornu
1201 1044 1405 1108 altaris,
1431 1045 1505 1097 Et
1529 1044 1810 1109 ne—.”;—

389 1130 530 1183 Ibid.
558 1133 652 1183 lin.
682 1136 765 1195 11,
788 1148 881 1199 pro
906 1131 1065 1184 “—.''
1103 1132 1271 1185 scribe
1299 1135 1459 1185 “tam
1493 1150 1526 1183 a
1566 1130 1785 1185 Clericis
1820 1133 1881 1184 in
1917 1132 2068 1184 choro
2103 1132 2262 1201 quam
2296 1150 2329 1182 a

324 1215 600 1270 Sacerdote
623 1236 741 1270 cum
763 1219 871 1270 suis
894 1219 1217 1272 Ministrisl’

387 1303 527 1357 Ibid.
571 1304 669 1356 lin.
716 1308 798 1368 12,
834 1321 926 1374 pro
962 1306 1070 1358 “in
1107 1307 1261 1358 initio
1299 1304 1753 1370 ProcessionaliS,’'
1790 1306 1956 1358 scribe
1993 1309 2025 1335 ‘⁶
2046 1305 2204 1357 modo
2248 1304 2327 1371 (in

324 1390 523 1458 notula)
551 1392 923 1455 memoratis,''.

387 1511 491 1572 De
521 1510 750 1572 Prima
780 1515 841 1572 et
877 1510 1088 1593 Officio
1125 1511 1477 1591 Capitulari
1507 1510 1595 1572 ad
1619 1510 1902 1571 Primam
1932 1509 2241 1589 adjuncto,

386 1653 436 1704 p.
460 1637 594 1699 xvii,
619 1643 740 1703 post
761 1652 944 1704 parag.
971 1640 1022 1687 2.
1047 1637 1217 1689 insere
1240 1638 1547 1705 sequentia:

383 1722 469 1774 Ad
494 1722 740 1774 Primam
758 1730 937 1774 autem
961 1739 1055 1791 pro
1077 1722 1274 1792 hymno
1293 1726 1325 1752 “
1343 1723 1381 1775 J
1385 1740 1474 1775 am
1498 1725 1634 1776 lucis
1656 1723 1784 1777 &c.”
1807 1727 1839 1755 “
1855 1726 1915 1777 in
1939 1725 2025 1777 die
2042 1724 2170 1776 Nat.
2197 1725 2329 1777 D’m‘

320 1818 365 1860 et
385 1809 623 1877 quotidie
646 1826 804 1878 usque
826 1809 895 1860 ad
923 1808 1416 1863 Circumcisionem”
1439 1812 1497 1864 in
1517 1810 1620 1864 Off.
1647 1811 1831 1866 Heres.
1858 1813 2053 1865 dicitur
2078 1811 2330 1882 Hymnus

324 1911 577 1964 sequens:

326 2008 473 2056 Corde
494 2016 646 2057 natus
670 2023 731 2055 ex
753 2008 974 2056 Parentis
1360 2009 1585 2072 Quaeque
1606 2011 1659 2057 in
1680 2011 1759 2058 his
1782 2012 1948 2073 vigent
1970 2011 2060 2058 sub
2083 2011 2180 2057 alto

383 2090 513 2137 Ante
534 2089 715 2137 mundi
736 2089 1005 2147 exordium,
1429 2089 1556 2136 Solis
1578 2096 1626 2136 et
1644 2090 1777 2136 lunae
1800 2090 1958 2151 globo,

327 2169 483 2232 Alpha
504 2177 553 2218 et
572 2171 653 2218 Oo
668 2173 699 2204 ¹*
724 2169 1110 2232 cognominatus,
1430 2169 1733 2216 Saeculorum
1756 2169 1965 2217 saeculis.

389 2252 501 2315 Ipse
521 2253 637 2300 fons
659 2257 709 2299 et
728 2251 951 2299 clausula

329 2332 558 2381 Omnium
582 2348 699 2396 quae
726 2339 854 2391 sunt,
877 2333 1090 2392 fuerunt,
1362 2330 1474 2378 Tibi
1494 2330 1686 2379 Christe
1710 2332 1773 2379 sit
1793 2347 1909 2379 cum
1932 2331 2077 2379 Patre

387 2414 615 2478 Quaeque
637 2420 750 2476 post
767 2414 936 2461 futura
957 2420 1087 2471 sunt,
1429 2411 1723 2475 Agiosque†
1749 2412 1950 2475 Spiritu,

389 2496 695 2544 Saeculorum
718 2495 927 2544 saeculis.
1362 2493 1611 2557 HymnuS‚
1634 2494 1802 2552 melos,
1824 2494 1934 2541 laus
1956 2494 2196 2556 perennis,

1433 2576 1718 2624 Gratiarum
1741 2576 1883 2632 actio,

330 2657 439 2721 Ipse
453 2660 602 2720 jussit
622 2666 675 2708 et
698 2665 872 2716 creata,
1366 2657 1552 2713 Honor,
1576 2656 1745 2712 virtus,
1769 2661 1818 2702 et
1838 2661 2051 2717 potestas
2072 2658 2117 2713 Σ,

392 2739 532 2788 Dixit
544 2741 653 2804 ipse
676 2747 726 2788 et
748 2746 864 2788 sunt
884 2740 1027 2796 facta,
1427 2738 1663 2804 Regnum
1686 2734 1992 2790 aeternaliter‚

331 2819 484 2880 Terra,
510 2823 715 2880 coelum,
738 2822 869 2869 fossa
889 2822 1041 2884 ponti,
1071 2819 1074 2822 ⁴
1434 2818 1739 2866 Saecqurum
1763 2816 1972 2864 saeculis.

390 2902 539 2951 Trina
560 2918 728 2952 rerum
749 2901 995 2959 machina,

375 3049 399 3074 ⁴¹
423 3050 494 3088 Br.
514 3050 651 3088 Ebot.
669 3048 719 3087 in
736 3046 1033 3095 completorio
1055 3047 1114 3094 (v.
1133 3047 1190 3085 ad
1208 3046 1377 3094 compl.
1396 3046 1481 3095 iij),
1506 3046 1554 3084 Ο.
1995 3093 2002 3100 .

373 3116 395 3154 †
421 3117 492 3155 Bt.
511 3118 647 3155 Ebot.
667 3115 773 3154 ibid.
795 3115 955 3162 Gough
972 3113 997 3153 6
1011 3115 1238 3164 Agyoque:
1270 3115 1430 3162 Gough
1450 3119 1499 3158 59
1517 3114 1613 3153 sine
1628 3113 1880 3153 inflectione
1895 3114 2134 3163 Agyoaeque.

375 3187 394 3222 t
421 3183 491 3221 Br.
511 3184 649 3222 Ebor.
667 3182 771 3221 ibid.
792 3183 836 3221 et
851 3183 1046 3229 victoria,
1064 3182 1113 3221 in
1129 3192 1217 3230 quo
1234 3184 1426 3221 metrum
1440 3181 1583 3230 poscit
1597 3182 1650 3220 ut
1667 3181 1828 3221 saltem
1844 3181 2078 3220 omittatur
2095 3183 2153 3220 et.

328 3301 537 3350 impressa,
555 3303 606 3341 in
623 3301 711 3351 qua
728 3300 929 3340 Officium
951 3302 991 3340 S.
1010 3301 1186 3341 Thomae
1210 3302 1409 3349 Martyris
1432 3304 1491 3349 (v.
1511 3301 1637 3349 infra)
1662 3300 1905 3340 restitutum
1930 3304 2006 3347 est,
2026 3301 2175 3340 Preces
2193 3307 2337 3340 autem

333 3365 383 3409 (v.
395 3367 519 3414 infra)
537 3372 591 3405 ut
606 3367 655 3405 in
670 3371 794 3405 textu
809 3366 985 3405 Hem-ici
1001 3366 1126 3405 VIII.
1144 3367 1556 3415 maneam—legitur,
1577 3369 1701 3406 “cum
1716 3367 1774 3405 D.
1793 3369 1831 3405 et
1846 3365 1906 3412 S.,
1921 3368 1961 3404 et
1976 3376 2081 3405 cum.
2094 3378 2140 3414 p.
2162 3368 2191 3405 l.
2210 3368 2335 3411 adm„

327 3435 363 3469 ee
376 3436 427 3471 st.
446 3445 483 3472 c.
501 3434 560 3471 ad
576 3444 643 3471 or.
660 3444 786 3481 super
795 3434 1000 3480 populum
1016 3434 1129 3472 dicat
1144 3434 1220 3472 hoc
1237 3434 1352 3472 modo
1363 3432 1404 3473 ”.

375 3498 525 3548 Operae
542 3499 737 3549 pretium
754 3504 820 3538 est
835 3503 979 3539 autem
1001 3504 1147 3539 notare
1163 3499 1381 3539 levitatem
1403 3511 1534 3549 quam
1551 3500 1596 3539 in
1614 3498 1921 3539 Processionan
1937 3499 2243 3548 corrumpendo
2261 3509 2336 3536 rex

2130 4093 2427 4344 ,f
