2910 4457
586 358 660 425 18
1447 379 1521 418 ιιι)
1564 374 1803 421 mmm.

644 491 768 541 Vias
793 495 911 540 tuas
941 491 1051 541 Dine
1080 491 1370 542 demonstra
1398 492 1530 543 mibi
1560 507 1574 543 τ

582 557 630 602 et
648 553 856 601 semitas
875 558 991 601 tuas
1009 553 1157 602 edoce
1178 566 1278 602 me.

645 615 822 675 Dirige
836 615 988 663 mein
1014 614 1223 664 veritate
1247 620 1358 673 tua,
1379 619 1427 664 et
1457 615 1577 664 doce

584 687 668 724 me
687 676 837 736 :quia
860 681 915 723 tu
932 688 985 724 es
999 677 1136 725 Deus
1158 677 1375 726 salvator
1401 689 1575 736 meust,

584 742 633 788 et
651 742 698 787 te
714 737 939 787 sustinui
952 743 1055 787 tota
1069 739 1169 787 die.

646 799 990 849 Reminiscere
1032 800 1419 849 miserationum
1464 804 1579 848 tua-

587 872 706 908 rum
730 861 840 910 Diie
869 866 948 911 :et
972 861 1437 912 misericordiarum
1466 867 1579 910 tua-

588 933 707 971 rum
721 959 734 980 ,
753 935 866 983 quae
882 936 911 972 a
924 924 1109 972 saeculo
1124 929 1264 973 sunt.

647 983 837 1033 Delicta
856 985 1140 1044 juventutis
1171 998 1295 1034 meae
1328 1001 1343 1035 t
1368 989 1418 1035 et
1433 986 1580 1046 igno-

585 1047 781 1095 rantias
796 1059 936 1096 meas
948 1059 1010 1096 ne
1026 1046 1342 1096 memineris,

649 1107 939 1157 Secundum
987 1108 1387 1157 misericordiam
1432 1112 1577 1159 tuam

587 1175 840 1219 memento
862 1171 1062 1219 meitu:
1088 1174 1286 1230 propter
1302 1170 1577 1219 bonitatem

585 1236 728 1280 tuam
750 1232 878 1279 Dfie.

647 1292 824 1340 Dulcis
842 1297 891 1340 et
911 1296 1075 1341 rectus
1098 1293 1208 1341 Diis
1235 1308 1250 1343 ι
1272 1297 1471 1352 propter
1487 1292 1581 1342 hoc

588 1354 746 1414 legem
768 1355 910 1404 dabit
931 1355 1345 1414 delinquentibus
1368 1356 1420 1402 in
1443 1355 1545 1402 via.

647 1416 845 1477 Diriget
866 1421 1158 1465 mansuetos
1178 1417 1233 1466 in
1251 1417 1445 1478 judicio
1465 1417 1581 1467 :do-

587 1479 716 1529 cebit
728 1479 878 1526 mites
893 1479 1004 1527 vias
1019 1491 1156 1527 suas,

649 1541 910 1589 Universae
936 1541 1029 1588 viae
1050 1541 1152 1589 Diri
1172 1539 1517 1590 misericordia
1533 1544 1582 1588 et

587 1603 805 1652 veritas.
824 1603 1199 1676 requirentibus
1219 1607 1581 1652 testamentum

588 1666 701 1726 eJus
717 1668 765 1712 et
775 1665 1062 1712 testimonia
1074 1665 1203 1724 eius.

649 1726 861 1783 Propter
893 1732 1077 1772 nomen
1097 1731 1243 1773 tuum
1275 1724 1386 1772 Dfie
1419 1724 1583 1783 propi·

585 1787 792 1837 tiaberis
830 1791 1028 1845 peccato
1060 1799 1220 1835 meo:
1251 1786 1476 1835 multum
1508 1789 1584 1834 est

587 1849 746 1898 enim.

651 1908 783 1968 Quis
798 1912 873 1956 est
888 1908 1039 1957 homo
1061 1909 1150 1970 qui
1167 1909 1312 1958 timet
1322 1909 1459 1958 Dr‘im
1470 1911 1494 1959 ‘t
1513 1910 1583 1958 le-

589 1983 704 2033 gem
720 1971 897 2019 statuit
917 1970 962 2019 ei
980 1971 1033 2019 in
1050 1973 1132 2020 via
1149 1983 1304 2031 quam
1320 1971 1488 2032 elegit.

653 2032 849 2083 Anima
880 2033 994 2092 ejus
1016 2033 1070 2081 in
1114 2034 1260 2083 bonis
1299 2032 1585 2083 demorabi-

587 2099 715 2146 tur·
742 2099 790 2143 et
809 2107 982 2144 semen
1007 2096 1119 2156 ejus
1141 2095 1460 2146 haereditabit
1482 2100 1585 2144 ter-

589 2169 721 2207 ram.

651 2217 1061 2269 Firmamentum
1071 2223 1147 2269 est
1162 2219 1270 2269 Dr’is
1284 2219 1584 2270 timentibus

588 2293 740 2332 eum.
761 2286 810 2329 et
829 2286 1189 2332 testamentum
1212 2283 1375 2343 ipsius
1395 2288 1454 2332 ut
1474 2295 1585 2358 ma-

589 2341 853 2394 nisestetur
874 2343 994 2392 illis,

653 2403 799 2455 Oculi
825 2405 928 2452 mei
955 2416 1152 2464 semper
1174 2404 1238 2454 ad
1264 2405 1438 2455 Dnm:
1458 2418 1585 2465 quo-

589 2464 732 2513 niam
767 2466 872 2525 ipse
912 2466 1085 2514 evellet
1123 2467 1186 2515 de
1226 2467 1402 2527 laqueo
1434 2468 1585 2527 pedes

591 2537 750 2574 meos,

652 2587 862 2647 Respice
888 2587 940 2636 in
967 2599 1076 2647 me,
1109 2592 1158 2637 et
1184 2588 1422 2638 miserere
1442 2589 1544 2639 mei
1569 2604 1582 2639 ε

589 2650 712 2709 quia
733 2651 917 2699 unicus
937 2655 985 2700 et
1004 2662 1191 2710 pauper
1208 2664 1324 2700 sum
1347 2664 1457 2712 ego,

652 2712 1025 2763 Tribulationes
1062 2714 1231 2762 cordis
1269 2714 1370 2762 mei
1409 2712 1586 2762 multi-

589 2773 782 2833 plicatae
799 2780 922 2824 sunt
945 2787 959 2822 ι
981 2777 1043 2825 de
1062 2776 1443 2826 necessitatibus
1457 2776 1587 2825 meis

588 2847 708 2884 erue
731 2848 831 2885 me.

650 2897 780 2946 Vide
800 2897 1141 2946 humilitatem
1160 2911 1354 2956 meam,
1380 2902 1429 2947 et
1449 2899 1586 2947 labo-

590 2970 701 3008 rem
722 2970 932 3007 meum:
955 2963 1005 3007 et
1021 2959 1220 3008 dimitte
1239 2960 1479 3008 universa
1499 2962 1587 3010 de·-

590 3021 707 3069 licta
731 3031 862 3067 mea.

653 3081 864 3141 Respice
897 3078 1134 3128 inimicos
1151 3092 1315 3139 meos,
1339 3083 1584 3142 quoniam

588 3141 916 3202 multiplicati
930 3145 1082 3191 sunt.
1095 3147 1143 3191 et
1159 3142 1299 3191 odio
1285 3144 1464 3204 miquo
1477 3145 1587 3193 ode-

590 3210 714 3252 runt
735 3216 836 3253 me.

596 3297 599 3298 ν
653 3265 862 3316 Custodi
896 3265 1125 3315 animam
1153 3278 1348 3326 meam,
1383 3271 1432 3316 et
1466 3281 1587 3318 erue

590 3340 672 3379 mc
705 3344 718 3379 :
745 3341 846 3377 non
866 3328 1174 3389 erubescam,
1200 3329 1442 3389 quoniam
1474 3343 1586 3391 spe-

593 3391 703 3441 ravi
723 3392 775 3440 in
800 3395 864 3439 te.

651 3455 952 3506 Innocentes
998 3458 1047 3501 et
1091 3453 1212 3502 recti
1261 3454 1586 3505 adbaeserunt

590 3516 754 3567 mihi:
780 3516 900 3577 quia
927 3515 1149 3565 sustinui
1173 3521 1236 3566 te.

1734 487 1917 537 Libera
1952 487 2090 537 Deus
2118 487 2274 537 lsrael
2304 500 2395 539 :ex
2424 488 2674 538 omnibus

1673 549 2090 599 tribulationibus
2108 550 2235 600 suis,

1734 609 1908 659 Gloria
1928 611 2090 660 Patri.

1969 673 2214 720 Psalmus
2236 684 2365 720 oeoev.

1681 732 1898 844 Judica
1934 747 2017 783 me
2046 736 2183 794 Due,
2207 735 2454 795 quoniam
2489 747 2582 796 ego
2613 735 2672 787 in

1750 795 2038 845 innocentia
2049 809 2161 845 mea
2185 797 2450 857 ingressus
2464 809 2609 845 5ιιιιι.
2622 802 2676 850 et

1674 857 1728 904 in
1752 857 1864 907 Duo
1887 870 2099 917 sperans
2118 871 2218 906 non
2245 858 2566 909 infirmabor.

1739 917 1904 968 Proba
1936 931 2019 969 me
2047 921 2185 980 Dite,
2209 924 2258 968 et
2278 924 2417 969 tenta
2439 932 2558 970 me·
2545 957 2558 971 .
2579 932 2676 971 ure

1677 992 1823 1030 renes
1843 992 1984 1030 meos
2001 987 2050 1031 et
2070 995 2154 1030 cor
2176 994 2368 1031 meum.

1738 1040 1994 1102 Quoniam
2027 1044 2375 1093 misericordia
2421 1048 2508 1091 tua
2554 1048 2677 1096 ante

1674 1104 1847 1153 oculos
1883 1117 2024 1154 meos
2057 1111 2133 1155 est
2166 1121 2180 1156 ι
2211 1110 2260 1154 et
2291 1105 2573 1164 complacui
2616 1105 2674 1154 in

1676 1165 1886 1214 veritate
1905 1171 2011 1217 tua.

1736 1227 1850 1276 Non
1881 1229 1987 1277 sedi
2016 1240 2133 1276 cum
2156 1228 2367 1277 concilio
2393 1227 2638 1277 vanitatis
2660 1244 2676 1281 z

1676 1292 1725 1335 et
1763 1301 1881 1399 (ium
1912 1290 2091 1350 iniqua
2132 1291 2425 1351 gerentibus
2451 1303 2555 1339 non
2593 1291 2676 1339 in-

1674 1352 1772 1399 troi
1808 1364 1855 1399 o.
2178 1399 2182 1403 .

1738 1412 1890 1462 Odivi
1920 1413 2181 1462 ecclesiam
2215 1412 2619 1474 malignantium
2661 1431 2676 1467 ι

1676 1481 1861 1526 etcum
1888 1475 2063 1535 impiis
2090 1488 2191 1522 non
2209 1475 2407 1524 sedebo.

1738 1538 1940 1586 Lavabo
1975 1538 2105 1586 inter
2150 1537 2443 1586 innocentes
2485 1549 2677 1588 manus

1677 1612 1858 1711 ineas:
1900 1605 1948 1649 et
1988 1599 2295 1648 circundabo
2329 1600 2487 1648 altare
2521 1604 2674 1648 tuum

1729 1674 1808 1709 ue.

1742 1723 1811 1770 Ut
1832 1723 2038 1771 audiam
2065 1733 2237 1771 vocem
2265 1721 2432 1770 laudis
2469 1727 2569 1772 tuae
2592 1739 2606 1773 ι
2627 1728 2677 1774 et

1677 1796 1910 1834 enarrem
1930 1784 2168 1832 universa
2184 1783 2440 1833 mirabilia
2457 1789 2565 1832 tua.

1739 1846 1875 1905 Bne,
1961 1845 2113 1894 dilexi
2189 1847 2416 1894 decorem
2489 1847 2677 1897 domus

1678 1911 1777 1956 tuae
1811 1924 1825 1958 ι
1856 1912 1904 1957 et
1931 1909 2099 1957 locum
2135 1907 2462 1956 habitationis
2502 1908 2677 1968 gloriae

1675 1973 1793 2018 tuae.

1743 2031 1817 2081 Ne
1850 2029 2031 2090 perdas
2051 2042 2169 2079 cum
2199 2030 2374 2090 impiis
2399 2031 2540 2080 Deus
2561 2033 2678 2081 ani-

1677 2104 1820 2141 mam
1856 2105 2052 2142 meam:
2083 2098 2274 2141 etcum
2301 2093 2429 2143 viris
2463 2095 2678 2154 sangui-

1679 2165 1806 2202 num
1822 2155 1980 2202 vitam
1997 2167 2183 2204 meam.

1740 2217 1801 2265 In
1836 2230 2056 2278 quorum
2101 2215 2343 2266 manibus
2380 2215 2680 2278 iniquitates

1678 2283 1836 2388 suntb:
1857 2281 2055 2329 dextera
2074 2291 2249 2329 eorum
2273 2280 2457 2340 repleta
2471 2285 2549 2329 est
2565 2294 2680 2329 mu-

1680 2353 1787 2388 neri
1828 2353 1907 2389 us,

1743 2402 1852 2463 Ego
1883 2408 2054 2451 autem
2075 2402 2129 2451 in
2150 2402 2437 2451 innocentia
2461 2414 2576 2451 mea
2595 2404 2679 2452 in-

1681 2475 1885 2523 gressus
1898 2477 2022 2536 ‚sum
2048 2481 2065 2515 z·
2089 2464 2282 2514 redime
2304 2476 2412 2525 mc,
2439 2470 2488 2513 et
2522 2466 2678 2516 mise-

1680 2538 1790 2574 rere
1810 2540 1931 2575 mei.
2538 2581 2544 2585 ,

1741 2587 1838 2635 Pes
1866 2600 2012 2636 meus
2040 2588 2177 2636 stetit
2197 2588 2248 2636 in
2278 2588 2498 2638 directo:
2519 2589 2576 2638 in
2598 2602 2676 2640 ee-

1680 2648 1846 2698 clesiis
1863 2650 2153 2700 benedicam
2173 2655 2219 2699 te
2235 2651 2364 2699 Dr‘ie.

1994 2712 2237 2759 Psalmus
2267 2711 2365 2772 iiij.

1771 2773 1929 2821 cusin
1945 2774 2153 2822 nomine
2166 2778 2253 2822 tuo
2265 2775 2466 2823 salvum
2480 2786 2565 2825 me
2575 2775 2676 2825 fac:

1771 2839 1819 2883 et
1837 2836 1888 2884 in
1912 2835 2099 2884 virtute
2119 2841 2206 2883 tua
2221 2836 2399 2896 judica
2417 2848 2517 2888 me.

1744 2897 1883 2945 Deus
1923 2898 2103 2947 exaudi
2142 2898 2421 2946 orationem
2454 2911 2627 2948 meam
2661 2914 2678 2949 ι

1650 3008 1664 3019 ‚
1680 2958 1894 3007 auribus
1910 2960 2106 3019 percipe
2125 2960 2275 3009 verba
2291 2961 2394 3008 oris
2414 2960 2536 3009 mei.

1744 3020 2001 3080 Quoniam
2024 3021 2176 3070 alieni
2194 3022 2582 3072 insurrexerunt
2597 3021 2680 3071 ad-

1681 3094 1885 3131 versum
1933 3096 2040 3142 me,
2076 3088 2124 3132 ct
2169 3083 2319 3132 sortes
2368 3086 2681 3143 quaesierunt

1680 3143 1909 3193 animam
1927 3158 2121 3195 meam:
2136 3149 2184 3193 et
2195 3159 2295 3193 non
2311 3151 2681 3205 proposuerunt

1681 3206 1846 3254 Deum
1868 3212 1985 3256 ante
2004 3212 2323 3267 conspectum
2347 3220 2522 3256 suum.

1744 3268 1870 3317 Ecce
1895 3270 2032 3317 enim
2056 3270 2193 3318 Deus
2224 3270 2435 3326 adjuvat
2461 3282 2544 3319 me
2579 3286 2593 3319 ι
2632 3274 2679 3319 et

1681 3331 1792 3379 Diis
1808 3336 2064 3390 susceptor
2086 3335 2161 3379 est
2184 3331 2369 3380 animae
2394 3344 2539 3381 meae.

1746 3391 1934 3442 Averte
1956 3394 2091 3441 mala
2114 3393 2340 3441 inimicis
2369 3393 2503 3443 meis
2521 3409 2536 3444 ε
2554 3400 2606 3444 et
2627 3394 2678 3443 in

1685 3453 1896 3505 veritate
1912 3459 1999 3504 tua
2011 3456 2241 3515 disperde
2258 3455 2388 3503 illos·

1747 3515 2048 3565 voluntarie
2104 3515 2397 3565 sacrificabo
2452 3517 2585 3574 tibh
2636 3523 2680 3565 et
