2910 4457
170 451 206 511 s
225 451 307 513 99,
332 448 447 512 100)

825 463 873 501 m
901 463 1258 504 TRANSLA‘nouss
1286 464 1458 504 sANcrl
1487 465 1683 505 CEDDAE.

2224 449 2344 516 167

239 596 451 647 Deinde
484 596 731 646 dicuntur
760 594 826 660 iij
853 595 969 645 αῆω
1000 612 1113 646 eum
1141 596 1206 662 ’ἱῇ
1215 596 1433 661 psalmis
1454 597 1622 661 primi
1651 595 1910 648 Nocturni
1933 596 2010 663 [in
2045 597 2214 665 Officio
2238 597 2347 649 De-

160 663 445 731 positionis
467 661 689 728 ejusdem
713 658 907 723 Sancti,
933 661 1018 712 die
1039 662 1225 712 Martii
1248 666 1291 724 2,
1316 679 1429 712 cum
1450 663 1678 727 alleluja,
1700 671 1760 714 ut
1778 664 2034 730 sequitur.-

239 729 309 780 A.
338 733 383 779 1.
419 728 605 777 Mundi
623 728 833 778 calcans
850 728 1085 805 gloriam,
1107 728 1283 779 Cedda
1304 727 1590 778 declinavit

423 793 670 859 Corporis
688 793 976 856 lascivmm,
998 794 1120 844 dum
1136 810 1252 844 sese
1269 793 1602 856 claustravit3
1627 793 1857 859 alleluja.

321 857 412 910 Pa.
445 861 639 909 Beatus
657 860 738 908 vir
762 858 833 925 (p.
861 860 925 923 1).

236 926 307 978 Α.
332 931 381 976 2.
415 926 453 975 J
455 941 559 992 ugo
580 940 636 975 se
656 926 932 990 supposuit
951 924 1142 975 Christi
1160 940 1313 989 quem
1331 924 1537 975 dilexit:

408 991 510 1051 Qui
527 991 806 1039 tenendam
824 990 1003 1040 docuit
1018 992 1158 1039 viam
1176 1007 1331 1056 quam
1349 992 1556 1054 dilexit3
1578 991 1807 1057 alleluja.

324 1055 415 1107 Pa.
452 1056 626 1117 Quare
644 1057 965 1106 fremuerunt
983 1057 1053 1122 (p.
1075 1057 1143 1121 2).

233 1122 303 1175 Α.
331 1126 380 1174 3.
418 1122 600 1185 Quem,
621 1137 741 1172 cum
758 1123 875 1171 vitae
896 1124 1145 1174 sanctitas
1164 1129 1223 1173 ut
1239 1123 1334 1173 lux
1351 1139 1407 1173 se
1423 1125 1751 1188 monstravit,

412 1188 640 1238 Eboraci
657 1188 842 1238 civitas
861 1189 1327 1253 archipraesulavit3
1353 1189 1582 1254 alleluja.

316 1253 409 1304 Pe.
445 1253 582 1316 D‘fie,
602 1254 727 1319 quid
743 1254 1076 1320 multiplicati
1098 1255 1117 1319 (
1158 1292 1170 1305 .
1192 1256 1261 1320 2).

1102 1272 1227 1385 gffi,
1251 1323 1347 1386 Ro.
1368 1323 1515 1371 Mors
1535 1322 1847 1371 Sanctorum
1865 1321 2008 1386 ejus;
2033 1316 2282 1384 allelujaJ.

232 1318 326 1375 Vs.
353 1321 606 1371 Preciosa
625 1320 781 1370 estin
802 1327 1086 1385 conspectu

439 1435 626 1486 Lectio
647 1435 819 1485 sancti
836 1435 1114 1502 Euangelii
1138 1435 1427 1486 secundum
1448 1435 1487 1484 J
1491 1451 1728 1485 oannem.
1749 1434 1897 1501 [Gap.
1920 1436 1996 1485 15.
2015 1433 2097 1500 A.]

222 1552 261 1588 N
286 1537 382 1586 illo
410 1540 675 1601 tempore:
711 1535 841 1584 dixit
866 1534 904 1583 J
907 1550 1028 1584 esus
1060 1534 1329 1602 discipulis
1355 1535 1490 1586 suis:
1525 1536 1639 1600 Ego
1670 1551 1786 1585 sum
1811 1536 1934 1585 vitis
1953 1550 2093 1598 vera,
2118 1539 2171 1584 et
2191 1534 2350 1583 Pater

164 1551 371 1665 Umeus
408 1601 646 1668 agricola
680 1607 774 1651 est.
813 1603 882 1651 Et
914 1601 1130 1666 reliqua.

808 1700 1055 1750 Homelia
1078 1700 1130 1750 S.
1154 1700 1440 1766 Augustini
1457 1701 1726 1767 Episcopi.

231 1788 316 1836 De
332 1790 522 1836 sancto
533 1785 680 1833 Euan
686 1782 824 1850 gelio
837 1784 1077 1848 praesenti
1087 1789 1214 1833 tem-

168 1854 286 1917 pori
312 1856 695 1902 consonantem
714 1850 1103 1899 similitudinem
1122 1865 1213 1899 au-

170 1918 344 1979 distis,
384 1916 473 1983 [de
490 1915 591 1981 his]
620 1916 709 1979 qui
746 1921 1024 1981 operantur
1052 1917 1108 1964 in
1136 1917 1213 1964 vi-

169 1999 285 2033 nea.
313 1985 412 2033 Est
438 1982 579 2031 enim
608 1981 763 2031 modo
791 1988 996 2046 tempus
1031 1981 1212 2030 vinde-

169 2050 283 2098 miae
313 2048 637 2114 temporalia
669 2047 765 2096 Est
786 2052 958 2096 autem
989 2053 1040 2096 et
1063 2048 1212 2112 spiri-

170 2115 326 2163 tualis
345 2114 641 2176 vindemiae,
661 2113 753 2163 ubi
771 2114 916 2162 Deus
937 2113 1131 2178 gaudet
1144 2113 1212 2162 ad

171 2181 396 2230 fructum
427 2181 601 2228 vineae
642 2194 764 2228 suae.
802 2179 1034 2228 Colimus
1076 2180 1213 2228 enim

172 2247 358 2308 Deum,
395 2252 446 2296 et
481 2246 610 2296 colit
645 2262 745 2295 nos
774 2247 935 2295 Deus.
973 2245 1077 2295 Sed
1104 2262 1211 2294 non

173 2312 250 2360 sic
274 2313 443 2360 Deum
481 2311 718 2372 colimus,
746 2317 806 2360 ut
828 2327 927 2361 nos
956 2328 1074 2361 eum
1106 2328 1211 2361 me·

173 2375 356 2425 liorem
382 2376 643 2443 [colendo]
671 2378 938 2427 faciamus.
975 2378 1208 2428 Colimus

174 2443 309 2491 enim
355 2459 471 2493 eum
521 2443 803 2506 adorando,
844 2460 953 2492 non
993 2442 1208 2492 arand0.

171 2507 267 2556 Ille
301 2515 473 2558 autem
511 2510 638 2559 colit
665 2525 762 2558 nos
796 2515 1046 2573 tanquam
1073 2510 1208 2575 agri·

176 2573 290 2621 cola
338 2590 538 2639 agrum.
588 2575 743 2636 Quod
788 2591 912 2640 ergo
965 2575 1056 2624 ille
1109 2592 1207 2624 nos

176 2638 311 2701 colit,
348 2641 591 2691 meliores
632 2657 728 2690 nos
761 2641 953 2701 reddit3
996 2642 1120 2704 quia
1158 2647 1210 2690 et

174 2705 402 2768 agricola
436 2723 623 2773 agrum
659 2707 881 2756 colendo
907 2708 1032 2756 facit
1062 2706 1207 2756 meli-

1317 1801 1474 1834 orem.
1519 1785 1589 1834 Et
1626 1785 1798 1849 ipsum
1835 1784 2062 1833 fructum
2097 1783 2153 1832 in
2193 1782 2347 1834 nobis

1316 1852 1514 1915 quaerit,
1559 1856 1618 1899 ut
1663 1867 1782 1899 eum
1830 1850 2078 1900 colamuS.
2131 1847 2351 1898 Cultura

1312 1917 1482 1981 ipsius
1524 1922 1605 1965 est
1647 1917 1702 1965 in
1743 1932 1858 1978 noS‚
1903 1915 2045 1981 quod
2089 1930 2197 1964 non
2237 1930 2350 1965 ces-

1314 1988 1396 2031 sat
1417 1982 1579 2032 verbo
1605 1999 1701 2032 suo
1722 1983 1975 2048 extirpare
1994 1981 2132 2030 mala
2150 1982 2352 2030 semina

1313 2047 1377 2097 de
1396 2049 1640 2098 cordibus
1660 2048 1870 2110 nostris,
1896 2048 2093 2112 aperire
2113 2062 2203 2096 cor
2225 2062 2350 2096 nos-

1310 2120 1446 2163 trum
1459 2122 1707 2177 tanquam
1719 2119 1887 2162 aratro
1908 2114 2179 2174 sermoniS,
2198 2111 2350 2177 plan·

1310 2185 1421 2230 tare
1440 2181 1637 2230 semina
1655 2184 2047 2246 praeceptorum„
2071 2183 2348 2245 expectare

1311 2247 1536 2296 fructum
1564 2247 1789 2312 pietatis.
1826 2243 1957 2294 Cum
1988 2245 2126 2294 enim
2156 2242 2347 2309 [istam]

1312 2312 1571 2362 culturam
1611 2312 1963 2377 acceperimus
2004 2313 2061 2359 in
2097 2326 2188 2360 cor
2225 2326 2352 2360 nos-

1307 2384 1458 2440 trum,
1477 2384 1536 2427 ut
1548 2394 1665 2427 eum
1676 2377 1810 2428 bene
1825 2377 2077 2439 colamus,
2088 2392 2199 2425 non
2212 2377 2348 2426 exis-

1307 2445 1464 2493 timus
1493 2445 1685 2510 ingrati
1719 2444 1964 2509 agricolae
2002 2449 2211 2505 nostro,
2253 2442 2348 2492 sed

1307 2510 1533 2559 fructum
1562 2509 1823 2559 reddimus
1857 2525 1960 2573 quo
1995 2509 2238 2574 gaudeat.
2279 2510 2349 2558 Et

1308 2577 1506 2625 fructus
1548 2583 1726 2626 noster
1765 2592 1872 2624 non
1912 2575 2061 2623 illum
2108 2574 2348 2625 ditiorem

1308 2642 1447 2703 facit,
1481 2641 1574 2691 sed
1596 2657 1693 2691 nos
1717 2641 1995 2691 beatiores.
2033 2641 2118 2689 Tu
2157 2647 2345 2703 autem,

1308 2705 1454 2770 Dfle,
1478 2709 1720 2757 miserere
1737 2707 1919 2756 nostri.
1942 2708 2057 2755 Deo
2081 2707 2294 2772 gratias.

248 2786 294 2849 R
317 2786 407 2850 (1).
439 2790 616 2851 Hunc,
644 2805 798 2853 quem
818 2805 1066 2856 magnum
1088 2788 1260 2839 reddit
1282 2791 1583 2853 auctoritas,

343 2851 596 2917 [Ceddam
619 2871 839 2919 parvum
862 2858 988 2905 facit
1009 2856 1302 2905 humilitas:

402 2919 498 2968 Cui
521 2937 793 2985 nunquam
816 2921 963 2971 deest
984 2921 1283 2988 benignitas
1303 2939 1315 2983 ;
1341 2921 1572 2986 alleluja.

304 2995 370 3052 V.
396 3001 513 3051 Non
540 3003 732 3053 attollit
753 3003 902 3053 illum
925 3005 1268 3068 prosperitas3

337 3065 520 3131 Neque
543 3070 741 3134 frangit
763 3071 961 3134 quaevis
986 3069 1300 3119 adversitas:

386 3131 484 3182 Cui
506 3151 778 3199 nunquam
802 3135 948 3184 deest
968 3134 1297 3201 benignitas;
1318 3133 1568 3200 alleluja]

242 3256 279 3324 Β
305 3259 506 3333 100.)
541 3267 718 3318 Lectio
751 3268 797 3335 ij
825 3268 889 3318 de
919 3269 1254 3333 proprietate.

186 3366 376 3480 Qum·
409 3370 578 3416 autem
614 3367 667 3417 S.
704 3366 881 3417 Cedda
914 3383 1054 3419 anno
1090 3383 1205 3416 sex-

277 3430 549 3503 centesimo
590 3434 976 3498 septuagesimo
1017 3433 1082 3483 ab
1121 3434 1205 3482 In·

189 3497 478 3565 carnatione
499 3496 620 3561 Dffi,
661 3505 809 3548 sexto
834 3499 917 3548 die
938 3500 1207 3549 Nonarum

187 3548 504 3634 Martiarunu
547 3571 596 3612 et
634 3564 868 3629 sepultus
905 3571 999 3628 est,
1040 3566 1204 3630 primo

192 3616 391 3676 quidem
417 3632 562 3684 Juxta
600 3631 894 3680 Ecclesiam
926 3632 976 3681 S.
1010 3631 1205 3693 Mariae,

191 3679 281 3728 sed
291 3691 620 3758 postmodum,
632 3702 892 3746 costructa
906 3696 1100 3747 ibidem
1107 3698 1207 3746 Ec-

192 3742 352 3823 clesia
371 3749 651 3831 beatissimi
667 3762 1041 3827 Apostolorum
1066 3764 1207 3828 prin-

189 3822 320 3874 <³¹P1s
338 3814 487 3883 Petu,
504 3823 559 3873 in
576 3828 793 3878 eandem
810 3835 933 3878 sunt
953 3829 1066 3894 ejus
1085 3844 1209 3879 ossa

1303 3365 1573 3416 translata.
1616 3365 1679 3417 In
1713 3382 1816 3431 quo
1850 3372 2073 3431 utroque
2104 3366 2242 3429 1000,
2277 3367 2347 3417 ad

1303 3433 1557 3482 indicium
1588 3434 1796 3482 virtutis
1820 3433 1980 3495 illius,
2008 3434 2182 3483 solent
2208 3432 2344 3482 cele-

1304 3500 1420 3550 bria
1442 3501 1725 3548 sanitatum
1743 3499 1994 3549 miracula
2016 3499 2143 3548 fieri.
2181 3499 2343 3548 Deni-

1308 3581 1423 3628 que,
1448 3581 1614 3630 nuper
1648 3567 1926 3615 freneticus
1962 3564 2187 3628 quidam,
2221 3564 2345 3614 dum

1306 3647 1398 3696 per
1426 3636 1617 3681 cuncta
1648 3631 1865 3681 errando
1903 3630 2229 3693 discurreret,
2256 3630 2345 3680 de·

1305 3698 1451 3746 venit
1476 3697 1550 3747 ibi
1577 3712 1809 3762 vespere,
1843 3697 2200 3747 nescientibus
2229 3698 2344 3747 sive

1308 3778 1416 3814 non
1430 3764 1731 3815 curantibus
1742 3763 1847 3812 loci
1858 3761 2179 3813 custodibus.
2192 3763 2347 3813 Etibi

1307 3834 1420 3879 tota
1435 3836 1591 3881 nocte
1611 3830 1964 3895 requiescens,
1982 3844 2137 3880 mane
2156 3836 2343 3881 sanato
