2910 4457
1025 495 1121 555 De
1157 490 1559 572 completorio
1576 509 1700 570 per
1727 489 2092 550 Adventum.

641 688 987 756 Aia—amodo]
1019 685 1215 756 Gough
1246 689 1316 739 67
1342 684 1421 754 (v,
1459 692 1644 736 notam
1677 683 1773 750 ip.
1799 683 1951 743 xxiii,
1977 699 2099 734 cum
2132 680 2272 734 Add.
2311 691 2365 735 et
2398 684 2575 754 Corr.)

568 787 620 831 et
645 779 828 830 Douce
855 775 973 828 Res.
1000 779 1031 804 “
1048 773 1133 824 Ad
1158 771 1337 843 compl.
1365 772 1426 823 de
1449 771 1560 822 adv.
1588 769 1698 821 ebd.
1724 770 1909 837 incipi.
1937 769 2030 820 hoe
2052 769 2177 821 m0.’'

633 861 1083 928 hebdomadarius]
1112 862 1283 931 Cujus
1316 867 1394 913 est
1428 858 1661 911 officium
1692 872 1785 925 per
1814 854 2216 909 hebdomadam.
2266 857 2355 910 Sic
2380 876 2430 927 p.
2459 865 2490 911 5
2517 861 2576 912 b.

555 970 690 1021 puer
712 949 1152 1003 hebdomadarius.

634 1037 955 1109 respondeat]
988 1036 1055 1087 In
1082 1036 1267 1086 Douee
1292 1031 1409 1085 Ref.
1436 1032 1708 1083 omissum.

636 1133 874 1192 utsupra
900 1122 967 1172 ad
994 1120 1171 1189 Vesp.]
1194 1119 1315 1171 Hoc
1335 1132 1402 1170 ex
1426 1117 1722 1184 antiquiore
1740 1122 1794 1167 et
1811 1114 2041 1183 pleniore
2067 1105 2578 1170 Breviarii‘editione

567 1228 658 1279 per
683 1210 945 1262 incuriam
971 1208 1212 1259 relictum
1238 1221 1346 1257 esse
1371 1203 1594 1255 videtur.

636 1297 862 1366 incipiat
884 1293 1266 1363 Antiphonam]
1292 1290 1430 1343 Vide
1454 1307 1506 1359 p.
1531 1307 1586 1352 x,
1614 1291 1687 1340 xi.

634 1379 790 1447 mihi]
834 1380 1032 1432 Crebro
1070 1395 1336 1431 recurrens
1378 1378 1435 1428 in
1486 1375 1771 1427 Breviariis
1816 1375 2048 1442 antiquis
2092 1374 2348 1444 scriptura
2391 1376 2577 1440 michi,

565 1467 753 1530 nichil,
792 1467 889 1518 &Q
937 1467 1148 1518 brevem
1186 1464 1379 1517 vocalis
1422 1463 1607 1532 prioris
1645 1477 1851 1523 sonum,
1890 1459 1959 1511 ad
2000 1460 2092 1513 illa
2132 1477 2299 1530 usque
2342 1469 2579 1531 tempora

567 1573 601 1608 a
623 1555 910 1623 majoribus
934 1553 1124 1605 nostris
1148 1560 1429 1614 retentum,
1454 1551 1682 1619 respicit.

636 1651 685 1692 et
719 1642 985 1691 intonetur
1024 1636 1288 1704 Psalmus]
1318 1636 1363 1687 Ι.
1400 1654 1444 1688 e.
1474 1635 1755 1687 dimidium
1786 1633 1966 1687 versus
1996 1635 2155 1704 primi
2180 1635 2576 1704 pree-cantando

564 1728 885 1795 incipiatur;
920 1731 1039 1792 post
1087 1740 1248 1790 quam
1296 1722 1787 1790 prae-cantationem
1838 1720 2046 1773 Chorus
2093 1722 2273 1773 statim
2316 1722 2577 1791 reliquam
2636 1702 2642 1709 Ι

565 1814 718 1866 istius
750 1810 926 1863 versfis
963 1818 1016 1862 et
1039 1810 1200 1861 totius
1225 1808 1424 1860 Psalmi
1462 1816 1666 1877 partem
1690 1816 1887 1860 cantat.
1963 1807 2118 1860 Idem
2142 1808 2283 1861 infra
2307 1808 2579 1862 Psalmum

568 1897 797 1950 exaltare
819 1896 996 1948 vocari
1023 1894 1249 1946 videtur.

642 1985 703 2036 de
738 1984 994 2054 superiori
1024 1982 1217 2051 qradu]
1259 1981 1455 2034 Confer
1491 1985 1504 2010 ‘
1526 1982 1588 2033 de
1623 1982 1669 2053 ij
1689 1980 1894 2051 formci'
1928 1982 2170 2050 proxime
2196 1998 2366 2050 supra.
2440 1979 2580 2034 Vide

572 2081 751 2125 autem
776 2071 846 2124 ad
868 2088 918 2140 p.
946 2076 979 2122 5
1004 2071 1055 2122 b.

645 2160 713 2212 In
750 2169 803 2213 te
843 2158 980 2211 D’ne
1013 2158 1231 2230 speravi.
1243 2157 1321 2228 j.]
1366 2156 1412 2208 I.
1458 2174 1502 2209 e.
1551 2156 1797 2209 Psalmus
1832 2156 2032 2225 primus
2071 2156 2163 2225 qui
2198 2156 2267 2208 ab
2297 2156 2382 2208 his
2413 2158 2582 2209 verbis

572 2249 775 2318 incipit.
1496 2293 1505 2302 .

639 2351 797 2402 usque
819 2333 888 2385 ad
911 2353 954 2385 v.
982 2332 1155 2386 Odisti
1180 2332 1544 2401 observantes]
1574 2332 1620 2384 I.
1648 2350 1692 2385 e.
1719 2329 1981 2384 exclusive
1998 2373 2009 2383 .
2050 2331 2378 2384 Breviarium
2402 2340 2581 2385 autem

577 2419 926 2480 Eboracense‚
941 2418 1275 2486 “-speravi.
1295 2436 1457 2485 usque
1481 2419 1548 2469 In
1573 2434 1766 2469 manus
1791 2417 1951 2468 tuas.”
1969 2418 2004 2468 i.
2025 2434 2070 2468 e.
2091 2434 2257 2485 usque
2282 2418 2353 2469 ad
2375 2435 2582 2470 versum

577 2508 740 2558 istum
766 2505 1040 2556 inclusive.

646 2592 708 2642 de
730 2587 1054 2660 quocunque]
1085 2589 1149 2641 In
1181 2588 1378 2658 Gough
1402 2592 1473 2642 67
1498 2589 1846 2658 quodcunque.

649 2677 778 2730 Post
801 2681 834 2707 “
850 2677 919 2728 ad
943 2686 1170 2728 octavam
1187 2676 1439 2748 paschae.”
1483 2676 1681 2744 Gough
1705 2679 1774 2728 67
1799 2683 1853 2727 et
1878 2674 2066 2728 Douce
2092 2675 2209 2729 Ref.
2243 2676 2465 2741 addunt,
2488 2682 2583 2731 “et

575 2767 827 2817 dicuntur
848 2766 944 2816 sub
967 2764 1082 2816 unci
1104 2782 1235 2833 voce,
1262 2765 1467 2815 nullum
1488 2765 1742 2829 psalmum
1767 2763 2037 2816 exaltando
2060 2766 2118 2814 in
2143 2765 2289 2816 choro
2322 2770 2382 2815 ut
2403 2781 2580 2829 supra.

580 2856 665 2910 Cf.
691 2875 742 2925 p.
767 2862 799 2908 4
825 2858 876 2908 b.
902 2873 1025 2909 cum
1050 2863 1228 2907 annot.
1256 2854 1447 2907 nostrii.
1489 2854 1558 2906 In
1591 2854 1782 2922 quibus
1817 2853 1973 2905 verba
1996 2854 2197 2904 nullum
2214 2853 2474 2918 psalmum
2497 2869 2583 2905 ea*-

577 2945 782 2995 altando
807 2941 876 3008 (v,
902 2942 1079 3010 supra)
1106 2940 1521 3009 praeoedentium
1544 2941 1640 2991 sub
1675 2939 1787 2990 unii
1811 2955 1925 2991 voce
1950 2940 2003 3005 (i.
2032 2957 2075 2992 e.
2100 2939 2442 3006 intonatione)
2469 2956 2581 2991 sen-

580 3046 701 3082 sum
736 3029 1029 3096 explicant:
1067 3029 1127 3077 in
1161 3029 1308 3079 choro
1343 3036 1521 3078 autem
1559 3034 1613 3078 et
1646 3031 1708 3077 ut
1738 3042 1899 3091 supra
1929 3028 2067 3078 recte
2105 3025 2287 3077 addita
2322 3034 2461 3090 sunt,
2485 3026 2581 3080 hoo

580 3119 706 3186 quia
742 3115 807 3168 de
843 3113 953 3167 una
988 3111 1201 3167 tantum
1236 3115 1567 3167 intonatione
1609 3115 1808 3166 mentio
1845 3130 2002 3182 supra
2038 3112 2180 3165 facta
2224 3112 2412 3176 fuerat,
2451 3113 2583 3166 illud

580 3206 707 3274 quia
730 3212 880 3256 extra
904 3203 1137 3266 chorum,
1172 3203 1208 3254 i.
1235 3218 1284 3254 e.
1319 3202 1568 3269 privatim
1600 3201 1957 3263 recitantibuS,
1979 3200 2334 3252 intonationes
2371 3199 2441 3252 ad
2473 3201 2581 3269 pla·

583 3291 748 3343 citum
776 3289 886 3341 fieri
911 3294 1168 3357 poterant.

650 3376 736 3429 Ad
777 3374 1085 3444 Capitulum
1133 3375 1190 3426 in
1242 3373 1428 3425 Douoe
1479 3372 1597 3427 Res.
1641 3373 1781 3426 male
1831 3374 1890 3426 in
1930 3373 2172 3442 margine
2217 3380 2462 3426 notatum
2511 3381 2584 3425 est

585 3468 617 3493 “
640 3463 779 3516 Isaie
802 3461 903 3514 4’':
940 3478 989 3512 v.
1016 3459 1083 3513 ad
1109 3459 1172 3512 P.
1204 3465 1299 3513 101
1329 3476 1378 3512 a.
