2910 4457
528 400 650 467 148

521 551 664 600 diam
678 563 826 600 suam
838 563 851 609 ;
872 552 922 597 et
939 547 1140 598 invenit
1151 549 1371 613 gratiam
1387 563 1562 599 coram

524 617 687 667 oculis
711 612 835 663 Di‘ii.

590 683 650 746 Bc.
690 680 728 730 J
731 684 904 729 ustum
938 677 1152 729 deduxit
1184 677 1300 730 Dns
1343 680 1443 731 Per
1483 681 1561 729 vi-

526 764 585 798 as
618 751 803 797 rectas.
830 743 1060 811 [Justum
1076 745 1364 812 -rectas.]
1396 745 1463 800 V.
1493 748 1563 796 Et

527 812 755 864 ostendit
775 811 854 860 illi
888 827 1106 877 regnum
1125 812 1241 861 Dei.
1277 812 1378 862 Per
1402 811 1473 878 [V.
1497 810 1557 877 r.]

527 880 708 930 Gloria
745 877 910 942 —Sp.
929 876 1001 943 S.]
1021 878 1059 927 J
1061 883 1236 928 ustum
1256 876 1340 943 [—
1349 876 1559 943 rectas].

589 944 680 1005 Vs,
748 950 896 993 ustus
921 948 980 992 ut
1002 943 1178 1008 palma
1202 943 1254 1008 (5
1277 943 1380 1008 61).

598 1009 782 1060 Oratio
803 1017 862 1058 ut
882 1025 1059 1073 supra.

589 1077 677 1125 An
697 1076 926 1136 ΝοΝΑΜ,
951 1074 1016 1124 A.
1037 1075 1196 1125 Serve
1215 1074 1355 1125 bone
1367 1081 1419 1125 et
1434 1074 1560 1125 fide-

530 1143 597 1193 lis
618 1142 669 1202 (5
689 1141 791 1204 62).
814 1138 902 1189 Pa.
925 1140 1203 1190 Mirabilia.
1250 1140 1357 1191 ὦσα
1376 1158 1421 1191 v.
1442 1143 1473 1202 5
1492 1139 1557 1206 6.]

597 1208 721 1271 Gap.
747 1205 931 1271 (Eccl'i
952 1209 1034 1256 45.
1059 1208 1123 1268 A,
1147 1207 1206 1255 B.
1252 1224 1296 1256 v.
1320 1205 1505 1272 Antist)

639 1285 1011 1322 sexnucnvrr
1051 1287 1170 1322 eum
1192 1273 1248 1320 in
1273 1279 1562 1338 conspectu

522 1286 638 1453 m
663 1355 860 1405 regum,
906 1343 958 1387 et
1003 1337 1145 1388 dedit
1186 1336 1266 1387 illi
1312 1354 1563 1389 coronam

584 1421 723 1454 oriae.

523 1421 561 1470 g
592 1472 653 1535 Bc.
691 1471 879 1520 Justus
917 1477 977 1521 ut
1015 1470 1191 1536 palma
1230 1470 1451 1530 florebit,
1498 1472 1562 1520 In

526 1536 680 1586 domo
704 1535 827 1586 Di‘ii.
855 1534 1058 1601 [Justus
1083 1565 1147 1575 -
1164 1535 1284 1587 Dffi.
1331 1536 1396 1590 V.
1416 1537 1564 1586 Sicut

526 1602 713 1652 cedrus
758 1601 948 1652 Libani
996 1603 1285 1669 multiplica
1323 1604 1440 1651 itur.
1499 1602 1560 1651 In

525 1667 681 1718 domo
721 1668 949 1717 Domini.
1000 1670 1182 1720 Gloria
1223 1669 1240 1748 [
1260 1696 1326 1705 —
1359 1670 1448 1734 Sp.
1485 1667 1583 1748 S]-

522 1733 562 1784 J
564 1739 712 1784 ustus
734 1739 793 1782 ut
814 1733 988 1798 palma
1013 1732 1113 1800 [—
1135 1735 1281 1798 D‘sul.

591 1798 680 1861 Vs,
701 1800 736 1849 J
743 1805 891 1849 ustus
914 1802 1224 1865 germinabit
1244 1801 1296 1865 (5
1310 1798 1412 1863 62).

599 1864 778 1915 Oratio
799 1872 858 1914 ut
879 1881 1056 1929 supra.
1496 1897 1501 1904 =

589 1932 677 1981 An
717 1930 770 1980 11
809 1931 1019 1993 Vnsr's,
1059 1932 1124 1982 A.
1148 1933 1288 1982 Ecce
1313 1931 1561 1982 sacerdos

523 2013 609 2048 ma
647 2012 744 2046 nus
770 1995 822 2060 (5
847 1997 949 2061 62).
975 1997 1174 2048 Psalmi
1195 1996 1448 2047 Feriales.

637 2078 722 2128 ap.
733 2062 1179 2115 Benedictionem.
1192 2062 1210 2130 [
1225 2062 1281 2113 V.
1300 2067 1330 2126 5
1344 2065 1405 2113 57
1420 2071 1469 2114 et
1482 2066 1560 2126 62,

523 2147 637 2181 cum
658 2127 890 2194 Annam]
1069 2191 1078 2196 „

591 2196 654 2248 Si
691 2195 885 2260 duplex
910 2195 1105 2262 festum
1130 2195 1319 2262 fuerit,
1363 2195 1559 2247 dicitur

524 2264 587 2325 R.
614 2263 803 2312 Sancte
837 2261 934 2325 N.‚
969 2264 1161 2313 Christi
1185 2263 1469 2313 Confessor
1505 2262 1557 2328 (5

524 2329 637 2392 60):
661 2328 743 2377 ein
763 2335 947 2390 autem,
971 2329 1173 2378 nullum
1194 2330 1240 2392 B
1259 2329 1485 2379 dicatur.

589 2394 843 2457 Hymnus,
877 2393 915 2443 J
918 2409 1012 2444 esu
1033 2394 1351 2459 Redemptor
1375 2395 1428 2458 (5
1452 2394 1556 2459 62).

589 2458 677 2521 Vs,
701 2459 890 2508 «Iustus
913 2460 1227 2525 germinabit
1252 2460 1305 2523 (5
1329 2463 1432 2524 62).

588 2525 654 2574 Α.
677 2524 782 2574 Iste
800 2529 880 2574 est
900 2526 991 2588 qui
1016 2531 1136 2575 ante
1152 2527 1321 2575 Deum
1339 2542 1557 2592 magnas

522 2591 741 2640 virtutes
766 2597 1008 2655 operatus
1032 2598 1126 2654 est,
1152 2598 1204 2641 et
1227 2593 1396 2642 omnis
1419 2599 1557 2642 terra

524 2656 761 2707 doctrina
786 2658 896 2720 ejus
919 2657 1117 2722 repleta
1137 2664 1241 2708 estt
1266 2659 1380 2724 ipse
1397 2659 1556 2708 inter-

522 2722 674 2773 cedat
689 2737 788 2835 pro
812 2725 1042 2788 peccatis
1079 2725 1310 2774 omnium
1334 2725 1555 2790 populo-

523 2806 653 2839 rum.
738 2805 778 2837 s.
812 2789 1133 2855 Magnificat.

597 2854 776 2904 Oratio
797 2863 856 2904 ut
875 2871 1052 2920 supra.

588 2917 628 2986 θ
660 2918 815 2985 64.)
863 2921 904 2971 ³
955 2917 1083 2971 Item
1126 2921 1246 2972 aliae
1289 2919 1558 2973 Lectiones

536 2986 696 3037 Unius
723 2986 869 3052 Cous.
893 2995 942 3037 et
964 2985 1116 3037 Pont.

842 3051 1017 3103 Lectio
1032 3053 1227 3118 prima.

601 3132 785 3168 navus
799 3118 958 3184 igitur
976 3121 1065 3183 qui
1081 3121 1344 3185 geminata
1359 3119 1557 3169 talenta

524 3130 602 3247 S
616 3185 805 3247 retulit,
832 3202 863 3235 a
884 3183 1006 3235 Dfio
1029 3185 1287 3248 laudatur,
1312 3192 1469 3249 atque
1489 3185 1557 3235 ad

522 3259 768 3302 aeternam
809 3253 1279 3302 remunerationem
1313 3252 1554 3317 perduci-

521 3323 637 3379 tur3
674 3332 792 3367 cum
816 3318 866 3367 ei
886 3334 1019 3367 voce
1042 3318 1320 3367 Dominica
1345 3317 1553 3367 dicitur:

521 3385 670 3449 Euge
683 3400 831 3435 serve
842 3384 980 3434 bone
1000 3390 1051 3433 et
1063 3382 1249 3433 fidelis:
1267 3383 1389 3447 quia
1400 3399 1557 3448 super

520 3465 690 3515 pauca
721 3451 865 3500 fuisti
897 3450 1083 3511 fidelis,
1118 3465 1277 3514 supra
1308 3449 1470 3498 multa
1502 3453 1555 3498 te

524 3516 863 3566 constituam:
903 3516 1043 3565 intra
1074 3516 1130 3564 in
1163 3514 1411 3580 gaudium
1445 3516 1555 3564 Do-

519 3582 649 3632 mini
669 3583 761 3631 tui.
1303 3579 1478 3630 Lectio
1499 3580 1555 3648 ij.

520 3657 767 3771 Pinum}
798 3647 1006 3713 quippe,
1038 3648 1239 3725 tratres,
1270 3652 1393 3695 sunt
1413 3646 1557 3697 bona

520 3728 800 3828 ...ἓξὲξ
821 3718 1555 3841 exsarturum:

1190 416 1426 458 00110Νὲ
1453 417 1599 459 mus
1627 417 1961 458 coutssssolus
1988 418 2049 456 m·

2413 401 2466 467 (5
2498 404 2705 455 63·65

1658 551 1929 615 paratione
1951 549 2309 600 retributionis
2330 554 2562 600 aeternae.
2602 550 2712 601 Sed

1658 623 1787 666 tunc
1808 616 1977 666 fidelis
2001 631 2185 666 servus
2209 631 2370 681 supra
2392 616 2559 665 multa
2577 632 2709 667 con·

1660 682 1906 745 stituitur,
1933 681 2159 746 quando,
2186 681 2392 732 devicta
2417 683 2561 731 omni
2589 698 2709 733 cor-

1658 749 1917 812 ruptionis
1944 746 2199 811 molestia,
2239 747 2302 797 de
2329 749 2538 798 aeternis
2571 763 2707 815 gau·

1661 813 1759 864 diis
1783 813 1839 863 in
1861 812 1955 863 illa
1978 813 2180 929 οωΙΙΙῖεῑὶ
2203 813 2329 863 sede
2352 813 2630 880 gloriatur.

2118 879 2214 929 ctio
2236 879 2278 929 ii
2290 880 2311 929 ‘.

1748 958 1861 994 msc
1902 944 2041 994 enim
2080 946 2136 994 in
2175 898 2296 994 Dfii'
2325 946 2407 995 sui
2447 944 2710 1011 gaudium

1657 957 1976 1074 ἽΓΡθιΐοοιο
1996 1011 2373 1073 intromittitur,
2403 1009 2619 1074 quando
2648 1013 2708 1061 in

1658 1074 1750 1124 illa
1775 1082 1967 1126 aeterna
1988 1077 2157 1140 patria
2187 1083 2507 1141 assumptus,
2543 1083 2707 1140 atque

1659 1142 1967 1220 angelorum
1985 1142 2207 1193 coetibus
2227 1141 2504 1205 admixtus,
2526 1144 2607 1191 sic
2625 1143 2708 1192 in-

1657 1212 1817 1257 tenus
1839 1207 2035 1274 gaudet
2059 1207 2123 1257 de
2147 1224 2376 1268 munere,
2410 1214 2470 1258 ut
2497 1224 2614 1258 non
2639 1209 2710 1258 sit

1660 1273 1800 1337 quod
1816 1275 1929 1338 jam
1951 1275 2177 1323 exterius
2203 1274 2378 1325 doleat
2401 1274 2466 1324 de
2487 1289 2706 1340 corrup-

1658 1340 1820 1389 tione.

1904 1402 1943 1469 ὃ
1970 1402 2127 1472 850)
2154 1403 2331 1455 Lectio
2353 1405 2452 1471 iiij.

1738 1483 1922 1520 navus
1946 1472 2035 1535 qui
2067 1473 2271 1537 operari
2293 1470 2357 1520 de
2382 1472 2584 1522 talento
2609 1487 2709 1523 no·

1660 1482 1737 1598 S
1754 1537 1866 1598 luit,
1892 1552 2010 1587 cum
2043 1538 2218 1588 verbis
2251 1538 2613 1588 excusationis
2638 1537 2709 1587 ad

1659 1602 1801 1652 Dfim
1832 1604 1982 1664 redit,
2018 1603 2224 1653 dicens:
2257 1601 2393 1664 Dfie,
2429 1603 2541 1653 scio
2580 1605 2708 1667 quia

1658 1669 1815 1719 homo
1840 1669 2000 1718 durus
2025 1685 2108 1718 es:
2134 1670 2286 1718 metis
2311 1668 2400 1718 ubi
2417 1685 2527 1719 non
2547 1671 2705 1719 semi-

1658 1736 1817 1797 nasti,
1836 1742 1888 1783 et
1901 1750 2191 1801 congregas
2205 1735 2296 1785 ubi
2307 1750 2417 1784 non
2429 1735 2701 1800 sparsisti3

1660 1808 1712 1849 et
1734 1801 1923 1850 timens
1947 1800 2069 1864 abii,
2095 1808 2147 1850 et
2169 1800 2428 1851 abscondi
2444 1800 2710 1852 talentum

1658 1872 1807 1916 tuum
1818 1868 1873 1915 in
1884 1873 2045 1916 terra:
2066 1882 2189 1917 ecce
2208 1867 2371 1917 habes
2390 1866 2533 1931 quod
2551 1873 2706 1916 tuum

1659 1939 1755 1982 est.
1800 1933 2098 1984 Notandum
2140 1948 2265 1983 vero
2312 1932 2453 1997 quod
2494 1931 2704 1983 inutilis

1659 2014 1842 2049 servus
1861 1997 2001 2048 D‘fim
2020 1998 2204 2048 durum
2221 2005 2401 2059 vocat3
2424 1998 2510 2048 cui
2521 2004 2703 2048 tamen

1660 2063 1726 2114 ad
1759 2064 1964 2113 lucrum
2002 2064 2259 2114 deservire
2284 2064 2598 2114 dissimulat.
2632 2064 2705 2113 Et

1657 2131 1895 2179 timuisse
1919 2146 1978 2179 se
2002 2130 2129 2180 dicit
2148 2132 2205 2179 in
2222 2131 2426 2180 lucrum
2442 2129 2706 2179 talentum

1659 2196 1968 2261 expendere,
2015 2199 2104 2261 qui
2149 2197 2251 2247 hoc
2297 2196 2470 2261 solum
2514 2197 2705 2247 timere

1660 2263 1924 2325 debuerat,
1948 2279 2015 2312 ne
2028 2264 2129 2314 hoc
2139 2265 2251 2314 sine
2268 2262 2416 2313 lucro
2436 2263 2504 2312 ad
2515 2263 2703 2312 Domi-

1657 2346 1785 2379 num
1805 2334 2109 2394 reportaret.
2439 2327 2620 2379 Lectio
2654 2346 2703 2379 v.

1659 2395 1847 2511 gum·
1880 2401 2052 2444 autem
2086 2395 2319 2461 plerique
2366 2396 2506 2444 intra
2547 2410 2706 2444 sanc—

1738 2466 1844 2509 tam
1854 2460 2147 2510 Ecclesiam
2156 2477 2386 2526 quorum
2399 2462 2499 2509 iste
2512 2475 2704 2510 servus

1656 2526 1940 2592 imaginem
1968 2533 2127 2588 tenet,
2169 2527 2260 2591 qui
2298 2527 2531 2576 melioris
2576 2528 2705 2576 vitae

1654 2592 1770 2642 vias
1802 2592 2020 2658 aggredi
2049 2598 2303 2654 metuunt,
2339 2600 2391 2642 et
2422 2599 2602 2641 tamen
2617 2593 2706 2656 ja·

1657 2672 1774 2707 cere
1797 2659 1853 2707 in
1871 2660 1953 2708 sui
1977 2660 2208 2723 corporis
2223 2660 2438 2725 ignavia
2454 2673 2565 2706 non
2584 2673 2706 2722 per·

1655 2724 1953 2773 timescunt.
1989 2724 2121 2773 Cum
2147 2727 2285 2775 enim
2308 2729 2616 2790 peccatores
2644 2740 2704 2774 se

1658 2789 2004 2851 considerant,
2018 2792 2311 2840 sanctitatis
2330 2791 2445 2840 vias
2463 2791 2703 2855 arripere

1654 2856 1932 2921 trepidant,
1960 2862 2012 2905 et
2033 2872 2300 2906 remanere
2327 2857 2384 2905 in
2409 2855 2703 2919 iniquitati-

1654 2922 1753 2973 bus
1772 2922 1880 2972 suis
1904 2938 2011 2971 non
2035 2922 2332 2971 formidant.
2427 2921 2607 2972 Lectio
2634 2921 2704 2986 vj.

1657 2989 1809 3103 gun
1824 2989 1913 3052 qui
1929 2988 2127 3038 idcirco
2145 2988 2376 3038 melioris
2386 2987 2600 3037 habitus
2620 2988 2705 3037 vi·

1735 3069 1792 3103 as
1816 3061 1867 3103 et
1888 3055 2124 3104 rectioris
2149 3055 2270 3104 vitae
2295 3053 2703 3119 apprehendere

1654 3134 1826 3168 arcem
1848 3120 2049 3182 nolunt,
2087 3120 2209 3184 quia
2236 3120 2472 3169 infirmos
2498 3134 2556 3168 se
2576 3133 2702 3168 esse

1656 3186 2005 3250 conspiciunt,
2040 3187 2190 3266 Quasi
2225 3184 2278 3234 et
2305 3192 2615 3250 peccatores
2643 3200 2705 3234 se

1653 3251 1901 3313 fatentur,
1925 3252 1978 3300 et
1993 3253 2135 3301 Dnm
2151 3251 2436 3316 repellunt3
2471 3266 2707 3314 eumque

1655 3317 1710 3365 in
1744 3332 1849 3381 quo
1889 3318 2206 3368 sanctificari
2241 3316 2530 3367 debuerant
2558 3319 2706 3367 refu-

1653 3383 1820 3447 giunt.
1851 3384 1935 3444 Et,
1952 3384 2172 3434 velutin
2228 3383 2584 3433 erturbatione
2605 3398 2707 3447 po·

1654 3448 1757 3511 siti,
1776 3449 2053 3498 consilium
2072 3465 2180 3498 non
2235 3450 2418 3509 abent;
2438 3448 2563 3497 dum
2586 3464 2707 3498 mo·

1654 3516 1856 3564 riuntur
1898 3521 1950 3564 et
1993 3517 2157 3564 vitam
2194 3517 2394 3565 timent.
2446 3513 2608 3564 Unde
2653 3520 2709 3564 et

1653 3580 1778 3631 huic
1830 3597 1983 3630 servo
2039 3581 2279 3646 protinus
2321 3580 2706 3645 respondetur:

1657 3646 1820 3697 Serve
1856 3647 1992 3699 male
2032 3654 2084 3696 et
2123 3647 2286 3713 piger,
2327 3646 2535 3697 sciebas
2575 3647 2710 3711 quia

1654 3719 1791 3762 meto
1826 3713 1919 3763 ubi
1952 3729 2062 3762 non
2094 3714 2312 3774 semino,
2349 3718 2401 3761 et
2423 3727 2708 3778 congrego

1653 3778 1747 3828 ubi
1780 3795 1890 3828 non
1922 3794 2131 3845 spargo.
2183 3778 2430 3843 Oportuit
2470 3794 2605 3845 ergo
2653 3788 2711 3831 te
