2910 4457
187 372 292 421 An
316 373 481 436 5162,
505 370 621 436 163)
877 387 1257 437 ΗΕΒυοΜΑυΑιΕ)
1284 387 1458 427 sinon
1484 386 1666 426 omum
1694 385 1926 427 EPlscoPI.
2173 376 2373 465 lxxvij

304 521 374 570 In
405 520 633 572 Galliam
668 524 841 571 autem
867 520 918 570 S.
943 521 1233 584 Wilfridus,
1274 521 1340 571 ob
1367 537 1484 571 eum
1506 518 1847 585 probabiliter
1869 536 2041 571 rerum
2069 528 2273 588 statum,
2309 525 2372 575 de

192 620 313 669 quo
344 604 401 653 in
424 604 607 653 ultima
629 604 896 653 Lectionis
919 604 955 667 ij
980 604 1195 669 periodo
1221 604 1461 671 legimus,
1484 605 1675 653 missus
1702 607 1795 652 est.

304 686 622 735 Lectionum
645 700 773 735 vero
801 686 837 749 ij
865 691 917 735 et
937 687 994 750 iij
1017 686 1251 748 historia,
1288 701 1406 735 cum
1428 684 1692 750 plerisque
1718 685 1871 733 etiam
1897 687 2086 751 verbis»,
2113 704 2176 738 ex
2202 691 2252 742 S.
2276 694 2374 743 Be-

190 768 281 819 ‹1ae
307 769 451 818 Hist.
468 768 614 819 Eccl.
639 768 732 818 III.
761 772 824 819 28
850 773 900 817 et
924 768 1010 818 lv.
1038 772 1065 817 2
1092 773 1323 818 extracta
1347 772 1454 829 est3
1480 769 1555 816 ita
1580 779 1755 817 tamen
1773 773 1832 817 ut
1849 763 1921 833 (si
1938 769 2041 819 hoc
2058 776 2242 822 notatu
2262 774 2373 839 dig-

188 867 336 900 num
365 851 463 914 est)
487 852 544 899 in
566 852 689 900 Lec.
723 851 778 913 iij
815 854 936 916 post
972 849 1228 913 “Cedda'’‚
1262 848 1602 898 “maximam''
1632 849 1899 915 inscrtum,
1935 858 2057 917 post
2093 854 2375 918 “veritati’'‚

194 934 288 983 “et
315 932 581 982 castitati''
608 933 856 982 omissum
880 931 996 981 sit*

301 1016 443 1065 Post
467 1016 746 1081 “migrasse
776 1014 840 1064 de
870 1014 1109 1077 saeculo‚''
1133 1016 1188 1064 in
1217 1016 1332 1081 ipso
1362 1014 1414 1065 S.
1440 1014 1587 1064 Beda
1616 1013 1821 1079 legitur,
1855 1016 1936 1065 “et
1963 1016 2187 1068 necdum
2216 1017 2374 1069 alium

195 1100 335 1166 “pro
367 1115 429 1148 eo
459 1098 792 1148 constitutum
817 1099 978 1148 fuisse
1000 1097 1351 1164 pontificem.''

306 1180 473 1241 Quod
502 1188 675 1232 autem
709 1182 775 1231 ad
809 1198 922 1231 eam
955 1182 1007 1232 S.
1044 1181 1235 1233 Ceddae
1267 1181 1721 1231 consecrationem
1757 1197 1872 1245 quae
1903 1184 1955 1233 in
1990 1184 2092 1234 hac
2122 1187 2375 1237 Lectione

193 1268 455 1313 narratur
490 1265 688 1328 attinet,
721 1264 882 1331 Ep'us
911 1265 1118 1327 “Uini”,
1147 1270 1202 1314 ut
1226 1266 1291 1314 ab
1317 1266 1433 1331 ipso
1463 1265 1514 1315 S.
1540 1263 1684 1314 Beda
1702 1262 1819 1329 (ΙΙΙ.
1848 1266 1934 1335 28)
1956 1267 2214 1333 docemur,
2243 1269 2373 1319 duos

194 1362 265 1395 ex
293 1362 412 1395 non
439 1348 691 1396 canonice
716 1347 965 1397 ordinatis
992 1347 1080 1412 (ad
1103 1347 1397 1399 Brittonum
1432 1352 1640 1413 gentem
1664 1349 2007 1413 pertinentes)
2033 1351 2191 1415 Ep'os
2214 1352 2268 1400 in
2296 1366 2374 1401 or-

196 1428 498 1478 dinationis
533 1428 835 1478 societatem
870 1430 1176 1494 assumpsit;
1210 1428 1348 1478 unde
1382 1445 1491 1478 non
1526 1430 1712 1479 mirum
1742 1431 1986 1496 estquod
2010 1432 2372 1497 Archiepisco-

194 1527 304 1576 pus
334 1510 734 1561 Cantuariensis
771 1512 860 1574 qui
891 1512 946 1560 in
982 1510 1213 1560 defuncti
1237 1510 1530 1560 Deusdedit
1559 1510 1735 1560 locum
1759 1514 2027 1576 successit,
2063 1514 2372 1565 Theodorus

198 1593 439 1657 scilicet,
466 1593 687 1643 eundem
712 1593 761 1644 S.
788 1594 1033 1657 Ceddam,
1058 1595 1343 1659 praesertim
1366 1596 1420 1643 iii
1440 1593 1681 1644 Ecclesia
1701 1596 1750 1645 S.
1769 1595 2012 1659 Wilfridi,
2044 1598 2246 1647 etiamsi
2267 1613 2380 1648 eam

193 1674 421 1724 interim
455 1690 547 1739 per
575 1681 681 1725 tres
712 1691 879 1728 annos
918 1676 1285 1741 “sublimiter”,
1319 1692 1423 1728 sec.
1461 1677 1509 1726 S.
1536 1678 1735 1728 Bedam
1766 1675 1855 1744 (V,
1883 1677 1982 1741 20),
2007 1685 2226 1742 rexerat,
2251 1695 2374 1729 con-

195 1756 420 1806 firmare
445 1757 687 1808 noluerit.

308 1840 420 1901 Qui
437 1844 626 1904 tamen,
652 1840 897 1893 “audiens
915 1842 1259 1893 humilitatem
1275 1843 1635 1908 responsionis
1657 1843 1785 1907 ejus,
1807 1844 1950 1906 dixit,
1969 1860 2076 1894 non
2098 1860 2214 1895 eum
2226 1846 2375 1913 Epis-

202 1923 495 1988 “copatum
532 1924 785 1975 dimittere
821 1925 1036 1995 debere;
1074 1925 1166 1975 sed
1198 1928 1314 1991 ipse
1351 1926 1731 1976 ordinationem
1765 1927 1876 1990 ejus
1907 1927 2077 1977 denuo
2104 1927 2377 1978 Catholica

204 2006 450 2055 “ratione
477 2007 891 2057 consummavit''
918 2007 991 2070 (S.
1013 2008 1173 2069 Beda,
1197 2008 1285 2070 IV,
1305 2007 1383 2072 2);
1412 2014 1464 2056 et
1485 2012 1682 2072 postea,
1709 2024 1866 2072 quum
1883 2010 2088 2058 interim
2111 2008 2160 2057 S.
2182 2008 2374 2071 Cedda,

200 2090 296 2152 qui
329 2090 470 2139 inter
502 2095 719 2139 mortem
745 2090 796 2140 S.
823 2089 981 2140 Ceddi
1004 2091 1175 2140 fratris
1209 2091 1289 2140 sui
1314 2096 1365 2139 et
1397 2091 1775 2157 Episcopatum
1800 2106 1966 2153 suum,
1993 2090 2375 2142 Monasterium

201 2188 363 2222 suum
411 2172 856 2240 Laestingaeuense
900 2178 1117 2235 rexerat,
1162 2172 1357 2237 ibidem
1403 2171 1786 2236 aliquantulum
1832 2173 1994 2222 vitam
2040 2172 2376 2238 tranquillam

202 2257 422 2321 egisset,
450 2256 685 2318 eundem,
713 2271 830 2305 cum
854 2258 1026 2306 fructu
1050 2256 1369 2321 felicissimo,
1393 2256 1647 2306 Ecclesiae
1668 2255 2022 2306 Lichfeldensi
2044 2256 2289 2321 praefecit.

306 2338 396 2386 Ex
421 2337 611 2402 quibus
635 2338 790 2387 facile
823 2337 1184 2402 intelligentur
1207 2344 1313 2388 tam
1343 2354 1460 2402 quae
1482 2339 1538 2387 in
1564 2338 1795 2389 secundo
1822 2356 1978 2404 quam
2002 2355 2117 2404 quae
2139 2340 2196 2388 in
2220 2340 2372 2389 tertio

199 2421 302 2483 Rio
331 2421 477 2470 dicta
499 2419 757 2486 leguntur.

300 2502 364 2552 In
398 2504 500 2566 Baio
536 2508 708 2552 aut-em
740 2503 972 2553 secundo
1010 2503 1095 2568 (de
1132 2503 1280 2567 cujus
1313 2502 1632 2555 lectionibus
1657 2505 1983 2555 variantibus
2008 2522 2056 2555 ν.
2082 2505 2148 2555 ad
2172 2506 2201 2566 ἓ
2231 2505 2372 2574 100),

204 2586 435 2652 “legati''
464 2586 526 2635 de
548 2587 962 2651 Archiepiscopo
991 2585 1373 2649 Cantuariensi,
1408 2586 1499 2651 qui
1522 2587 1682 2652 Papae
1704 2585 1930 2653 Leyatus
1953 2587 2121 2638 Natus
2145 2593 2271 2651 erat,
2294 2590 2373 2637 in-

201 2669 569 2735 telligendum.

301 2752 384 2800 Dc
419 2751 600 2800 Sancti
624 2766 747 2800 vero
773 2752 940 2801 nostri
963 2757 1143 2814 morte,
1177 2752 1336 2815 cultu,
1370 2753 1636 2818 reliquiis;
1672 2753 1827 2802 etiam
1863 2752 1926 2802 de
1953 2753 2139 2802 animae
2164 2752 2276 2816 ejus
2303 2751 2370 2802 ad

202 2833 398 2882 coelum
434 2848 672 2895 ascensu,
709 2838 760 2882 et
783 2834 1048 2884 miraculis
1073 2835 1139 2884 ad
1164 2834 1417 2885 tumulum
1442 2836 1555 2898 ejus
1581 2835 1757 2897 factis3
1792 2834 1912 2885 vide
1938 2839 1967 2898 ἓ
1995 2838 2102 2898 100,
2141 2849 2259 2884 cum
2283 2850 2373 2884 an-

200 2915 567 2965 notationibus
592 2914 659 2963 ad
683 2916 915 2967 eandem.
2249 2906 2263 2918 ⁶

301 2996 364 3044 In
391 2998 490 3059 Rio
519 2999 563 3057 3,
588 2996 634 3044 A
658 2997 713 3045 in
735 2997 838 3048 hoc
863 2999 1071 3063 quidem
1096 3000 1284 3051 Officio
1315 2999 1676 3050 “meritorum''
1713 3006 1764 3049 et
1786 3000 2089 3064 “intonuit'',
2114 3002 2169 3050 in
2194 3002 2370 3066 Depo·
2393 3052 2399 3057 ,

202 3076 412 3128 sitionis
442 3085 631 3142 autem,
655 3087 795 3130 recte
820 3096 939 3131 cum
960 3083 1044 3132 Pr.
1069 3083 1113 3131 L
1142 3081 1515 3133 “Merciorum''
1541 3089 1592 3132 et
1618 3082 1903 3132 “innotuit''
1927 3082 2100 3133 habet.

303 3159 340 3225 δ
370 3159 571 3229 163.)
599 3161 733 3213 Ante
757 3162 967 3215 Laudes
999 3163 1094 3218 ms
1120 3167 1176 3215 in
1203 3165 1796 3216 Commemorationibus
1825 3165 1981 3216 “sicut
2004 3166 2105 3231 inj
2126 3164 2240 3216 die”
2267 3165 2372 3229 (Pr.

206 3240 268 3291 de
295 3244 355 3293 T.
379 3246 539 3309 Adv„
563 3263 614 3311 p.
642 3249 700 3296 19
725 3246 795 3311 a),
831 3246 1053 3311 ideoque
1082 3249 1127 3297 si
1151 3249 1342 3298 festum
1368 3249 1598 3298 Octavas
1634 3265 1741 3296 non
1777 3248 1951 3311 habet,
1985 3248 2113 3298 sicut
2136 3248 2191 3297 in
2215 3247 2371 3313 fesw,

201 3370 443 3426 landistis
501 3392 558 3426 se
610 3379 800 3428 habere
850 3379 1089 3443 judicata
1143 3386 1235 3443 est,
1340 3381 1459 3429 dam
1502 3397 1617 3430 esse
1653 3386 1957 3443 statuerunt,
1993 3388 2044 3429 et
2085 3379 2368 3429 decisionis

204 3441 413 3500 quando
450 3444 624 3492 Vitam
659 3446 769 3508 ejus
802 3463 909 3494 non
946 3447 1041 3495 sub
1079 3447 1236 3496 Octo·
1336 3447 1491 3510 hujus
1567 3463 1780 3496 caussas
1846 3448 1903 3495 in
1976 3446 2370 3511 Prolegomeuis

201 3503 308 3554 bris
336 3506 419 3557 die
447 3513 523 3572 12,
549 3510 640 3560 sed
665 3511 761 3561 sub
786 3511 981 3576 Aprilis
1007 3515 1083 3574 24,
1111 3512 1235 3562 dan·
1337 3515 1673 3578 scripserunt.

302 3603 380 3643 *lu
410 3607 495 3645 Lec.
519 3607 556 3648 2.
587 3611 614 3645 Α
642 3616 796 3658 utroque
822 3610 909 3647 loco
938 3609 1189 3648 “cunctam‘t
1211 3632 1257 3637 ——
1283 3612 1323 3650 In
1365 3611 1553 3649 Lectionis
1585 3619 1705 3648 autem
1732 3610 1756 3648 3
1783 3610 1936 3657 periodo
1971 3611 2116 3657 ultima,
2146 3617 2230 3658 post
2258 3611 2371 3648 “fac-

203 3650 342 3709 “²¹¹‚⁸a”
383 3658 481 3694 mule
520 3660 549 3694 Α
576 3659 692 3706 “οι”.,
717 3680 765 3687 -
793 3660 890 3708 quod
930 3661 966 3697 in
995 3662 1075 3707 ipso
1116 3661 1265 3709 quidem
1307 3663 1345 3700 S.
1375 3661 1476 3697 Beda
1515 3661 1584 3708 (111
1621 3659 1707 3706 28),
1746 3664 1828 3707 post
1860 3660 1973 3696 verba
2012 3661 2212 3698 “Veniens
2242 3667 2372 3708 postea

202 3699 367 3757 “llill'rid
396 3706 639 3755 Britanniam,
662 3711 739 3754 jam
767 3710 977 3757 Episcopus
1008 3709 1171 3756 factus,''
1199 3711 1266 3747 ned
1307 3722 1388 3747 cum
1418 3712 1487 3747 alia
1515 3711 1657 3758 periodi
1684 3709 1927 3747 conclusione
1955 3710 2107 3758 legitur,
2136 3730 2183 3737 -
2208 3711 2377 3749 retinuit.

208 3750 245 3784 S!
272 3754 354 3798 quis
381 3763 504 3794 autem
531 3758 650 3796 adhue
678 3761 836 3796 retinere
864 3760 1022 3808 mavult,
1052 3770 1114 3807 per
1141 3760 1353 3809 “quoque''
1383 3761 1645 3809 interpretetur
1671 3766 1833 3807 oportet.
