2910 4457
972 350 1046 396 An
1085 351 1412 395 nrurnus.
1454 353 1611 396 noer.
1655 354 1696 395 1.
2330 333 2374 400 5

305 474 372 528 ¹3²·
407 463 547 513 Deus
586 466 752 513 noster
807 461 1071 514 manifeste
1108 465 1291 515 veniet.

371 523 757 575 Deindedicitur
768 525 916 573 Pater
932 529 1098 576 'noster
1118 533 1167 575 et
1181 527 1293 577 Cre-

305 587 371 639 do
399 588 453 635 in
475 589 640 636 Deum
673 601 708 634 a
730 592 831 635 toto
851 589 997 635 choro
1020 590 1287 651 privatim.

305 652 381 698 Et
398 650 688 697 notandum
708 654 798 710 est,
812 651 942 711 quod
956 664 1220 713 nunquam
1233 653 1293 699 in

304 712 508 761 ecclesia
540 708 909 760 Sarisburiensi
926 713 1175 774 incipitur
1195 714 1293 762 Pa-

305 780 380 824 ter
412 779 582 822 noster
618 786 708 820 nec
740 773 849 822 Ave
880 774 1043 824 Maria
1070 789 1104 828 a
1133 787 1293 824 sacer-

304 837 419 885 dote
447 836 506 883 in
529 836 793 883 audientia
812 836 881 884 ad
909 837 1112 898 aliquod
1143 837 1293 885 servi—

306 899 465 955 tium,
488 898 592 945 nisi
619 898 688 945 ad
721 897 932 945 missam
959 904 1182 956 tantum,
1207 899 1292 948 ubi

305 960 533 1008 totaliter
563 960 623 1007 in
649 959 913 1007 audientia
943 961 1182 1009 dicantur
1212 962 1291 1010 vel

308 1027 603 1070 cantentur.
625 1022 673 1068 Ε
677 1026 697 1068 t
751 1027 887 1070 ostea
905 1024 1043 1070 dicat
1061 1025 1291 1071 sacerdos

303 1084 364 1132 in
382 1083 669 1144 audientia,
736 1088 754 1129 t
776 1096 838 1132 ne
858 1097 951 1132 nos
977 1083 1207 1146 [inducas
1237 1086 1289 1133 in

303 1144 678 1207 tentationem.
735 1145 941 1205 Chorus,
991 1147 1088 1196 Sed
1137 1148 1291 1196 libera

311 1206 424 1270 [nos
437 1220 467 1256 a
486 1206 634 1268 malo]
648 1243 659 1255 .

373 1269 595 1318 Clericus
606 1270 754 1317 lector
767 1270 920 1328 dicat,
933 1269 963 1317 J
966 1270 1060 1319 ube
1076 1270 1292 1319 Domine

305 1332 618 1382 benedicere.
648 1331 918 1393 Sacerdos,
942 1332 1291 1380 Benedictione

307 1398 543 1455 perpetua
623 1393 880 1442 benedicat
976 1406 1067 1443 nos
1143 1394 1290 1442 Pater

305 1461 547 1507 aeternus.
572 1453 635 1516 [132
655 1455 863 1517 Amem]

372 1518 447 1565 Et
464 1516 722 1564 sciendum
750 1524 850 1575 est,
872 1518 1004 1576 quod
1024 1529 1195 1564 omnes
1221 1514 1293 1565 be-

307 1579 614 1629 nedictiones
635 1580 704 1627 ad
718 1579 1006 1628 matutinas
1020 1593 1115 1640 per
1131 1583 1291 1627 totum

307 1645 509 1690 annum
529 1641 755 1689 modesta
774 1653 887 1690 voce
903 1641 1143 1689 dicantur
1160 1653 1193 1688 a
1214 1655 1292 1689 sa-

306 1704 518 1760 cerdote,
531 1702 585 1748 in
592 1703 735 1750 terim
746 1705 959 1759 sedente,
973 1704 1074 1749 nisi
1088 1709 1291 1751 tantum

307 1765 381 1824 ad
394 1764 640 1827 primam,
662 1771 915 1827 quartam,
934 1770 981 1811 et
1001 1767 1289 1825 septimam.

275 1853 289 1866 ·
314 1825 512 1876 Tamen
525 1826 582 1872 in
601 1826 680 1874 die
701 1826 900 1874 Natalis
916 1827 1023 1874 Dr‘ii
1045 1832 1145 1874 tres
1172 1829 1293 1876 ulti-

307 1901 406 1938 moe
436 1887 797 1937 benedictiones
819 1890 1003 1936 stando
1032 1890 1289 1938 dicantur.

375 1949 596 2000 Clericus
618 1950 847 2011 primam
872 1952 1129 2000 lectionem
1160 1953 1294 2013 ἱεραί

305 2012 575 2062 liocmodo.

446 2073 611 2123 Lectio
627 2075 818 2136 prima.
840 2075 1066 2137 Esajoej.
1082 2077 1145 2124 A.

308 2145 498 2248 Vlsio
519 2135 680 2196 Esajae
699 2138 790 2185 filii
806 2137 1148 2196 Amos,quam
1166 2135 1294 2184 vidit

399 2209 457 2246 su
466 2211 549 2258 per
604 2200 791 2248 Judam
841 2204 889 2247 et
940 2199 1258 2248 Hierusalem
1276 2235 1290 2257 ‚

306 2260 364 2310 in
398 2261 576 2309 dicbus
609 2262 770 2319 Oziae,
812 2260 1057 2321 Joathan,
1093 2262 1292 2319 Achaz‚

305 2328 356 2372 et
391 2322 640 2382 Ezechiae,
682 2336 859 2384 regum
906 2323 1056 2372 Juda.
1105 2322 1295 2373 Audite

304 2384 446 2444 coeli,
466 2390 514 2433 et
529 2386 744 2435 auribus
766 2384 961 2446 percipe
988 2391 1121 2434 terra
1137 2399 1152 2446 ;
1169 2397 1293 2446 quo-

304 2448 449 2497 niam
481 2448 590 2496 Diis
624 2450 820 2497 locutus
849 2453 940 2497 est.
978 2448 1134 2497 Filios
1166 2460 1293 2496 enu-

302 2509 429 2559 trivi
451 2515 498 2557 et
523 2510 735 2559 exaltavi
757 2510 883 2571 :ipsi
904 2516 1071 2561 autem
1093 2523 1290 2570 spreve-

304 2577 432 2621 runt
453 2584 553 2620 me.
576 2573 649 2620 Et
666 2571 881 2635 finiatur
908 2586 1022 2621 cum
1042 2574 1137 2620 hac
1158 2573 1292 2619 clau-

304 2635 446 2694 sula,
466 2633 586 2682 Haec
614 2634 735 2683 dicit
759 2634 868 2683 Diis
898 2650 911 2685 :
938 2632 1293 2683 convertimini

303 2696 369 2746 nd
389 2708 496 2749 me,
519 2700 567 2742 et
586 2696 712 2743 salvi
738 2696 900 2744 eritis.

371 2764 404 2811 ‘u
439 2756 543 2803 Per
564 2760 725 2804 totum
743 2758 1029 2804 Adventum
1058 2757 1294 2816 leuantur

304 2820 538 2870 lectiones
553 2818 612 2866 de
662 2818 887 2878 rophetia
900 2818 1083 2875 Esaia,
1092 2819 1295 2878 quando

305 2883 366 2931 de
384 2887 614 2942 tempora
632 2879 836 2941 iayitur
852 2897 866 2927 .·
880 2880 984 2926 nisi
995 2880 1051 2925 in
1066 2880 1294 2927 secundis

306 2949 358 2992 et
393 2943 553 2991 tertiis
588 2940 856 2990 nocturnis
889 2941 1168 2990 Dominicis
1198 2942 1296 2989 die-

307 3004 416 3062 bus,
439 3011 487 3053 et
514 3005 618 3052 nisi
642 3006 702 3052 in
732 3003 815 3065 iiij
843 3009 892 3052 et
924 3003 980 3065 vj
1008 3003 1143 3064 feria
1170 3009 1219 3052 et
1235 3004 1293 3051 in

307 3066 441 3115 sabb.
464 3072 681 3128 quatuor
705 3073 1002 3127 temporum.

369 3129 446 3176 Et
468 3129 770 3185 notandum,
789 3129 920 3190 quod
940 3140 1112 3176 omnes
1134 3127 1294 3176 lectio-

307 3202 397 3240 nes
419 3190 480 3238 de
502 3190 774 3252 prophetia
788 3203 882 3250 per
911 3195 1072 3237 totum
1094 3203 1294 3237 annum

308 3253 654 3301 terminantur
671 3264 787 3299 cum
806 3253 897 3300 hac
912 3253 1158 3307 clausula,
1172 3253 1294 3300 Haec

307 3314 430 3363 dicit
450 3314 587 3362 Diis:
618 3313 780 3375 [conv.
803 3312 913 3374 etc.]
940 3315 1042 3361 nisi
1061 3313 1118 3360 in
1136 3312 1295 3360 tribus

307 3373 535 3423 noctibus
557 3381 676 3423 ante
696 3377 890 3436 pascha
913 3393 926 3421 :
948 3376 1148 3436 reliquae
1176 3386 1293 3422 vero

310 3437 541 3485 lectiones
562 3450 677 3483 cum
699 3437 778 3485 Tu
800 3442 965 3485 autem
991 3438 1098 3485 Dine
1125 3436 1294 3498 [mise-

310 3510 419 3549 rere
457 3496 632 3560 nostri]
666 3496 916 3558 finiantur
952 3499 1170 3561 quotidie
1200 3511 1294 3559 per

1386 479 1603 526 annum,
1641 467 1747 516 nisi
1764 467 2076 519 solummodo
2104 469 2162 526 in
2186 471 2374 534 vigiliis

1382 533 1719 588 mortuorum,
1731 535 1777 578 et
1791 531 1960 594 nisi‘in
1973 530 2132 581 tribus
2145 533 2373 594 noctibus,

1383 595 1505 640 ante
1520 593 1731 651 pascha.

1450 652 1631 700 Finita
1671 655 1893 712 lectione,
1925 668 2030 704 non
2070 659 2374 718 respondeat

1385 714 1563 760 chorus
1579 715 1680 763 Deo
1702 717 1890 775 gratias
1908 718 1966 765 in
1986 719 2264 778 audientia,
2286 721 2374 770 sed

1384 775 1563 822 statim
1603 775 1782 838 absque
1815 779 2085 828 intervallo
2114 794 2379 842 responso·

1385 836 1525 884 rium
1558 838 1839 898 incipiatur
1872 858 1886 887 .·
1919 843 2049 902 quod
2077 856 2173 903 per
2209 849 2376 893 totum

1384 911 1587 946 annum
1610 898 1913 950 observetur.

1449 960 1567 1008 Hac
1587 962 1665 1010 die
1681 964 1910 1023 primum
1931 977 2065 1025 resp.
2094 965 2374 1027 incipiatur

1387 1035 1422 1070 a
1450 1021 1611 1071 tribus
1627 1026 1801 1085 pueris
1824 1026 1883 1073 in
1907 1028 2269 1089 superpelliciis
2304 1031 2374 1078 ad

1382 1086 1604 1144 yradum
1621 1088 1757 1135 chori
1777 1089 2030 1137 conversis
2050 1092 2120 1139 ad
2133 1090 2315 1151 altare,
2327 1095 2377 1139 et

1379 1153 1710 1207 percontetur
1717 1163 1751 1197 a
1765 1151 1926 1199 choro:
1936 1150 2036 1200 viz.
2046 1153 2146 1201 duo
2149 1153 2300 1211 pueri
2311 1166 2376 1201 ea:

1380 1215 1532 1269 parte
1547 1211 1699 1271 chori,
1720 1225 1834 1258 cum
1856 1215 2001 1261 tertio
2018 1227 2180 1275 puero
2198 1227 2263 1261 ex
2276 1227 2377 1275 op-

1380 1271 1548 1331 posito
1576 1271 1659 1333 [al.
1682 1286 1746 1320 ex
1764 1280 1912 1334 parte
1933 1275 2174 1337 cantoris]
2201 1277 2259 1323 in
2279 1290 2376 1325 me-

1384 1333 2375 1398 dioeorumstante,simulincipiant1321.

1389 1392 1692 1465 Aspiciensa
1711 1397 1874 1456 longe,
1886 1411 2012 1456 ecce,
2036 1412 2057 1446 ι
2070 1399 2177 1448 idco
2192 1400 2283 1447 Dei
2297 1397 2379 1458 p0-'

1387 1459 1598 1504 tentiam
1631 1457 1929 1517 venientem,
1965 1466 2014 1508 et
2040 1461 2274 1508 nebulam
2312 1466 2378 1509 to·

1387 1520 1492 1564 tam
1513 1523 1698 1566 terram
1717 1524 1986 1579 tegentem.
2003 1522 2077 1569 Ite
2091 1521 2287 1569 obviam
2310 1522 2375 1582 ei,

1388 1583 1434 1626 et
1451 1579 1617 1638 dicite,
1642 1580 1831 1630 Nuntia
1856 1582 2018 1641 nobiS‚
2041 1583 2087 1630 si
2104 1589 2160 1631 tu
2180 1595 2233 1632 es
2254 1583 2373 1643 ipse,

1388 1640 1492 1700 Qui
1509 1648 1813 1702 regnaturus
1834 1657 1887 1692 es
1908 1645 1967 1692 In
1991 1645 2171 1704 populo
2201 1646 2375 1696 Israel.

1450 1703 1600 1751 Solus
1645 1718 1774 1765 puer
1825 1705 2258 1765 hebdomadarius,
2312 1721 2378 1758 ex

1381 1771 1534 1826 parte
1579 1768 1718 1815 chori
1762 1775 1926 1826 stans,
1973 1768 2112 1817 dicat
2147 1771 2377 1830 primum

1388 1827 1448 1890 ys.
1482 1828 1698 1889 Quique,
1723 1829 1985 1891 terrigenae
2018 1836 2066 1879 et
2095 1831 2185 1880 filii
2213 1832 2384 1880 homi—

1388 1904 1533 1949 num,
1566 1892 1719 1939 simul
1742 1892 1794 1939 in
1829 1905 1992 1940 unum
2025 1892 2165 1942 dives
2184 1898 2233 1942 et
2255 1907 2378 1953 pau-

1388 1965 1495 2012 per.
1542 1953 1751 2000 Chorus.
1789 1955 1862 2000 Ite
1896 1953 2096 2001 obviam
2143 1954 2223 2015 [ei,
2260 1954 2371 2016 etc.]

1395 2013 1579 2060 Omnes
1607 2015 1924 2074 repetitiones
1957 2016 2197 2062 dicantur
2224 2028 2388 2077 usque.

1387 2076 1457 2121 ad
1468 2074 1618 2135 finem
1633 2076 1957 2136 responsorii.

1453 2136 1712 2183 Secundus
1731 2151 1879 2198 puer,
1897 2150 1961 2185 ex
1974 2143 2124 2198 parte
2152 2139 2378 2187 cantoris

1388 2197 1445 2246 in
1460 2199 1621 2246 medio
1637 2204 1801 2257 stans,
1824 2200 1960 2248 solus
1981 2199 2174 2261 dicatis
2196 2198 2255 2260 ψ.
2273 2199 2378 2262 Qui

1390 2261 1525 2321 regis
1561 2261 1731 2319 Israel,
1771 2261 1997 2321 intende;
2047 2263 2138 2323 qui
2172 2263 2381 2313 deducis

1388 2325 1525 2371 velut
1547 2336 1690 2373 ovem
1713 2323 1916 2384 Joseph.
1945 2325 2151 2374 Chorus.
2186 2325 2376 2377 Nuntia

1393 2384 1574 2448 [nobis‚
1598 2385 1707 2448 etc.]

1458 2448 1659 2495 Tertius
1664 2462 1813 2509 puer,
1841 2462 1905 2497 eoe
1922 2453 2072 2508 parte
2087 2450 2281 2508 decani,
2302 2464 2378 2499 so-

1388 2511 1469 2558 lus
1499 2511 1636 2558 dicat
1655 2511 1716 2572 iij
1747 2509 1807 2572 ψ.
1831 2511 2020 2569 Excita,
2053 2513 2179 2571 Due,
2212 2518 2382 2572 poten-

1387 2572 1512 2621 tiam
1538 2577 1696 2631 tuam,
1719 2578 1768 2620 et
1796 2575 1928 2629 veni,
1962 2579 2019 2620 ut
2040 2575 2204 2622 salvos
2226 2575 2388 2623 facias,

1389 2646 1499 2682 nos.
1528 2635 1735 2681 Chorus.
1759 2635 1859 2692 Qui
1885 2641 2191 2694 regnaturus
2213 2647 2266 2683 cs
2303 2635 2377 2697 [in

1388 2696 1570 2754 populo
1593 2694 1764 2754 lsra'el]
1776 2729 1788 2742 .

1452 2756 1646 2803 Deinde
1674 2757 1724 2802 lvi
1740 2760 1839 2803 tres
1856 2756 2006 2816 pueri
2027 2757 2179 2805 simul
2204 2756 2383 2805 dicant

1389 2817 1562 2866 Gloria
1604 2817 1761 2875 Patri,
1803 2817 1866 2878 [et
1903 2818 2049 2878 Filio,
2082 2824 2130 2867 et
2166 2819 2380 2878 Spiritui

1391 2878 1609 2941 Sanct0.]
1641 2880 1848 2927 Chorus.
1871 2881 1930 2928 In
1958 2881 2135 2940 populo
2163 2880 2377 2943 [ωηιξη.

1458 2941 1649 2989 Chorus
1683 2953 1798 2989 vero
1822 2941 1885 2989 ab
1904 2944 2183 3004 inceptione
2205 2944 2379 2993 Gloria

1390 3003 1532 3052 Patri
1552 3008 1689 3051 stare
1723 3008 1917 3053 tenetur
1943 3019 2096 3066 usque
2124 3007 2194 3054 ad
2213 3007 2377 3066 incep-

1389 3067 1577 3114 tionem
1597 3067 1824 3116 secundae
1844 3067 2086 3115 lectionis.

1451 3129 1579 3176 Item
1616 3142 1787 3176 omnes
1819 3129 1870 3175 hi
1905 3134 2004 3176 tres
2033 3127 2183 3187 pueri
2204 3128 2379 3174 reinci-

1383 3191 1541 3251 piant
1560 3202 1624 3252 132.
1644 3189 1927 3250 Aspiciens,
1940 3196 1988 3238 et
1995 3192 2324 3250 pet-cantetur
2344 3202 2394 3241 a

1388 3254 1554 3300 οΙιονο.

1452 3313 1619 3361 Lectio
1647 3313 1707 3374 ij.
1745 3313 1988 3372 Cognovit
2017 3312 2108 3361 bos
2137 3323 2384 3372 possesso-

1393 3388 1500 3422 rem
1530 3387 1709 3433 suum,
1744 3382 1793 3424 et
1830 3376 2008 3423 asinus
2049 3386 2264 3434 praesepe
2290 3373 2380 3420 do-

1392 3436 1524 3485 mini
1561 3435 1642 3484 sui
1681 3452 1692 3484 z
1732 3436 1885 3486 lsrael
1934 3442 2105 3484 autem
2150 3446 2232 3483 me
2274 3446 2376 3482 non

1392 3499 1653 3559 cognovit,
1676 3505 1722 3547 et
1753 3499 1966 3559 populus
2002 3509 2148 3547 meus
2174 3509 2274 3546 non
2298 3495 2379 3553 in-

2080 3578 2126 3626 1.
