2910 4457
710 391 1012 427 mmmmm
1037 391 1108 427 Etr
1132 391 1403 429 nummus
1427 393 1776 434 munnulus·
2146 386 2280 439 XXiii

271 522 321 574 N
325 528 546 575 octurno
570 518 855 573 duodecim
882 518 1116 571 Psalmos
1139 520 1234 571 sub
1257 520 1426 572 tribus
1457 519 1644 574 Gloria
1669 522 1828 576 Patri
1854 533 1909 578 et
1932 527 2099 580 tribus
2122 530 2276 584 Anti-

270 612 471 681 phoniS‚
517 611 593 662 ita
632 610 690 661 in
735 607 929 660 Officio
966 605 1148 670 feriali,
1182 607 1238 658 in
1272 624 1379 675 quo
1415 625 1555 661 unus
1591 608 1802 663 tantum
1840 620 1920 665 est
1954 613 2276 680 Nocturnus,

271 696 548 749 duodecim
572 693 816 746 Psalmos
840 693 935 744 sub
959 709 1052 744 sex
1080 690 1267 744 Gloria
1292 693 1450 745 Patri
1477 702 1530 746 et
1566 712 1655 748 sex
1679 696 2000 767 Antiphonis
2024 699 2143 753 dici.
2202 701 2272 755 In

267 784 515 836 festorum
534 788 714 833 autem
734 778 922 832 Officio
941 777 1354 842 Non-Paschali,
1373 781 1585 848 quando
1608 798 1713 834 non
1732 781 1924 837 dicitur
1938 785 2273 841 Nocturnum

267 867 459 933 feriale,
486 866 572 938 (V.
594 865 684 918 Pr.
716 870 782 917 14
809 882 859 917 a.
886 880 1008 917 cum
1045 865 1390 917 annotatione
1424 864 1655 935 nostra),
1688 869 1800 920 sive
1832 877 1950 935 tres,
1985 873 2095 925 sive
2132 891 2271 928 unus

267 951 472 1007 tantum
511 955 582 1005 sit
616 952 943 1014 NocturnuS,
978 966 1170 1003 novem
1208 949 1409 1023 Psalmi
1441 952 1540 1004 sub
1574 969 1769 1006 novem
1808 954 1995 1008 Gloria
2028 959 2184 1012 Patra·
2218 970 2273 1014 et

267 1055 458 1091 novem
475 1037 793 1108 Antiphonis
811 1035 1074 1088 dicuntur.
1113 1035 1373 1104 Tempore
1395 1039 1522 1089 vero
1548 1037 1810 1104 Paschali,
1829 1048 1891 1092 ut
1908 1057 2065 1111 supra
2080 1042 2162 1114 (p.
2188 1047 2268 1098 xi:

273 1142 324 1194 q.
349 1125 420 1191 v.)
435 1125 547 1192 jam
566 1124 774 1177 dictum
805 1130 902 1190 est,
927 1131 1044 1175 tam
1076 1124 1133 1174 in
1172 1120 1468 1174 Dominicis
1499 1130 1553 1175 et
1582 1124 1726 1177 feriis
1748 1126 1913 1194 quam
1946 1128 2002 1179 in
2035 1128 2184 1182 sestis
2219 1140 2274 1185 et

272 1209 868 1271 commemorationibus,
915 1224 1054 1261 unus
1099 1207 1316 1260 tantum
1363 1208 1530 1260 trium
1578 1209 1915 1265 Psalmorum
1963 1214 2268 1269 Nocturnus

272 1294 479 1358 dicitur3
513 1303 568 1348 et
607 1294 976 1362 unusquisque
1024 1292 1271 1345 Psalmus
1312 1311 1475 1347 suum
1516 1294 1703 1348 Gloria
1752 1298 1928 1363 Patri,
1964 1308 2017 1353 et
2055 1310 2268 1370 praeter-

269 1399 417 1451 quam
457 1384 514 1436 in
556 1380 1166 1444 commemorationibuS,
1200 1396 1356 1432 suam
1388 1382 1550 1433 etiam
1580 1382 1946 1452 Antiphonam
1980 1384 2163 1439 habet:
2208 1388 2266 1439 in

251 1452 850 1523 commemorationibus
886 1463 1008 1518 verb
1046 1464 1127 1536 (v.
1167 1465 1235 1518 ad
1268 1465 1358 1518 Pr.
1389 1463 1447 1533 1)
1475 1473 1705 1535 tempore
1737 1467 1980 1521 Paschali
2016 1470 2269 1524 faciendis

269 1565 361 1609 πω
381 1556 581 1609 Psalmi
606 1553 710 1606 sub
734 1570 848 1605 una
870 1552 1183 1621 Antiphona
1207 1550 1473 1604 dicuntur.

330 1642 387 1695 P.
421 1647 488 1695 33
521 1644 577 1695 b.
621 1640 756 1693 Post
785 1639 873 1692 Ps.
912 1643 999 1703 30,
1023 1647 1212 1708 praeter
1243 1657 1412 1692 unum
1438 1639 1636 1709 Gough
1670 1643 1778 1705 68¹,
1803 1640 2076 1694 Breviaria
2100 1642 2265 1697 Saris-

268 1729 512 1782 buriensia
557 1741 896 1797 quaecunque
950 1726 1275 1794 inspeximus
1327 1725 1533 1777 addunt
1582 1725 1770 1778 Gloria
1818 1727 1992 1791 Patri,
2037 1730 2262 1783 lectione

270 1815 524 1870 manifeste
547 1815 777 1868 vitiosa:
814 1828 866 1864 v.
891 1820 1074 1865 notam
1096 1813 1490 1881 praecedentem.
1572 1813 1641 1865 In
1666 1813 1920 1867 Psalterio
1942 1825 2123 1870 autem
2156 1835 2259 1872 sec.

272 1917 413 1953 usum
447 1901 555 1954 Sar.
590 1910 647 1954 et
686 1899 848 1952 Ebot.
882 1898 1019 1951 notis
1052 1898 1267 1950 musicis
1301 1899 1574 1963 instructo,
1596 1900 1654 1951 in
1691 1900 1974 1954 Breviariis
2009 1902 2168 1956 Ebot.
2207 1915 2262 1958 et

274 1983 644 2052 Herefordensi‚
665 1994 724 2039 et
745 1987 802 2037 in
822 1984 1079 2038 Psalterio
1096 1984 1259 2038 Msto
1277 1986 1434 2040 amici
1458 2003 1492 2039 a
1509 1986 1660 2040 nobis
1682 2004 1734 2056 p.
1754 1988 1791 2040 i.
1811 1989 1867 2040 in
1891 1989 2020 2043 nota
2035 1990 2259 2054 laudati,

273 2072 394 2125 recte
416 2075 663 2126 omissum
689 2080 785 2124 est.

339 2157 395 2210 P.
408 2161 532 2212 381).
551 2158 804 2212 Psalmus
827 2155 1059 2227 Ipsum]
1078 2157 1199 2210 Hoc
1213 2156 1407 2209 dicitur
1423 2157 1637 2225 quando
1654 2158 1974 2225 Antiphonoe
1993 2166 2046 2211 et
2061 2159 2258 2213 Psalmi

277 2243 473 2298 initium
500 2256 572 2300 est
610 2245 793 2299 idem:
834 2244 978 2311 quod
1009 2244 1438 2313 quandocunque
1474 2243 1649 2305 fuerit,
1682 2260 1791 2295 non
1821 2251 2128 2311 repetuntur
2157 2247 2260 2299 ista

278 2329 509 2383 vocabula
523 2348 635 2400 quae
662 2330 956 2383 intonando
983 2328 1063 2400 (v.
1084 2328 1155 2382 ad
1181 2329 1266 2381 Pr.
1287 2332 1320 2378 3
1345 2324 1408 2394 b)
1426 2328 1545 2396 jam
1571 2328 1714 2381 dicta
1735 2328 1947 2393 fuerint,
1962 2329 2053 2383 sed
2076 2333 2254 2385 statim

276 2412 378 2466 sine
397 2415 696 2470 exaltatione
723 2415 801 2487 (v.
827 2413 987 2484 ibid.)
1016 2414 1264 2468 Psalmus
1286 2422 1626 2483 percantatur
1648 2431 1683 2467 a
1708 2414 1900 2469 Choro.

335 2498 391 2551 P.
428 2505 492 2554 39
524 2519 570 2555 a.
606 2502 933 2555 Meminerit
966 2501 1130 2553 lector
1170 2507 1290 2568 post
1325 2500 1508 2552 omnia
1544 2499 1797 2570 capitula
1831 2501 2253 2571 respondendum

276 2601 372 2639 esse
391 2587 494 2641 Deo
514 2591 737 2658 qratia-³.

334 2671 389 2723 P.
411 2678 476 2727 39
495 2676 544 2727 b.
565 2675 762 2729 Preces
781 2673 1013 2727 Fetiales
1032 2673 1092 2743 (“
1105 2673 1269 2743 Kyrie
1289 2673 1677 2743 el.—veniat.'')
1698 2681 1811 2726 tam
1832 2676 1892 2726 in
1911 2674 2184 2729 Laudibus
2201 2686 2254 2731 et

272 2754 500 2826 vesperis,
534 2761 701 2830 quam
738 2762 802 2813 in
833 2759 1033 2823 Tertia,
1060 2757 1244 2824 Sexta,
1276 2768 1330 2813 et
1360 2760 1542 2824 Nona,
1565 2761 1624 2813 in
1659 2759 1847 2813 Officio
1880 2761 2075 2814 Feriali
2101 2761 2254 2815 Ordi-

271 2845 397 2896 nario
416 2863 614 2916 semper
645 2855 778 2899 ante
804 2845 1110 2898 Orationem
1132 2846 1545 2914 interponendae‚
1570 2854 1624 2899 et
1654 2847 1711 2897 in
1742 2848 2086 2915 prostratione
2114 2848 2254 2918 (scil.

272 2926 398 2983 flexis
417 2933 666 3001 genibus)
697 2930 941 2983 dicendae
967 2938 1104 2983 sunt.
1155 2930 1223 2983 V.
1249 2929 1338 2982 Pr.
1370 2935 1433 2982 14
1455 2932 1492 2983 b
1517 2938 1571 2983 et
1597 2935 1661 2982 15
1686 2948 1735 2984 a.

326 3015 419 3069 Per
438 3018 666 3072 eundem
693 3018 970 3071 Christum
995 3018 1199 3088 D'nm.]
1225 3018 1265 3069 I
1264 3057 1276 3069 .
1296 3018 1577 3071 e.—D'nm
1603 3018 1877 3086 [nostrum.
1902 3020 2120 3088 Amen}

320 3195 332 3225 ¹
361 3199 529 3263 Gough
563 3202 627 3253 67
663 3202 745 3263 (in
782 3199 914 3248 Bibl.
946 3201 1235 3263 Bodleiana)
1271 3202 1495 3249 editionis
1534 3202 1849 3264 perantiquae,
1887 3203 1945 3251 de
1977 3205 2076 3265 qua
2107 3205 2249 3268 plura

269 3275 359 3323 vide
377 3280 434 3326 ad
454 3281 530 3328 Pr.
564 3284 595 3329 9
628 3283 678 3339 b,
716 3280 981 3342 Proprium
1011 3281 1069 3330 de
1102 3282 1338 3344 Tempore
1373 3281 1536 3329 Partis
1560 3282 1614 3344 (i.
1639 3298 1679 3330 e.
1717 3282 1948 3345 Dimidii)
1975 3283 2245 3347 Hyemafis,

271 3353 320 3401 68
339 3356 583 3423 Proprium
606 3362 669 3409 de
695 3358 895 3408 Sanctis
924 3360 1138 3421 ejusdem
1162 3361 1321 3409 Partis
1345 3376 1458 3408 cum
1481 3361 1717 3409 Psalterio
1740 3368 1788 3409 et
1819 3362 2017 3427 (praeter
2038 3364 2246 3427 Vigilias

273 3441 560 3503 mortuorum)
583 3441 792 3504 reliquis
814 3438 1010 3501 utrique
1031 3442 1164 3490 Parti
1186 3441 1525 3490 communibus
1546 3442 1770 3493 continet.

185 4321 292 4346 ..
2094 4069 2505 4344 ‘s‘
