2910 4457
520 420 647 509 xcij
1129 436 1177 476 m
1203 435 1596 477 aaussnicnousss
1620 437 1747 477 Aura
1774 436 2053 477 ιεοτιοκεε.
2431 424 2548 489 (An
2570 426 2602 487 5
2622 430 2706 478 200

623 569 662 636 5
685 567 890 637 200.)
919 570 990 621 In
1008 570 1155 622 Noct.
1173 570 1229 637 ij,
1254 587 1349 637 pro
1380 569 1730 638 “perducant’‘
1758 570 1803 619 L
1825 569 2109 621 “ducant'':
2140 571 2286 636 quod
2304 573 2468 623 etiam
2485 574 2531 623 B
2551 575 2608 625 in
2626 575 2704 624 Vi·

525 655 788 705 sitationis
808 654 993 705 Officio
1009 652 1185 704 habet.

627 734 670 785 I
671 735 775 786 bid.
797 753 891 803 pro
921 735 1142 787 “Maris''
1166 735 1303 786 malo
1325 736 1387 799 B,
1412 736 1467 786 in
1493 735 1677 787 eodem
1702 735 1904 798 Officio,
1934 736 2199 790 “Matris'’.

622 818 694 869 In
726 819 873 869 Noct.
905 818 980 884 ἰῇ,
1017 834 1112 884 pro
1151 820 1383 885 “Regina
1413 818 1709 871 Coelorum''
1743 820 1806 882 B,
1838 820 1895 869 in
1932 819 2119 870 eodem
2154 820 2364 886 Officio,
2411 823 2517 874 “ad
2551 840 2702 892 regna

528 900 845 968 “polorum”.

624 984 764 1033 Irni
788 983 945 1032 Anu
968 982 1426 1033 Bmmcnomts
1449 997 1526 1034 nn
1551 983 1780 1034 SAncrA
1804 985 2020 1047 ΜΛιιιΑ,
2043 998 2221 1035 ιΝιηιΑ
2243 986 2563 1054 omnus]
2591 988 2650 1038 In
2665 989 2700 1038 L

528 1066 680 1117 “Alie
697 1065 1098 1117 Benediccioneo
1114 1066 1179 1117 de
1207 1066 1488 1129 Eadem.”;
1512 1094 1574 1103 --
1599 1068 1656 1117 in
1681 1082 1784 1132 quo
1808 1071 1994 1132 postea
2025 1067 2234 1131 divisio,
2270 1084 2386 1119 non
2409 1071 2470 1119 in
2503 1070 2700 1121 Octava-

523 1166 641 1200 rum
663 1149 804 1209 Dies,
823 1148 919 1198 sed
934 1149 991 1198 in
1008 1148 1301 1200 Nocturnas
1304 1150 1349 1216 j,
1367 1150 1424 1215 ᾔ,
1441 1158 1493 1201 et
1507 1150 1583 1216 ἰῇ,
1608 1150 1681 1201 fit.

624 1231 941 1282 Octavam-um
956 1246 1082 1281 vero
1101 1233 1231 1282 Dies
1257 1249 1367 1283 non
1383 1233 1486 1294 hic,
1505 1240 1564 1283 ut
1583 1233 1858 1297 ordinarie,
1876 1248 1908 1282 a
1924 1234 2060 1284 sesto
2079 1234 2200 1298 ipso
2217 1233 2495 1299 inclusive,
2514 1264 2579 1273 —
2594 1252 2699 1287 nam

509 1313 770 1379 festorum
796 1312 907 1376 jam
937 1328 1098 1377 supra
1129 1313 1535 1365 Benedictiones
1568 1314 1813 1365 indicatae
1846 1321 1983 1378 sunt,
2008 1341 2073 1351 -
2097 1315 2193 1366 sed
2219 1317 2287 1367 ab
2327 1318 2519 1369 eodem
2548 1320 2701 1369 exdu-

521 1395 642 1458 n‘ve,
669 1393 1004 1444 numerandae
1026 1402 1175 1445 sunt:
1202 1398 1268 1447 cf.
1292 1396 1433 1463 quod
1458 1396 1525 1446 ad
1550 1399 1580 1458 ἓ
1608 1400 1701 1447 186
1726 1413 1791 1447 ex
1813 1397 2047 1448 Praefixis
2071 1397 2117 1446 L
2141 1402 2480 1466 exscriptum
2502 1407 2595 1451 est.

621 1479 684 1527 In
722 1476 969 1529 Secunda
999 1493 1127 1528 vero
1154 1478 1258 1529 Die
1294 1477 1366 1543 (v.
1395 1478 1592 1543 supra),
1627 1494 1722 1545 pro
1763 1479 2171 1531 “Precantibus”
2200 1482 2246 1531 L
2286 1482 2696 1549 “poscentibus”.

626 1560 720 1610 “IN
744 1561 1118 1623 Quo-rinmms
1140 1586 1199 1596 —-·
1219 1561 1572 1612 auxiliatrix„
1592 1577 1692 1612 om.
1711 1562 1771 1612 L.

1320 1732 1898 1789 *aff-...—

1033 1943 1407 2014 ADDENDA
1468 1947 1566 2013 ΕΤ
1632 1944 2163 2015 CORRIGENDA.

623 2069 712 2122 Ad
728 2067 768 2137 §
790 2068 897 2139 l.)
920 2071 984 2124 In
1000 2072 1419 2125 Annotationum
1440 2092 1492 2141 p.
1509 2075 1549 2139 j,
1574 2091 1668 2142 pro
1687 2074 2002 2143 paragraphi
2024 2075 2308 2142 penultimi
2327 2075 2525 2126 ultimis
2544 2076 2696 2126 tribus

521 2153 680 2204 lineis
705 2155 1063 2208 scribendum:
1084 2158 1237 2208 —ita
1258 2158 1392 2209 locis
1417 2160 1526 2210 suis
1555 2159 1936 2221 omittebantur‚
1964 2164 2021 2208 ut
2045 2159 2090 2208 si
2114 2157 2356 2225 duplicia
2379 2164 2576 2222 essent,
2600 2158 2697 2209 dies

526 2238 660 2291 alios
683 2239 964 2292 haberent:
992 2240 1057 2291 de
1081 2240 1407 2308 simplicibus
1433 2247 1606 2293 autem
1630 2259 1683 2293 v.
1709 2241 1775 2293 ad
1800 2242 1830 2302 ἓ
1858 2244 1967 2306 142,
1988 2257 2077 2308 pp.
2101 2241 2194 2306 lxj,
2222 2241 2337 2306 lxij.

623 2338 673 2388 p.
696 2322 751 2388 ij,
776 2329 898 2388 post
918 2325 1304 2391 paragraphum
1330 2325 1651 2391 “Imprimis''
1675 2326 1872 2376 insere:

624 2405 855 2472 alleluja]
882 2407 954 2457 Ut
974 2408 1030 2458 in
1056 2406 1395 2473 diphthongis
1428 2409 1498 2458 AE
1524 2414 1577 2458 et
1610 2409 1677 2457 OE
1712 2406 2046 2458 restituendis
2079 2405 2297 2457 lectoris
2335 2404 2549 2472 (eodem
2584 2405 2699 2456 satis

525 2487 750 2557 monito)
783 2489 1115 2541 commodum
1150 2492 1372 2555 quaesivi
1408 2490 1479 2556 (v.
1512 2506 1685 2556 supra,
1717 2507 1768 2556 p.
1796 2491 1860 2556 j),
1893 2491 1971 2541 sic
2005 2490 2133 2541 etin
2157 2490 2395 2556 alleluja,
2423 2480 2633 2540 etiamsi
2653 2491 2700 2538 in

524 2571 672 2622 libris
695 2588 790 2638 per
809 2571 836 2620 I
860 2571 946 2622 vel
964 2573 1013 2621 Y
1037 2573 1248 2638 script0‚
1275 2579 1327 2623 et
1348 2573 1403 2622 in
1421 2571 1502 2638 Hi
1523 2573 1595 2638 (v.
1621 2573 1688 2623 ad
1711 2574 1741 2634 ἓ
1766 2572 1834 2641 3),
1859 2587 2159 2638 quanquam
2180 2573 2238 2622 in
2262 2572 2417 2623 libris
2441 2577 2504 2622 ut
2522 2572 2604 2622 Hi
2623 2588 2700 2621 ex·

524 2656 708 2721 hibito,
746 2655 887 2722 quod
908 2672 1094 2707 revera
1115 2655 1141 2703 I
1166 2671 1468 2706 consonans
1493 2659 1573 2706 est
1594 2661 1655 2705 ut
1675 2654 1701 2703 1
1731 2660 2110 2706 consonantem
2139 2654 2379 2704 exhibui:
2417 2654 2558 2705 alias
2585 2669 2700 2705 vero

523 2739 776 2792 librorum
797 2743 1048 2807 ipsorum,
1072 2739 1373 2804 ubicunque
1397 2739 1452 2788 hi
1476 2739 1576 2790 sibi
1601 2738 1786 2789 saltem
1811 2744 2052 2790 constare
2076 2737 2414 2802 videbantur,
2442 2736 2703 2789 scribendi

525 2824 711 2875 modos
737 2838 1050 2875 conservare
1074 2827 1295 2873 conatus
1320 2838 1450 2872 sum.
1475 2822 1611 2872 Vide
1634 2824 1810 2873 tamen
1832 2822 1982 2884 infra,
2005 2819 2075 2871 ad
2097 2821 2128 2882 ἓ
2155 2824 2233 2870 12.

625 2902 664 2971 β
691 2901 801 2973 2.)
826 2906 909 2955 Ita
932 2905 1089 2956 simul
1114 2905 1403 2971 corrigatur
1427 2910 1784 2970 augeaturque
1807 2904 2079 2954 annotatio
2103 2902 2315 2952 ultima:

626 2986 735 3040 Per
766 2988 983 3039 Octavas
1004 3015 1070 3024 —
1094 2986 1298 3054 Amen.]
1335 2988 1398 3038 In
1431 2993 1610 3038 vetere
1641 2988 1792 3038 MSto
1815 2989 1877 3052 L,
1907 2987 1966 3037 in
1998 3003 2096 3052 quo
2118 2985 2343 3036 rubricae
2355 2986 2705 3052 passimpau-

529 3070 689 3122 olores
710 3077 845 3133 sunt,
872 3069 1064 3119 desunt
1086 3069 1226 3133 haec3
1264 3070 1356 3121 sed
1378 3072 1434 3120 in
1459 3063 1515 3120 re
1538 3069 1648 3134 tali,
1676 3070 1881 3120 etiamsi
1905 3073 2157 3134 quantum
2181 3069 2249 3118 ad
2270 3085 2384 3119 rem
2407 3071 2584 3136 ipsam
2609 3070 2704 3120 dis-

529 3154 747 3204 sentiret
778 3153 839 3217 L,
871 3154 1247 3219 impressorum
1279 3154 1629 3203 recentiorum
1665 3154 1878 3203 omnino
1904 3149 2228 3218 sequendum
2254 3156 2399 3201 esset
2421 3154 2703 3203 auctorita-

527 3242 649 3288 tem.
673 3237 1014 3301 Nequaquam
1037 3252 1163 3286 vero
1185 3238 1261 3287 ita
1285 3236 1529 3287 dissentit
1550 3235 1653 3286 hoe
1677 3236 1909 3286 MStum:
1932 3235 2127 3285 namin
2145 3235 2502 3285 Ascensionis
2524 3235 2702 3287 Officio

528 3318 747 3369 eandem
770 3335 926 3384 quam
948 3321 996 3370 A
1022 3321 1086 3371 de
1108 3321 1209 3370 hac
1230 3335 1286 3369 re
1308 3319 1545 3385 regulam
1569 3317 1751 3368 tradit:
1775 3334 1826 3368 v.
1853 3317 1921 3367 ad
1944 3319 1974 3379 ἓ
2001 3318 2112 3368 156.

627 3399 667 3469 9
693 3399 802 3471 3ο)
828 3403 1039 3454 Notulae
1062 3402 1127 3453 ad
1147 3402 1564 3453 Annotationum
1582 3402 1791 3468 paginae
1812 3401 1868 3466 iij
1890 3399 2086 3452 calcem
2111 3399 2355 3451 accedatt
2377 3429 2443 3438 —
2463 3402 2558 3453 Sic
2583 3402 2705 3451 etin

528 3486 656 3535 anni
682 3485 807 3536 1522
833 3486 901 3536 ad
925 3486 955 3547 ἓ
982 3487 1076 3536 116
1112 3486 1188 3548 (in
1211 3482 1396 3535 notula
1418 3483 1468 3548 g)
1503 3482 1841 3534 memorando
1863 3483 2017 3534 Brev.
2044 3483 2425 3548 Carthusiensi,
2449 3484 2641 3536 Jhesm
2663 3491 2708 3534 et

527 3568 881 3632 leerusalem3
908 3569 1048 3634 quod
1063 3568 1326 3637 posterius
1349 3567 1405 3616 in
1423 3567 1509 3616 Pr.
1533 3566 1576 3615 L
1603 3582 1811 3631 quoque
1836 3568 1907 3631 (v.
1932 3565 1998 3616 ad
2023 3567 2086 3629 ἐξ
2111 3567 2175 3617 93
2199 3571 2252 3616 et
2278 3567 2396 3631 153)
2421 3568 2707 3618 invenitur.

626 3650 730 3700 Pro
758 3650 941 3715 quarta
962 3668 1088 3702 vero
1114 3651 1183 3702 ad
1202 3650 1342 3700 hane
1366 3649 1656 3699 sectionem
1678 3649 2022 3698 annotatione
2046 3645 2139 3714 (cf.
2165 3648 2232 3699 ad
2255 3650 2286 3711 ἓ
2313 3650 2378 3700 25
2402 3650 2463 3700 in
2486 3650 2635 3702 Adel.
2665 3658 2707 3701 et

535 3732 707 3801 Corr.)
727 3735 923 3786 scribe:
1668 3778 1678 3787 .

627 3833 740 3867 cum
761 3816 841 3866 his
862 3815 1043 3882 verbis]
1068 3816 1170 3866 Pro
1194 3815 1274 3866 hie
1295 3815 1339 3864 L
1361 3815 1560 3881 passim
1582 3813 1707 3880 72227'8:
1741 3815 1806 3865 cf.
1832 3812 1899 3863 ad
1922 3814 1952 3874 ἓ
1978 3812 2056 3864 25.
2079 3813 2254 3880 Hujus
2281 3819 2462 3865 autem
2483 3815 2506 3866 i
2533 3816 2706 3883 dupli·

527 3897 663 3948 catio
687 3899 744 3948 in
772 3898 960 3948 decimi
983 3898 1119 3948 sexti
1144 3912 1352 3962 quoque
1378 3897 1559 3949 saeculi
1583 3896 1791 3963 seriptis
1814 3894 2039 3947 videtur.
