2910 4457
636 319 716 379 72
1477 339 1643 379 ιιιιιιιιι
1683 339 1852 379 sun

636 515 672 564 fi
698 453 1003 564 Bessedictus
1046 454 1158 504 Dns
1202 454 1258 502 ιιι
1304 456 1552 503 oeternum
1610 467 1623 500 ε

674 521 755 573 at,
801 522 886 564 rat.

700 578 816 628 Non
835 578 1023 626 dicitur
1038 577 1108 624 ad
1127 575 1413 625 Nocturnus
1423 576 1516 624 iste
1530 575 1623 625 Ps.

636 639 850 687 laeoeaeiae.
877 639 1001 697 Dfie,
1027 639 1282 698 retugium
1311 643 1401 686 etc.
1429 641 1499 697 (p.
1521 637 1626 698 65.)

699 700 815 750 Non
834 701 1022 748 dicitur
1048 701 1117 747 ad
1138 700 1281 748 Noct.
1304 701 1397 747 iste
1422 700 1515 747 Pa.
1541 712 1626 747 xc.

634 760 1009 821 Quihabitatin
1032 761 1284 821 adJutorio
1303 766 1394 809 etc.
1435 762 1625 819 p.100.)

698 823 813 872 Non
833 824 1024 870 dicitur
1043 825 1112 870 ad
1127 823 1272 870 Noct.
1292 822 1387 871 iste
1460 835 1504 870 5.
1520 821 1627 881 xvj·

635 884 835 932 Bonum
862 890 936 932 est
957 883 1204 932 confiteri.
1228 883 1300 944 (p.
1327 885 1425 943 83.)

698 946 814 994 Non
835 946 1022 994 dicitur
1043 947 1112 993 ad
1128 946 1271 994 Noct.
1294 945 1386 993 iste
1407 945 1500 993 Ps.
1522 943 1630 1006 xcv‘j

636 1006 747 1055 Βιι5
772 1007 1026 1069 regnarit,
1040 1008 1287 1055 decorem.
1315 1013 1380 1066 (p.
1407 1006 1487 1054 12.
1495 1008 1509 1067 )

938 1069 1176 1116 Psalmus
1196 1067 1341 1128 xciii.

727 1142 816 1179 eus
843 1130 1097 1178 ultionum
1121 1130 1269 1177 Diis:
1305 1130 1440 1178 Deus
1466 1128 1626 1178 ultio-

729 1205 855 1240 num
880 1192 1035 1239 libere
1056 1190 1176 1251 egit.

694 1254 926 1302 Exaltare
973 1253 1061 1312 qui
1112 1251 1314 1312 judicas
1365 1256 1555 1301 terram
1610 1266 1625 1300 ε

634 1316 785 1364 redde
810 1314 1195 1363 retributionem
1218 1314 1469 1373 superbis.

694 1377 969 1437 Usquequo
1012 1379 1288 1435 peccatores
1326 1377 1484 1425 Bne:
1532 1387 1626 1423 us-

634 1451 833 1500 quequo
856 1442 1135 1498 peccatores
1161 1437 1512 1509 gloriabuntur
1548 1452 1561 1485 ε

693 1501 1017 1558 Effabuntur,
1042 1504 1091 1547 et
1126 1500 1395 1558 loquentur
1428 1498 1625 1570 iniqui-

630 1566 827 1610 tatem.
853 1562 1123 1631 loquentur
1158 1573 1361 1620 omnes,
1389 1561 1480 1621 qui
1502 1573 1628 1620 ope-

633 1629 813 1670 rantur
837 1621 1178 1681 injustitiam?

694 1683 950 1743 Populum
991 1688 1141 1730 tuum
1178 1683 1288 1730 Dine
1320 1682 1623 1733 humiliave-

632 1748 788 1793 runt:
811 1749 861 1793 et
885 1742 1223 1793 baereditatem
1245 1748 1387 1793 tuam
1415 1758 1624 1794 vexave-

635 1810 778 1855 runt.

696 1868 923 1917 Viduam
974 1871 1024 1916 et
1079 1867 1326 1916 advenam
1367 1867 1625 1919 intersece-

634 1934 789 1979 runt:
812 1935 860 1978 et
884 1929 1100 1989 pupillos
1122 1927 1431 1977 occiderunt.

694 1992 760 2041 Et
799 1991 1061 2047 dixerunt,
1101 1991 1213 2041 Non
1242 1989 1428 2039 videbit
1463 1991 1621 2041 Diis,
1608 2007 1620 2019 ·

634 2067 727 2104 nec
750 2052 993 2113 intelliget
1015 2053 1154 2100 Deus
1170 2053 1343 2101 Jacob.

695 2116 967 2187 Intelligite
987 2114 1283 2186 insipientes
1313 2114 1368 2162 in
1394 2115 1620 2175 populo.
1607 2130 1619 2143 ·

636 2182 686 2228 et
710 2177 855 2226 stulti
881 2177 1151 2248 aliquando
1171 2177 1347 2237 sapite.

697 2240 802 2301 Qui
824 2243 1024 2311 plantat
1031 2239 1069 2287 it
1083 2251 1277 2296 aurem,
1299 2251 1400 2287 non
1417 2239 1621 2289 audiet?

634 2308 726 2412 <aim
750 2302 841 2361 qui
880 2300 1026 2349 finxit
1061 2302 1294 2360 oculum,
1323 2313 1424 2348 non
1450 2301 1625 2350 consi-

673 2365 815 2411 erat?

698 2424 801 2495 Qui
825 2422 1032 2482 corripit
1057 2427 1254 2483 gentes,
1280 2435 1381 2470 non
1406 2426 1621 2483 arguet?

634 2485 726 2546 qui
746 2486 888 2534 docet
909 2483 1167 2533 bominem
1189 2483 1489 2533 scientiam?

696 2548 803 2595 Diis
826 2548 922 2595 scit
948 2546 1273 2607 cogitationes
1310 2545 1620 2596 bominum.

633 2609 875 2672 quoniam
898 2621 1040 2659 vanae
1069 2613 1208 2656 sunt.

693 2672 880 2721 Beatus
917 2671 1067 2720 homo
1103 2681 1256 2732 quem
1287 2674 1344 2717 tu
1375 2668 1623 2719 erudieris

629 2734 783 2782 Due:
822 2738 872 2781 et
895 2734 956 2781 de
990 2734 1095 2794 lege
1117 2738 1204 2780 tua
1226 2732 1459 2780 docueris
1483 2745 1619 2780 eum.

693 2796 762 2843 Ut
780 2793 984 2854 mitiges
1003 2796 1048 2842 ei
1071 2807 1099 2841 a
1122 2795 1301 2843 diebus
1322 2794 1511 2842 malis:
1533 2795 1623 2843 do-

631 2866 723 2904 nec
743 2855 960 2903 fodiatur
980 2856 1224 2914 peccatori
1244 2856 1321 2903 t'ov
1326 2868 1401 2904 ea.

693 2915 828 2976 Quia
869 2928 970 2963 non
1016 2917 1218 2974 repellet
1271 2916 1380 2964 Diis
1424 2917 1619 2977 plebem

629 2985 779 3026 suam
827 2992 840 3024 z
879 2981 928 3024 et
969 2976 1307 3026 haereditatem
1333 2990 1482 3025 suam
1515 2992 1624 3027 non

629 3038 962 3099 derelinquet.

691 3100 1035 3162 Quoadusque
1067 3099 1264 3159 ,iustitia
1299 3106 1619 3150 convertatur

630 3163 685 3212 in
718 3162 973 3223 judicium
1016 3176 1028 3209 z
1068 3166 1117 3209 et
1156 3163 1245 3222 qui
1280 3162 1424 3221 Juxta
1468 3163 1614 3212 illam

628 3236 805 3275 omnes
823 3223 911 3284 qui
935 3228 1067 3272 recto
1086 3229 1208 3271 sunt
1232 3224 1398 3273 corde.

689 3286 821 3397 Quis
871 3290 1137 3346 consurget
1187 3285 1315 3333 mihi
1371 3286 1617 3337 adversus

625 3361 709 3399 ma
732 3350 997 3410 ignantes?
1014 3354 1103 3395 aut
1117 3348 1248 3419 qumis
1244 3348 1397 3396 stabit
1413 3362 1615 3398 mecum

626 3412 870 3462 adversus
889 3414 1152 3470 operantes
1178 3409 1519 3481 iniquitatem.

677 3473 787 3526 Nisi
800 3472 922 3534 quia
934 3473 1042 3521 Diis
1050 3472 1131 3532 adj
1140 3472 1248 3521 uvit
1258 3485 1363 3523 me:
1377 3474 1616 3534 paulomi-

1725 450 2103 501 nushabitasset
2117 451 2171 501 in
2183 451 2377 501 inferno
2390 452 2564 500 anima
2581 463 2696 500 mea
2706 486 2720 501 .

1786 515 1839 563 Si
1862 515 2108 573 dicebam,
2135 515 2307 564 Motus
2325 519 2400 562 est
2419 526 2506 572 pes
2534 525 2719 562 meus:

1720 576 2068 624 misericordia
2088 583 2173 624 tua
2189 577 2297 623 Dne
2320 575 2592 633 adiuvabat
2614 587 2721 624 me.

1787 638 2079 687 Secundum
2136 638 2520 686 multitudinem
2564 636 2724 684 dolo-

1723 711 1842 747 rum
1884 712 2114 748 meorum
2148 701 2203 748 iu
2237 700 2384 747 eorde
2419 710 2563 746 meo:
2590 710 2723 747 con-

1724 760 1991 810 solationes
2034 767 2133 811 tuae
2176 762 2559 810 laetificaverunt
2602 760 2723 808 ani-

1725 834 1863 870 mam
1886 835 2071 871 meam.

1787 884 2031 956 Nunquid
2064 883 2283 933 adhaeret
2315 882 2408 930 tibi
2448 863 2592 932 sedes
2621 883 2722 931 ini—

1722 945 1963 1004 quitatis,
1986 946 2077 1006 qui
2098 945 2250 1007 fingis
2268 946 2489 994 laborem
2513 945 2569 993 in
2594 958 2723 1006 prte-

1723 1009 1898 1066 cepto?

1786 1068 2073 1128 Captabunt
2107 1068 2159 1116 in
2197 1067 2422 1115 animam
2462 1067 2589 1128 justi
2613 1081 2626 1116 :
2669 1073 2723 1116 et

1717 1131 2027 1237 {anguinem
2055 1129 2372 1179 innocentem
2410 1129 2724 1178 condemna-

1761 1198 1873 1238 unt.

1785 1252 1850 1300 Et
1881 1253 2040 1301 sactus
2070 1258 2146 1301 est
2181 1254 2309 1301 mihi
2342 1253 2451 1301 Dr‘is
2486 1251 2542 1299 in
2577 1251 2722 1300 resu-

1724 1313 1897 1385 giam.
1885 1329 1897 1342 ·
1918 1319 1967 1361 et
1987 1315 2126 1362 Deus
2146 1328 2291 1364 meus
2312 1315 2367 1362 in
2400 1313 2721 1375 adjutorium

1724 1375 1829 1435 spei
1853 1388 1993 1424 meae.

1784 1437 1849 1485 Et
1880 1437 2050 1485 reddet
2086 1436 2190 1486 illis
2223 1437 2544 1508 iniquitatem
2579 1436 2722 1497 ipso·

1723 1510 1870 1557 rum,
1896 1505 1944 1547 et
1966 1498 2019 1545 in
2042 1499 2233 1547 malitia
2255 1512 2429 1548 eorum
2459 1498 2722 1559 disperdet

1722 1572 1837 1610 eos:
1859 1561 2110 1620 disperdet
2126 1560 2237 1609 illos
2252 1561 2362 1609 Diis
2374 1563 2512 1610 Deus
2526 1566 2719 1610 noster.

1844 1622 1962 1671 Non
1980 1623 2168 1670 dicitur
2200 1624 2269 1671 ad
2299 1623 2588 1672 Nocturnus

1940 1684 2041 1731 Iste
2066 1683 2308 1731 Psalmus
2329 1685 2453 1731 mciii
2465 1684 2493 1731 “.

1812 1742 1944 1793 enite
1964 1745 2244 1793 exultemus
2265 1744 2721 1795 Di‘102ubilemus

1814 1806 1914 1854 Deo
1934 1806 2145 1854 salutari
2168 1813 2356 1856 nostro.

1782 1867 2196 1940 Praeoccupemus
2208 1869 2381 1917 facicm
2399 1869 2509 1928 ejus
2521 1867 2577 1915 in
2593 1879 2721 1939 οοιι-

1714 1927 1957 1977 sessione:
1972 1935 2020 1978 et
2040 1930 2092 1977 in
2118 1930 2328 1989 psalmis
2344 1930 2626 1990 Jubilemus
2649 1928 2715 1978 ei.

1783 1990 2039 2050 Quoniam
2073 1993 2205 2040 Deus
2235 2005 2456 2053 magnus
2485 1992 2644 2039 Diis:
2667 1997 2720 2039 et

1714 2064 1803 2100 rex
1826 2065 1905 2101 ma
1913 2065 2046 2113 gnus
2065 2065 2216 2113 super
2235 2066 2414 2103 omues
2431 2054 2570 2103 deos.

1781 2113 1914 2174 Quia
1951 2114 2006 2162 in
2038 2128 2198 2164 manu
2232 2116 2343 2186 ejus
2372 2120 2494 2163 sunt
2535 2126 2720 2163 omnes

1719 2175 1847 2224 fines
1868 2181 2050 2225 terrae:
2072 2182 2119 2225 et
2141 2176 2435 2226 altitudines
2457 2174 2716 2225 montium

1719 2239 1884 2299 ipsius
1906 2244 2045 2287 sunt.

1783 2300 2076 2361 Quoniam
2061 2302 2223 2361 lpsius
2242 2306 2319 2349 est
2345 2313 2510 2360 mare,
2534 2306 2584 2350 et
2608 2299 2720 2360 ipse

1720 2361 1831 2411 fecit
1848 2363 1970 2411 illud
1993 2369 2072 2413 :et
2084 2363 2268 2412 siccam
2290 2376 2476 2412 manus
2486 2364 2601 2423 ejus
2622 2365 2720 2412 t'or-

1720 2430 2008 2472 maverunt.

1784 2485 1963 2535 Venite
1998 2487 2267 2535 adoremus
2302 2491 2350 2535 et
2391 2484 2721 2546 procidamus

1719 2552 1768 2594 et
1790 2547 2046 2606 ploremus
2061 2554 2178 2596 ante
2189 2549 2327 2596 Dum
2349 2548 2439 2608 qui
2455 2546 2568 2595 l'eeit
2588 2560 2717 2597 nos:

1719 2609 1838 2670 quia
1858 2608 1965 2669 ipse
1985 2616 2060 2658 est
2082 2611 2214 2658 Deus
2237 2616 2429 2659 noster:

1781 2672 1846 2720 Et
1875 2684 1967 2720 nos
1999 2672 2212 2744 populus
2242 2684 2437 2732 pascuae
2471 2672 2631 2732 ejus:
2666 2676 2721 2721 et

1711 2744 1835 2782 oves
1855 2746 2043 2805 manus
2064 2735 2193 2793 ejus,

1779 2796 1944 2845 Hodie
1974 2795 2018 2843 si
2041 2808 2211 2844 vocem
2241 2795 2354 2854 ejus
2393 2792 2662 2843 audieritis
2704 2810 2719 2844 z

1719 2857 1870 2906 nolite
1891 2858 2140 2906 obdurare
2164 2859 2313 2906 corda
2335 2862 2517 2905 vestra.

1779 2919 1922 2967 Sicut
1972 2919 2026 2966 in
2064 2919 2391 2967 irritatione:
2425 2918 2718 2969 secundum

1716 2980 1850 3029 diem
1878 2980 2169 3029 tentationis
2189 2981 2243 3029 in
2266 2982 2476 3029 deserto.

1778 3042 1877 3090 Ubi
1899 3047 2218 3092 tentaverunt
2235 3055 2317 3090 me
2335 3047 2498 3102 patres
2519 3041 2683 3090 vestri
2705 3056 2720 3090 ι

1715 3104 2055 3163 probaverunt
2078 3110 2126 3153 et
2150 3105 2387 3153 viderunt
2405 3114 2554 3163 opera
2579 3116 2719 3152 mea.

1776 3165 2128 3226 Quadraginta
2170 3166 2321 3215 annis
2371 3167 2597 3213 offensus
2642 3165 2722 3214 l‘ui

1715 3228 2025 3286 generationi
2054 3227 2183 3277 illi:
2213 3234 2263 3277 et
2293 3226 2397 3276 dixi
2427 3239 2628 3287 semper
2663 3226 2720 3276 bi

1713 3296 1885 3337 errant
1915 3291 2080 3339 corde.

1776 3351 1839 3398 Et
1849 3351 1932 3398 isti
1945 3365 2046 3423 non
2058 3354 2402 3423 cognoverunt
2418 3363 2446 3398 ι
2451 3349 2529 3399 ias
2545 3362 2718 3400 meas,

1714 3416 1771 3459 ut
1788 3412 1960 3483 juravi
1981 3413 2034 3460 in
2053 3413 2128 3462 ira
2147 3426 2257 3462 mea
2279 3413 2324 3462 si
2345 3411 2676 3462 introibunt
2658 3426 2717 3463 ιιι

1715 3472 1943 3534 requiem
1966 3486 2152 3524 meam.
