2910 4457
716 401 734 451 l
1521 413 1596 449 nn
1623 412 1922 449 mmmm
2013 448 2020 454 ,

715 543 902 596 Crucis
923 543 1075 611 signo
1097 542 1243 594 idem
1268 541 1379 594 fieri
1394 541 1665 611 jubeatur,
1682 540 1749 593 de
1767 540 2012 610 Symbolo
2036 547 2218 596 autem
2233 542 2540 610 Apostolico
2561 543 2732 600 Horae

712 630 880 681 cuivis
898 629 1251 698 proeponendo
1280 645 1387 681 non
1410 628 1570 680 modo
1595 629 1652 681 in
1687 628 1950 690 RubriciS‚
1976 627 2069 681 sed
2099 644 2166 681 ne
2197 629 2255 680 in
2277 628 2372 680 illa
2396 630 2612 698 quidem
2636 632 2735 686 ad-

712 716 1002 770 monitione
1024 716 1109 769 vel
1134 716 1358 768 minima
1378 716 1582 768 mentio
1605 715 1747 767 facta
1770 714 2348 784 siu—haudquaquam
2386 718 2514 770 satis
2548 724 2736 772 tutum

714 800 878 855 videri
896 810 1083 872 potest.
1159 802 1233 855 Et
1255 802 1383 856 sane
1408 819 1576 871 quum
1599 803 1657 854 in
1677 801 1865 854 Officio
1891 800 2086 854 Sarisb.
2112 818 2220 855 non
2237 801 2399 856 modo
2422 812 2548 857 ante
2567 807 2734 874 primi

714 889 978 943 Nocturni
1000 890 1251 944 lectiones
1282 899 1401 961 post
1423 888 1734 943 Orationem
1774 888 2115 942 Dominicam
2150 887 2286 941 illud
2320 905 2533 959 quoque
2569 890 2731 961 Sym·

710 976 897 1030 bolum
921 977 1166 1042 addatur,
1188 975 1372 1031 verum
1408 978 1572 1030 etiam
1602 977 1660 1029 in
1684 975 1871 1029 Prima
1893 983 1949 1028 et
1970 975 2326 1044 Completorio
2358 974 2529 1043 (aliter
2563 978 2731 1046 quam

713 1064 770 1116 in
805 1062 1076 1135 Romano)
1102 1064 1295 1118 Preces
1329 1066 1386 1117 in
1421 1064 1614 1133 quibus
1644 1063 1964 1126 continetur,
1988 1070 2140 1115 extra
2168 1061 2562 1116 hebdomadam
2598 1064 2732 1118 Pas·

714 1154 826 1207 chae
868 1162 923 1208 et
963 1154 1231 1208 Triduum
1273 1153 1592 1224 praecedens,
1634 1170 1909 1222 nunquam
1952 1153 2402 1215 omittantur‚-si
2442 1169 2614 1222 neque
2663 1156 2732 1208 de

712 1241 898 1295 eodem
924 1242 1213 1296 Nocturnis
1242 1250 1297 1296 et
1332 1242 1529 1296 Primae
1566 1241 1650 1310 (ut
1678 1240 1864 1310 hodie)
1892 1240 2263 1310 praeponendo,
2286 1257 2462 1309 neque
2493 1241 2560 1295 de
2583 1242 2731 1297 idem

710 1336 828 1397 post
859 1329 1278 1399 completorium
1305 1329 1395 1399 (ut
1417 1328 1603 1398 hodie)
1643 1327 1904 1392 addendo,
1928 1326 2225 1396 quidquam
2255 1335 2352 1380 aut
2374 1345 2442 1380 ex
2464 1339 2731 1399 pmcepto

712 1423 807 1468 aut
829 1433 897 1469 ex
920 1416 1156 1481 consilio,
1179 1416 1271 1469 illa
1306 1416 1524 1486 quidem
1557 1424 1680 1469 ante
1706 1415 1895 1468 Douce
1930 1414 2048 1467 Res.
2087 1414 2405 1467 Psalterium
2442 1415 2731 1471 insertione

709 1502 950 1572 excepta,
971 1505 1379 1573 proponebatur,
1403 1520 1739 1574 nequaquam
1774 1503 1875 1556 hoc
1907 1503 2081 1556 cuivis
2115 1504 2316 1555 mirum
2350 1502 2517 1555 videri
2549 1502 2728 1557 debet.

711 1586 901 1659 Neque
924 1588 1047 1642 vero
1071 1590 1153 1643 vel
1176 1591 1277 1643 hoc
1299 1598 1487 1643 notatu
1505 1589 1788 1659 indignum
1813 1597 1907 1653 est,
1925 1590 1981 1641 in
2011 1588 2200 1643 Douce
2224 1589 2362 1653 Ref„
2379 1589 2730 1658 quemadmo-

711 1673 839 1727 dum
876 1674 941 1728 de
979 1675 1228 1745 Symbolo
1259 1676 1549 1729 identidem
1585 1684 1708 1728 ante
1746 1675 1938 1729 Officia
1972 1675 2193 1728 dicendo
2228 1677 2427 1729 mentio
2463 1676 2603 1730 facta
2638 1679 2730 1742 sit,

709 1762 787 1813 ita
808 1770 932 1814 ante
954 1763 1208 1815 lectiones
1231 1780 1323 1832 pro
1352 1762 1518 1816 Credo
1541 1763 1650 1832 legi
1674 1762 1781 1814 Ave
1805 1763 2019 1825 Μανίας
2050 1779 2214 1832 quam
2239 1770 2419 1817 tamen
2441 1765 2727 1818 lectionem

708 1848 987 1903 fatendum
1011 1859 1092 1904 est
1114 1869 1222 1905 non
1244 1854 1302 1906 in
1326 1853 1427 1906 hac
1452 1852 1568 1905 sola
1591 1852 1822 1906 editione
1856 1853 1982 1923 legi,
2007 1853 2274 1922 siquidem
2309 1855 2366 1906 in
2402 1855 2573 1907 tribus
2603 1855 2727 1908 aliis

703 1935 852 1989 libris
877 1937 1181 1992 Bodleianis
1204 1940 1271 2009 (v,
1298 1940 1370 1994 ad
1389 1939 1614 2009 locum),
1632 1941 1735 2010 ipsi
1759 1940 2075 1993 notavimus.
2151 1940 2236 1994 De
2260 1941 2517 2011 ejusmodi
2539 1950 2726 1995 autem

708 2025 1049 2080 varietatibus
1072 2026 1234 2081 latius
1253 2034 1404 2098 patet
1426 2027 1667 2097 quaestio‚
1692 2036 1747 2080 et
1780 2029 2190 2097 investigatione
2226 2029 2549 2081 accuratiore
2584 2028 2726 2081 indi-

709 2118 819 2180 get,
843 2112 1005 2181 quam
1028 2122 1091 2167 ut
1111 2113 1222 2179 hic,
1246 2115 1304 2167 in
1327 2116 1441 2185 ipso
1465 2116 1603 2168 tanti
1635 2114 1803 2184 operis
1834 2115 2037 2178 limine,
2061 2116 2243 2167 omnia
2265 2115 2446 2167 statim
2470 2115 2539 2169 ad
2560 2114 2722 2185 liqui-

706 2198 835 2255 dum
861 2202 1133 2273 explorare
1156 2204 1436 2274 possimus,
1510 2204 1594 2258 cf.
1620 2212 1805 2258 autem
1829 2212 2013 2258 notam
2040 2213 2075 2256 t.
2101 2221 2151 2275 p.
2179 2221 2267 2256 xv.

781 2288 866 2342 De
903 2292 974 2346 Ἠ.
1010 2290 1147 2344 D‘ne
1182 2290 1326 2345 labia
1361 2311 1410 2345 v.
1448 2292 1519 2346 ad
1561 2292 1623 2345 P.
1668 2297 1769 2345 100
1810 2309 1871 2345 a.
1909 2291 1976 2345 de
2013 2291 2159 2344 Deus
2195 2293 2257 2344 in
2297 2291 2623 2363 adjutorium
2663 2302 2721 2346 et

707 2373 938 2445 Allelujcz
963 2376 1033 2429 ad
1057 2377 1118 2428 P.
1149 2381 1214 2429 12
1237 2395 1286 2431 a.

779 2459 1332 2531 adjutorium—erat]
1365 2464 1565 2535 Gough
1584 2469 1708 2518 67“
1730 2465 1836 2535 adj.
1857 2474 1918 2516 ut
1940 2465 2128 2536 supra!
2131 2464 2357 2518 'Douce
2381 2463 2533 2516 Refi‘
2538 2464 2717 2535 ‘adju-

706 2549 901 2602 torium
925 2565 1030 2602 me.
1054 2559 1118 2603 ut
1138 2552 1326 2625 supra?
1328 2551 1451 2606 'De
1475 2557 1507 2582 ‘⁶
1526 2563 1587 2605 ut
1618 2571 1776 2623 supra
1791 2552 1817 2572 ’'
1848 2560 2029 2606 autem
2053 2569 2105 2605 v.
2142 2553 2211 2605 ad
2233 2570 2284 2623 p.
2312 2555 2346 2602 3
2370 2551 2420 2603 b.
2446 2550 2517 2620 (p.
2542 2551 2715 2616 xlviii,

708 2651 888 2707 parag.
913 2634 997 2707 4.)

782 2721 1046 2794 Sequatur
1066 2727 1428 2781 invitatorium
1449 2726 1565 2796 de]
1596 2726 1680 2778 De
1704 2726 2005 2779 invitatorio
2018 2734 2072 2778 et
2096 2725 2161 2778 de
2183 2725 2285 2777 hac
2311 2724 2545 2778 Rubrica
2562 2725 2715 2794 plura

710 2810 830 2863 vide
854 2812 992 2865 inter
1018 2813 1292 2868 Formulas
1314 2817 1658 2868 Communes.
1694 2812 1861 2885 (Vide
1898 2814 2060 2867 etiam
2096 2811 2282 2884 infra.)
2330 2812 2497 2864 Primi
2532 2820 2713 2865 autem

709 2897 940 2965 quinque
964 2915 1139 2953 versus
1164 2900 1360 2954 Psalmi
1392 2902 1572 2955 Venite
1587 2901 1679 2973 (ut
1702 2909 1825 2955 ante
1851 2901 2151 2954 Nocturnus
2168 2899 2383 2969 quidem
2407 2899 2609 2952 cantari
2632 2900 2716 2953 vel

708 2985 917 3037 recitari
940 2985 1141 3056 debet),
1166 2990 1400 3059 quinque
1425 2998 1549 3043 sunt
1571 2990 1889 3060 paragraphi
1923 2991 1980 3041 in
2014 3005 2144 3057 quas
2183 2988 2266 3056 (ut
2296 2987 2357 3038 P.
2389 2991 2490 3040 122
2514 2986 2714 3040 factum

707 3070 954 3143 apparet)
983 3071 1230 3127 Psalmus
1253 3075 1341 3129 ille
1366 3076 1566 3129 divisus
1584 3084 1681 3141 est,
1698 3084 1874 3129 sextus
1898 3075 2039 3140 vero,
2063 3073 2250 3127 Gloria
2277 3074 2435 3126 Patri
2459 3072 2528 3126 ad
2550 3074 2712 3126 finem

709 3157 953 3212 additum
956 3160 1147 3214 .—Pro
1169 3180 1495 3216 occurramus
1519 3164 1685 3216 scribe
1713 3164 2075 3215 Occurramus.

779 3246 962 3317 Hujus
982 3255 1164 3302 autem
1186 3250 1503 3320 paragraphi
1540 3249 1601 3321 (“
1623 3249 1888 3320 Sequatur
1911 3253 1996 3318 ‘35⁶-
2000 3249 2046 3320 ')
2077 3248 2209 3312 loen,
2235 3248 2291 3299 in
2319 3246 2519 3315 Gough
2560 3248 2630 3298 67
2663 3253 2717 3299 et

710 3333 894 3386 Douce
921 3334 1035 3388 Res.
1061 3336 1312 3405 leguntur
1334 3338 1639 3406 sequentia·

777 3422 1085 3490 “Officium
1098 3423 1413 3494 principalis
1436 3425 1648 3477 rectoris
1670 3433 1742 3476 est
1765 3424 1826 3475 in
1847 3423 2035 3493 primis
2052 3420 2413 3474 invitatorium
2436 3436 2657 3488 quarere
2680 3435 2713 3469 a

706 3513 977 3577 “cantore,
995 3519 1044 3564 et
1058 3520 1267 3564 cantum
1286 3512 1486 3566 Psalmi
1501 3511 1693 3566 Venite
1713 3509 1945 3580 [Gough
1963 3512 2032 3562 67
2046 3518 2094 3561 et
2109 3516 2335 3572 cantum,
2351 3503 2555 3558 Psalmi
2574 3503 2709 3556 Ven.
