2910 4457
995 411 1067 452 An
1109 412 1558 460 conrtmonlun.

230 519 414 566 omnia
441 519 623 568 saecula
647 522 970 572 saeculorum.
1005 523 1227 587 Autem]

230 591 353 627 eum
377 580 488 628 Diis
505 581 618 629 vob.
647 587 696 631 et
714 583 1101 634 BenedicamuS.
1123 587 1231 635 sine

232 640 397 689 All’a.
428 640 493 688 ab
514 648 773 692 eaeecutore
794 643 954 705 officii.

299 703 373 750 Et
391 703 651 752 sciendum
673 710 750 753 est
766 707 899 766 quod
922 708 1022 756 haeo
1051 707 1230 758 Oratio

232 764 428 813 dicitur
443 766 663 825 quotidie
679 768 750 815 ad
771 768 964 829 Compl.
986 783 1141 832 usque
1161 773 1231 821 ad

239 827 352 875 Oct.
376 826 606 875 Pascha.
934 879 937 880 ⁷

533 887 566 950 q
601 888 793 950 Compi.
825 890 942 940 oeii'.

289 949 355 996 In
365 949 446 998 die
456 949 896 1014 PasclzaeadComp
921 955 1135 1003 .Deusin
1149 957 1232 1005 ad-

230 1012 506 1076 sutorium.
520 1012 581 1059 A.
594 1016 641 1059 et
661 1013 861 1060 Psalmi
870 1015 1001 1064 sicu-t
1014 1017 1072 1063 in
1082 1017 1228 1066 sabb.

298 1072 536 1133 Repetita
566 1073 673 1121 αΐπὰ
735 1081 815 1122 ost
842 1077 1096 1140 Psalmos,
1123 1085 1231 1128 sta-

238 1135 337 1184 tim
368 1135 652 1195 incipiatur
756 1143 962 1186 cantore
1005 1150 1070 1199 132.
1111 1140 1230 1189 Haec

234 1196 349 1247 dies
380 1209 535 1255 quam
566 1195 680 1246 iecit
709 1198 854 1248 Diis:
878 1199 1157 1250 exultemus
1183 1208 1231 1251 et

237 1258 471 1306 laetemur
486 1258 538 1306 in
557 1271 632 1307 ea.
650 1260 758 1307 sine
770 1268 1020 1310 neumate.
1039 1263 1230 1316 Deinde

237 1320 381 1367 dicat
412 1319 654 1369 Sacerdos
691 1319 752 1381 ψ.
782 1323 840 1371 In
867 1326 1229 1376 resurrectione

236 1385 328 1429 tua
346 1380 562 1430 Christe.
593 1393 657 1441 132.
687 1384 808 1433 Coeli
831 1390 879 1434 et
896 1391 1027 1435 terra
1051 1387 1230 1436 laeten-

236 1447 345 1501 tur,
359 1443 599 1491 Alleluia.
611 1445 717 1493 Diis
738 1448 848 1496 vob.
867 1447 1226 1509 [Et.]OremuS.

306 1505 399 1553 Or.
420 1504 667 1563 Spiritum
686 1508 847 1556 nobiS.
862 1522 977 1556 cum
989 1510 1100 1557 Diis
1115 1511 1227 1558 vob.

234 1570 287 1615 et
306 1566 692 1616 BenedicamuS.
709 1569 817 1617 sine
847 1570 1002 1619 All’a.
1030 1571 1142 1618 Hoc
1158 1586 1230 1619 eo-

234 1627 353 1675 dem
378 1628 525 1675 modo
545 1629 732 1677 dicitur
753 1632 944 1692 Compl.
956 1645 1052 1693 per
1070 1637 1228 1682 totam

234 1687 380 1738 hebd.
403 1702 556 1752 usque
572 1692 641 1739 ad
661 1691 954 1742 Sabbatum.

517 1751 550 1814 q
587 1752 778 1815 Compl.
806 1755 943 1816 xiiij.

300 1810 573 1861 Dominicd
618 1814 676 1861 in
734 1816 843 1864 Oct.
894 1817 1105 1867 Paschoe
1158 1818 1228 1869 ad

240 1874 439 1935 Compi.
479 1874 722 1925 Converte
765 1890 873 1925 nos.
920 1884 970 1927 et
998 1881 1134 1929 Deus
1171 1881 1226 1929 in

239 1935 577 1996 adjutorium.
618 1936 806 1998 [Gloria
828 1941 968 1989 Patri
987 1941 1098 2004 eta]

301 2000 437 2047 Ana.
473 1998 710 2059 Alleluia,
745 2001 876 2061 all’a,
910 2002 1055 2063 all'a,
1090 2002 1225 2052 all’a.

233 2058 442 2107 Psalmi
468 2058 597 2108 Cum
628 2060 930 2111 invocarem.
954 2066 1012 2113 In
1038 2071 1086 2114 te
1115 2065 1227 2113 Dfie

233 2122 458 2181 speravi.
475 2121 574 2181 Qui
600 2122 809 2174 habitat.
829 2126 954 2174 Ecce
975 2138 1130 2173 nunc.

309 2182 434 2242 Cap.
461 2183 538 2232 Tu
561 2184 613 2231 iu
640 2187 805 2235 nobis·
960 2186 1226 2250 Hymnm.

315 2256 404 2292 esu
421 2246 647 2294 Salvator
668 2248 837 2295 saeculi
853 2285 866 2308 ,

317 2306 541 2356 Verbum
558 2309 726 2357 Patris
743 2310 977 2359 altissimi
996 2323 1010 2371 ;

231 2367 346 2416 Lux
374 2368 502 2416 lucis
531 2369 820 2430 invisibiliS,

231 2426 420 2477 Custos
440 2434 644 2479 tuorum
668 2433 913 2493 pervigil:

300 2490 380 2539 Tu
406 2491 672 2540 fabricator
699 2496 931 2543 omnium
947 2533 962 2555 ,

229 2551 495 2602 Discretor
515 2559 662 2613 atque
678 2560 959 2617 temporum
977 2571 992 2620 3

231 2611 389 2662 Fessa
414 2614 581 2662 labore
602 2629 807 2676 corpora

231 2674 412 2725 Noctis
432 2676 597 2734 quiete
622 2690 805 2727 recrea.

298 2737 370 2785 Ut
394 2737 519 2783 dum
546 2739 687 2796 gravi
712 2740 765 2786 in
790 2751 992 2799 corpore

231 2796 389 2848 Brevi
417 2808 685 2846 manemus
710 2805 960 2861 tempore,

233 2860 319 2909 Sic
348 2870 467 2907 caro
490 2863 661 2907 nostra
688 2860 935 2918 dormiat,

232 2922 305 2971 Ut
334 2933 482 2968 mens
508 2921 560 2967 in
587 2919 785 2969 Christo
812 2923 1004 2983 vigilet.

299 2983 370 3032 Tc
390 2983 719 3042 deprecamur
739 2986 986 3045 supplices

234 3045 306 3097 Ut
326 3057 418 3092 nos
439 3045 501 3093 ab
523 3045 663 3093 hoste
679 3045 889 3098 liberes:

234 3106 310 3157 Ne
329 3106 489 3155 valeat
507 3108 741 3156 seducere

234 3167 345 3217 Tuo
373 3169 654 3228 redemptos
673 3169 939 3229 sanguine.

299 3229 623 3290 QuaesumuS,
636 3231 826 3279 Auctor
841 3233 1092 3295 omnium,

237 3291 296 3339 In
318 3291 411 3338 hoc
427 3291 659 3339 Paschali
681 3294 888 3352 gaudio:

237 3352 321 3405 Ab
341 3354 482 3401 omni
506 3353 686 3402 mortis
702 3355 891 3413 impetu

237 3414 407 3462 Tuum
428 3414 633 3463 deiende
654 3417 913 3474 populum.

298 3475 473 3524 Gloria
493 3476 583 3523 tibi
598 3512 611 3534 ,
631 3477 865 3532 Domine,

237 3537 342 3599 Qui
362 3537 624 3586 surrexisti
644 3551 673 3586 a
698 3539 944 3588 mortuis:

2186 404 2305 467 105

1326 525 1455 576 Cum
1471 527 1619 582 Patre
1632 533 1681 581 et
1705 530 1887 581 Sancto
1912 531 2123 594 Spiritu,

1324 588 1386 637 ln
1413 593 1718 650 sempiterna
1742 593 1942 644 saecula.
1965 596 2154 648 Amen.

1388 650 1449 713 ψ’.
1484 652 1688 702 Custodi
1713 667 1823 704 nOS.

1386 715 1523 762 Ana.
1561 715 1782 765 Alleluia
1802 731 1815 764 t
1838 717 2134 767 Resurrexit
2173 718 2308 778 Das,

1326 771 1462 822 All’a
1480 789 1493 823 ε
1514 775 1645 823 sicut
1664 777 1791 824 dixit
1820 779 1977 840 vobis,
2002 780 2154 842 All'a,
2176 781 2310 830 all'a.

1325 834 1418 884 Ps.
1437 836 1585 885 Nunc
1601 838 1833 886 dimittiS.

1389 896 1572 945 Preces
1599 903 1648 945 et
1669 905 1848 947 coetera
1879 913 1988 961 qum
2016 902 2087 951 ad
2118 904 2310 965 Compi.

1321 958 1585 1018 pertinent
1604 960 1925 1021 expleantur.

1393 1019 1502 1067 Hoc
1535 1021 1732 1082 Compl.
1762 1035 1869 1070 non
1897 1028 2133 1073 mutatur
2159 1039 2313 1088 usque

1324 1081 1395 1127 ad
1427 1083 1543 1130 Asc.
1567 1083 1690 1141 Dat,
1703 1085 1762 1132 de
1775 1097 2063 1146 quocunque
2080 1086 2142 1147 fit
2159 1089 2314 1136 sentin

1327 1141 1471 1202 tium,
1493 1144 1598 1191 nisi
1614 1147 1817 1206 quando
1838 1147 2024 1195 dicitur
2043 1149 2102 1196 de
2123 1150 2178 1196 S.
2201 1149 2312 1199 Ma-

1324 1203 1434 1261 ria;
1451 1211 1573 1254 tunc
1585 1208 1718 1259 enim
1735 1208 1924 1257 dicitur
1930 1209 1989 1256 in
1998 1209 2096 1272 fine
2111 1210 2315 1272 Hymni

1326 1265 1635 1327 Quaesumus
1667 1276 1858 1318 auctor.
1890 1283 2005 1319 cum
2035 1282 2187 1321 versu

1387 1326 1561 1377 Gloria
1581 1331 1698 1389 tibi„
1714 1331 1943 1389 Domine,

1387 1389 1495 1500 gui
1516 1397 1667 1440 natus
1704 1391 1773 1453 [es
1792 1394 1854 1442 de
1878 1393 2120 1454 Virgine,

1430 1464 1516 1498 um
1534 1453 1683 1501 Patre
1697 1460 1744 1501 et
1756 1456 1937 1504 Sancto
1959 1457 2171 1516 Spiritu.

1386 1511 1446 1560 In
1493 1515 1796 1574 sempiterna
1828 1517 2027 1565 saecula.
2064 1516 2271 1578 Amem]
2297 1534 2311 1567 ε

1322 1570 1399 1620 ita
1417 1578 1587 1621 tamen
1606 1577 1738 1636 quod
1763 1580 1870 1623 αῑια
1898 1590 2050 1637 super
2075 1579 2311 1628 Psalmos

1326 1634 1535 1683 dicatur
1554 1637 1623 1684 ad
1641 1635 1829 1696 festum
1852 1637 1907 1686 S.
1936 1638 2230 1691 Trinitatis.

1636 1698 1666 1761 ς
1704 1699 1896 1759 Compi.
1913 1711 2003 1748 oev.

1401 1756 1469 1805 In
1533 1758 1643 1819 Viq.
1703 1762 2024 1809 Ascensionis
2081 1762 2193 1812 Dat
2242 1762 2313 1811 ad

1326 1816 1519 1879 compl.
1560 1820 1698 1885 [ατ-ια]
1733 1836 1886 1885 super
1904 1824 2143 1874 Psalmos
2173 1829 2235 1873 ut
2252 1825 2310 1872 in

1328 1879 1438 1928 Oct.
1458 1882 1686 1933 Paschae.

1388 1942 1513 2003 Cap.
1526 1944 1604 1992 Tu
1616 1946 1666 1993 in
1681 1946 1825 1995 nobis
1834 1960 1887 1996 es
1895 1949 2023 1998 Dine.
2045 1947 2307 2009 Hymnus.

1327 2012 1488 2111 Jesu
1512 2011 1682 2054 nostra
1704 2009 1997 2068 redemptio,

1399 2064 1561 2113 Amor
1578 2072 1624 2114 et
1635 2068 1969 2129 desiderium;

1321 2123 1461 2172 Deus
1469 2124 1672 2174 Creator
1685 2131 1937 2189 omnium,

1322 2185 1490 2234 Homo
1512 2188 1564 2236 in
1589 2189 1688 2239 sine
1709 2194 2030 2251 temporum:

1386 2246 1513 2307 Quae
1538 2255 1585 2298 te
1605 2251 1729 2299 vicit
1748 2253 2029 2312 clementia,

1322 2308 1391 2356 Ut
1416 2310 1569 2359 ferres
1590 2318 1760 2361 nostra
1788 2315 2028 2376 crimina3

1325 2369 1590 2421 Crudelem
1608 2381 1819 2424 mortem
1840 2377 2049 2437 patienS,

1323 2431 1392 2480 Ut
1414 2446 1507 2482 nos
1526 2447 1555 2482 a
1579 2443 1740 2486 morte
1759 2438 1986 2488 tolleres?

1385 2494 1578 2544 Inferni
1591 2499 1809 2548 claustra
1830 2506 2096 2559 penetrans
2106 2536 2120 2560 ‚

1321 2554 1459 2606 Tuos
1480 2561 1701 2625 captivos
1717 2563 1998 2613 redimens:

1320 2615 1495 2667 Victor
1513 2622 1772 2680 triumpho
1789 2624 1945 2671 nobili

1321 2677 1404 2728 Ad
1421 2681 1646 2730 dextram
1670 2684 1837 2730 Patris
1859 2684 2100 2733 residens.

1384 2742 1500 2798 Ipsa
1517 2747 1562 2789 te
1583 2748 1725 2802 cogat
1740 2744 1915 2802 pietaS,

1322 2800 1392 2849 Ut
1414 2801 1546 2849 mala
1564 2809 1733 2851 nostra
1749 2817 1953 2864 superes

1322 2860 1598 2923 Parcend0‚
1616 2870 1664 2912 et
1679 2867 1779 2913 voti
1798 2870 2046 2926 compotes

1323 2923 1428 2974 Nos
1448 2928 1535 2972 tuo
1556 2927 1701 2974 vultu
1723 2928 1889 2977 satieS.

1384 2985 1463 3034 Tu
1484 2992 1587 3036 esto
1611 2995 1837 3038 nostrum
1855 2990 2118 3051 gaudium,

1321 3046 1425 3106 Qui
1445 3061 1498 3096 es
1524 3048 1726 3099 iuturus
1746 3054 2012 3112 praemium
2029 3069 2061 3115 :2

1320 3108 1397 3158 Sit
1419 3116 1590 3160 nostra
1611 3113 1665 3160 in
1684 3119 1730 3162 te
1747 3115 1904 3173 gloria

1318 3170 1416 3221 Per
1439 3179 1617 3222 cuncta
1638 3187 1835 3235 semper
1855 3176 2055 3226 saecula.

1380 3234 1550 3283 Gloria
1573 3237 1684 3295 tibi,
1707 3235 1938 3295 Domine,

1321 3293 1424 3353 Qui
1444 3298 1650 3346 scandis
1667 3310 1819 3357 supra
1842 3297 2024 3354 sidera,

1322 3355 1450 3404 Cum
1468 3359 1617 3406 Patre
1630 3364 1676 3406 ct
1698 3360 1879 3408 Sancto
1896 3358 2089 3418 Spiritu
2107 3373 2119 3405 t

1321 3417 1382 3465 In
1404 3419 1710 3478 sempiterna
1734 3420 1935 3469 saecula.
1963 3419 2150 3468 Amen.

1384 3475 1445 3539 Ῡ.
1461 3477 1687 3530 Custodi.

1385 3541 1521 3588 Δῆα.
1541 3541 1779 3600 Alleluia,
1794 3542 2070 3590 ascendens
2078 3539 2309 3592 Christus
