2910 4457
284 463 522 524 Vespere,
539 466 588 511 et
609 473 779 522 niune,
797 468 847 512 et
867 465 1076 515 meridie
1092 478 1219 516 nar-

222 525 342 574 rabo
357 530 405 573 et
426 524 747 572 annuntiabo
771 540 785 574 ε
809 530 858 573 et
877 528 1105 577 exaudiet
1125 541 1219 578 vo-

1034 355 1105 393 ,m
1147 355 1476 398 nuuruus.
2225 346 2297 408 51

1317 475 1671 521 convertentur
1722 471 1919 523 inimici
1964 474 2063 524 mei
2120 482 2304 528 retror-

1315 541 1450 579 sum.

1376 593 1435 640 In
1469 605 1771 656 quacunque
1791 596 1871 645 dle
1893 598 2189 649 invocavero
2211 607 2259 650 te
2276 618 2301 664 ,ε

1315 665 1424 701 ecce
1433 657 1645 713 cognovi
1658 658 1899 716 quoniam
1919 661 2055 709 Deus
2070 674 2216 711 meus
2229 677 2301 712 es.

1377 716 1436 763 In
1468 716 1569 764 Deo
1599 717 1812 767 laudabo
1835 723 2043 770 verbum
2064 760 2076 783 ,
2111 725 2163 772 iu
2188 726 2302 773 Duo

1315 775 1528 824 laudabo
1548 790 1832 828 sermonem
1856 797 1868 831 :
1892 783 1942 829 in
1967 784 2068 832 Deo
2084 788 2299 846 speravi,

1316 848 1417 884 non
1447 837 1633 886 timebo
1664 841 1786 898 quid
1812 842 1959 890 faciat
1981 846 2108 894 mihi
2131 848 2298 897 bomo.

1377 899 1435 946 In
1472 911 1553 946 me
1583 906 1705 947 sunt
1735 903 1868 950 Deus
1901 909 2009 952 vota
2034 911 2120 956 tua
2145 925 2157 958 :
2187 923 2299 971 quae

1317 960 1525 1007 reddam
1543 996 1556 1017 ,
1582 961 1892 1013 laudationes
1909 965 2017 1014 tibi.

1375 1021 1630 1080 Quoniam
1647 1025 1876 1084 eripuisti
1887 1026 2113 1077 anImam
2129 1042 2297 1081 meam

1311 1082 1372 1131 de
1403 1090 1588 1143 morte,
1608 1090 1656 1131 et
1678 1088 1826 1146 pedes
1857 1101 1995 1138 meos
2024 1091 2086 1139 de
2117 1092 2259 1151 lapsu
2286 1110 2298 1144 ε

1312 1149 1369 1191 ut
1398 1146 1618 1204 placeam
1654 1161 1823 1198 coram
1860 1151 1964 1200 Deo
2006 1152 2060 1201 in
2103 1152 2296 1203 lumine

1313 1206 1616 1256 viventium.

1615 1271 1860 1320 Psalmus
1891 1274 1982 1336 lvj.

1410 1329 1593 1380 iserere
1614 1333 1715 1381 mei
1729 1334 1879 1396 DeuS,
1904 1338 2143 1388 miserere
2163 1339 2295 1388 mei:

1410 1395 1652 1451 quoniam
1692 1396 1744 1443 in
1782 1401 1829 1445 te
1883 1400 2091 1447 conlidit
2124 1401 2296 1450 anima

1311 1463 1443 1500 mea.

1373 1513 1436 1561 Et
1454 1514 1506 1562 in
1530 1518 1712 1564 umbra
1728 1517 1927 1566 alarum
1956 1524 2163 1568 tuarum
2186 1534 2297 1582 spc-

1311 1575 1432 1622 rabo
1454 1591 1468 1625 :
1490 1577 1646 1625 donec
1667 1584 1887 1627 transeat
1907 1579 2170 1640 iniquitas.

1373 1635 1611 1686 Clamabo
1654 1641 1715 1689 ad
1753 1641 1915 1688 Deum
1954 1643 2261 1693 altissimum
2283 1661 2296 1695 ε

1308 1697 1473 1746 Deum
1496 1701 1584 1759 qui
1604 1701 1844 1751 benefecit
1866 1704 2013 1752 mihi.

1371 1760 1516 1811 Misit
1531 1763 1592 1810 de
1611 1765 1749 1824 eoelo‚
1774 1771 1821 1814 et
1838 1764 2067 1815 liberavit
2079 1779 2163 1816 me
2181 1769 2297 1818 :de-

1309 1821 1383 1869 dit
1407 1822 1457 1869 in
1481 1826 1805 1884 opprobrium
1828 1829 2177 1879 conculcantes
2194 1843 2295 1880 me.

1371 1885 1517 1935 Misit
1548 1888 1683 1935 Deus
1713 1889 2113 1938 misericordiam
2144 1904 2292 1940 suam

1309 1948 1358 1993 et
1379 1947 1643 1996 veritatem
1673 1962 1820 1998 suam
1854 1965 1867 1999 ε
1896 1957 1943 1998 et
1969 1951 2155 2010 eripuit
2184 1954 2297 2001 ani-

1309 2018 1449 2055 mam
1467 2021 1634 2056 meam
1649 2011 1710 2058 de
1725 2012 1889 2058 medio
1900 2013 2182 2060 catulorum
2202 2015 2297 2062 leo-

1309 2080 1436 2115 num
1453 2083 1467 2127 ς
1490 2070 1709 2118 dormivi
1724 2073 2069 2119 conturbatus,

1371 2129 1770 2178 Filiibominum
1783 2133 2294 2182 denteseorumarma

1309 2194 1356 2238 et
1380 2190 1576 2251 sagittae
1598 2207 1610 2241 :
1632 2197 1681 2241 et
1701 2192 1874 2253 lingua
1896 2205 2071 2242 eorum
2096 2194 2295 2254 gladius

1308 2256 1506 2299 acutus,

1369 2313 1601 2362 Exaltare
1628 2327 1779 2373 super
1800 2316 1947 2364 coelos
1968 2317 2104 2365 Deus
2134 2324 2216 2368 :et
2238 2318 2292 2368 in

1307 2387 1515 2424 omnem
1536 2381 1721 2425 terram
1741 2377 1896 2437 gloria
1921 2383 2027 2428 tua.

1368 2438 1630 2498 Laqueum
1713 2447 2018 2499 paraverunt
2082 2441 2293 2501 pedibus

1307 2500 1434 2548 meis
1476 2506 1568 2550 :rt
1618 2501 2017 2551 incurvaverunt
2061 2505 2290 2554 animam

1306 2572 1493 2609 meam.

1369 2622 1628 2671 Foderunt
1655 2627 1772 2672 ante
1808 2623 1985 2672 faciem
2022 2638 2188 2673 meam
2220 2627 2293 2674 so-

1307 2694 1449 2731 veam
1476 2689 1553 2734 :et
1573 2685 1858 2732 inciderunt
1875 2686 1927 2731 in
1942 2697 2073 2732 eam.

1368 2745 1612 2792 Paratum
1635 2758 1719 2793 cor
1751 2758 1925 2793 meum
1956 2746 2109 2804 Deus,
2146 2760 2292 2805 para-

1306 2810 1418 2853 tum
1434 2818 1518 2853 cor
1535 2818 1731 2855 meum:
1750 2807 1958 2855 cantabo
1972 2811 2019 2856 et
2033 2808 2288 2867 psalmum

1303 2866 1470 2914 dicam
1493 2867 1623 2915 Dino,

1366 2928 1569 2990 Exurge
1600 2930 1759 2989 gloria
1790 2942 1920 2990 mea,
1951 2940 2134 2991 exurge
2158 2933 2291 2992 psal-

1305 2990 1493 3039 terium
1526 2997 1574 3040 et
1602 2992 1797 3041 cithara
1836 3008 1849 3043 ε
1880 3005 2123 3054 exurgam
2158 2994 2291 3043 dilu-

1304 3053 1433 3100 cu10.

1277 3128 1286 3134 ·
1367 3114 1649 3163 Confitebor
1666 3114 1758 3164 tibi
1780 3116 1832 3164 ln
1855 3116 2052 3176 populis
2076 3117 2187 3165 Dr'ie
2210 3103 2290 3166 :ct

1306 3178 1559 3236 psalmum
1581 3178 1747 3227 dicam
1765 3178 1853 3226 tibi
1872 3179 1925 3225 in
1950 3178 2200 3227 Gentibus
2224 3193 2237 3227 :

1367 3238 1624 3297 Quoniam
1662 3241 1982 3299 magnificata
2017 3245 2094 3287 est
2128 3252 2289 3299 usque

1304 3299 1366 3347 ad
1389 3300 1539 3347 coelos
1559 3301 1903 3349 misericordia
1925 3305 2010 3349 tua
2028 3314 2040 3347 t
2058 3306 2107 3350 ct
2127 3314 2289 3361 usque

1304 3360 1366 3408 ad
1390 3361 1548 3409 nubes
1569 3364 1753 3411 veritas
1774 3369 1879 3411 tua.

1365 3422 1599 3471 Exaltare
1616 3436 1769 3485 super
1784 3424 1933 3473 coelos
1953 3424 2089 3472 Deus
2107 3438 2121 3471 :
2138 3426 2186 3471 et
2200 3434 2288 3469 su-

1305 3495 1391 3542 per
1413 3497 1618 3534 omnem
1640 3490 1827 3535 terram
1850 3486 2008 3546 gloria
2026 3489 2130 3533 tua.

1312 4413 1557 4440 mida-:dm
1573 4417 1587 4427 ¹
