2910 4457
601 363 684 426 82
1517 383 1758 425 sinaxi-o

663 496 729 547 Et
747 497 1095 549 clamaverunt
1112 498 1176 547 ad
1200 498 1339 548 Dnm
1362 497 1482 548 cum
1504 499 1591 548 tri-

603 560 902 610 bularentur
941 576 955 611 ε
997 565 1046 610 et
1096 561 1158 610 de
1209 561 1591 610 necessitatibus

603 634 779 672 corum
803 622 1032 671 liberavit
1051 634 1152 671 ωε.

664 684 813 734 Misit
849 684 1061 733 verbum
1091 697 1264 744 suum,
1306 689 1355 732 et
1390 684 1591 733 sanavit

598 757 686 794 eos
708 760 722 795 ε
744 751 793 795 et
821 746 1009 806 eripuit
1026 758 1111 794 eos
1128 747 1191 795 de
1212 746 1591 795 interitionibus

602 819 799 857 corum.

663 868 1007 918 Confiteantur
1059 870 1172 918 Diio
1230 869 1589 918 misericordiae

600 930 714 990 eius
736 945 750 979 z
772 936 821 981 et
852 931 1107 979 mirabilia
1137 932 1249 991 eJus
1273 931 1395 979 filiis
1420 931 1589 979 homi-

602 1003 751 1040 num.

662 1053 729 1101 Et
750 1053 1033 1102 sacrificent
1052 1053 1362 1102 sacrificium
1387 1053 1554 1101 laudis
1575 1068 1589 1103 ε

602 1118 654 1164 et
671 1116 977 1164 annuntient
1005 1126 1153 1174 opera
1175 1115 1286 1174 ejus
1322 1116 1375 1163 in
1398 1116 1590 1164 exulta-

602 1177 757 1224 tione.

663 1237 766 1297 Qui
782 1237 1091 1286 descendunt
1106 1249 1246 1286 mare
1262 1237 1316 1285 in
1336 1237 1555 1286 navibus
1572 1253 1586 1287 ε

600 1297 836 1348 facientes
855 1299 1192 1358 operationem
1211 1300 1266 1348 in
1281 1300 1429 1361 aquis
1444 1300 1589 1348 mul-

598 1359 684 1408 tis·

662 1421 768 1481 Ipsi
786 1422 1024 1471 viderunt
1043 1434 1191 1482 opera
1211 1421 1315 1471 Dr'ii
1337 1437 1350 1470 z
1374 1427 1422 1472 et
1438 1422 1589 1471 mira·

598 1482 719 1531 bilia
746 1483 856 1542 ejus
880 1484 933 1532 in
961 1485 1228 1543 profundo.

660 1544 818 1603 Dixit,
834 1550 882 1594 et
895 1546 1252 1605 stetitspiritus
1265 1546 1491 1605 procellae
1508 1560 1521 1596 ε
1540 1549 1589 1595 et

596 1606 800 1656 exaltati
823 1612 945 1655 sunt
966 1608 1149 1656 fluctus
1168 1608 1295 1667 ejuS.

663 1667 964 1716 Ascendunt
978 1681 1138 1728 usque
1153 1671 1217 1717 ad
1233 1669 1398 1728 coeloS‚
1418 1673 1467 1718 et
1481 1670 1589 1717 des-

597 1729 821 1777 cendunt
854 1741 1016 1788 usque
1043 1731 1107 1778 ad
1143 1731 1383 1790 abyssos:
1412 1730 1586 1779 anima

595 1802 773 1839 eorum
795 1790 846 1837 in
872 1791 1021 1838 malis
1039 1792 1336 1840 tabescebat.

658 1851 873 1900 Turbati
903 1856 1040 1911 sunt,
1074 1858 1124 1901 et
1153 1854 1279 1901 moti
1309 1857 1432 1901 sunt
1453 1853 1587 1901 sicut

595 1912 770 1966 ebrius
798 1928 812 1962 :
843 1917 893 1962 et
921 1913 1090 1963 omnis
1123 1915 1369 1975 sapientia
1407 1927 1585 1963 eorum

593 1974 829 2024 devorata
848 1980 942 2024 est.

659 2036 724 2084 Et
745 2037 1089 2086 clamaverunt
1103 2037 1166 2086 ad
1184 2038 1318 2086 Dfim
1348 2037 1468 2086 cum
1489 2037 1586 2086 tri-

594 2097 893 2148 bularentur
937 2114 951 2149 t
995 2104 1044 2148 et
1089 2100 1152 2149 de
1203 2099 1587 2149 necessitatibus

594 2172 770 2210 eorum
794 2161 964 2210 eduxit
983 2175 1085 2211 eos,

659 2223 724 2272 Et
759 2224 935 2273 statuit
966 2223 1232 2284 procellam
1265 2223 1375 2284 eJ'us
1400 2224 1457 2272 in
1493 2236 1586 2273 au-

596 2296 709 2334 ram
733 2301 746 2335 τ
769 2291 818 2334 et
838 2287 1091 2335 siluerunt
1110 2286 1294 2335 fluctus
1309 2287 1438 2346 ejus.

657 2345 722 2395 Et
750 2347 900 2396 laetati
929 2354 1051 2396 sunt
1076 2349 1195 2409 quia
1223 2349 1513 2397 siluerunt:
1537 2351 1586 2396 et

594 2408 802 2457 deduxit
845 2421 929 2457 eos
977 2410 1033 2457 in
1073 2414 1277 2479 portum
1309 2410 1587 2458 voluntatis

593 2480 792 2516 eorum.

658 2528 1002 2578 Confiteantur
1059 2531 1172 2579 Dno
1224 2531 1583 2580 misericordiae

593 2591 709 2651 eius
732 2606 745 2642 ε
767 2596 816 2641 et
845 2592 1099 2642 mirabilia
1126 2593 1238 2653 ejus
1268 2592 1388 2641 filiis
1417 2593 1584 2642 homi-

595 2665 743 2703 num.

658 2715 723 2764 Et
737 2716 951 2766 exaltent
965 2728 1083 2766 eum
1103 2717 1154 2767 in
1170 2716 1371 2766 ecclesia
1389 2716 1548 2776 plebis
1569 2730 1582 2764 z

595 2781 647 2826 et
693 2778 746 2826 in
794 2779 1028 2829 cathedra
1073 2780 1335 2829 seniorum
1377 2779 1583 2828 laudent

594 2849 733 2887 eum.

657 2899 835 2947 Posuit
865 2900 1081 2949 flumina
1112 2902 1164 2949 in
1197 2902 1454 2951 desertum
1484 2918 1498 2951 ι
1532 2906 1583 2952 et

593 2961 758 3008 exitus
778 2972 1025 3020 aquarum
1047 2963 1099 3009 in
1123 2963 1284 3011 sitim.

656 3020 866 3070 Terram
914 3022 1221 3070 fructiferam
1267 3024 1320 3070 in
1365 3025 1582 3085 salsugi-

596 3095 712 3132 nem
771 3097 785 3132 :
839 3094 870 3132 a
928 3083 1121 3131 malitia
1180 3083 1579 3135 inhabitantium

580 3146 739 3194 inea.

660 3205 836 3255 Posuit
855 3206 1111 3256 desertum
1142 3206 1194 3254 in
1220 3211 1398 3267 stagna
1424 3220 1581 3267 aqua-

594 3280 713 3316 rum
737 3283 750 3318 2
772 3272 822 3316 et
836 3272 1026 3318 terram
1049 3269 1160 3317 sine
1183 3280 1314 3330 aqua
1339 3270 1390 3318 in
1418 3270 1581 3320 exitus

589 3341 862 3390 aquarum.

657 3391 721 3441 Et
747 3391 1004 3441 collocavit
1039 3390 1143 3439 illic
1173 3391 1449 3442 esurientes
1483 3408 1496 3442 :
1532 3399 1581 3443 ot

592 3453 1222 3504 constitueruntcivitatem
1234 3454 1578 3504 habitationis.

654 3516 719 3565 Et
733 3517 1111 3568 seminaverunt
1131 3528 1295 3577 agros,
1318 3521 1367 3565 et
1384 3517 1580 3577 planta-

1687 499 1871 546 verunt
1891 496 2066 547 vineas
2089 501 2174 547 :et
2197 495 2422 546 fecerunt
2448 494 2682 547 fructum

1686 558 1987 607 nativitatiS.

1748 619 1813 668 Et
1849 619 2100 668 benedixit
2134 619 2223 679 eis„
2263 623 2312 669 et
2350 620 2686 679 multiplicati

1686 687 1808 729 sunt
1830 682 2024 731 nimis:
2046 686 2095 730 et
2111 681 2345 742 iumenta
2368 693 2547 729 eorum
2573 695 2683 731 non

1686 743 1981 792 minoravit.

1747 804 1812 852 Et
1825 806 1972 863 pauci
1997 804 2112 853 facti
2127 808 2250 853 sunt
2269 808 2351 853 :et
2370 803 2531 852 vexati
2553 810 2684 853 sunt

1685 879 1714 916 a
1735 866 2060 915 tribulatione
2074 866 2324 914 malorum
2342 870 2389 913 et
2403 866 2592 914 dolore.

1747 928 1922 976 Effusa
1947 934 2019 976 est
2039 927 2340 986 contemptio
2364 939 2514 986 super
2538 927 2682 987 prin-

1685 989 1851 1061 cipes-2
1869 994 2106 1062 ‹et-errare
2128 990 2242 1039 fecit
2258 1001 2340 1037 eos
2361 989 2415 1037 in
2445 989 2601 1049 invio,
2628 995 2683 1039 et

1690 1064 1790 1099 non
1815 1064 1867 1098 1n
1891 1063 1991 1099 via.

1746 1112 1811 1160 Et
1829 1113 2026 1171 adjuvit
2042 1123 2310 1172 pauperem
2326 1113 2387 1160 de
2403 1112 2574 1172 inopia
2593 1128 2607 1162 z
2626 1119 2680 1163 et

1684 1174 1851 1234 posuit
1873 1175 2005 1222 sicut
2024 1186 2141 1222 oves
2165 1173 2399 1221 familias,

1747 1235 2004 1283 Videbunt
2024 1236 2162 1294 recti,
2188 1240 2235 1284 et
2262 1235 2603 1284 laetabuntur:
2626 1242 2679 1284 et

1682 1297 1853 1344 omnis
1872 1298 2119 1357 iniquitas
2144 1296 2385 1356 oppilabit
2412 1309 2469 1344 os
2494 1309 2675 1346 suum.

1744 1357 1876 1417 Quis
1894 1360 2112 1419 sapienS‚
2138 1364 2186 1406 et
2202 1358 2446 1406 custodiet
2467 1358 2574 1406 haec
2594 1365 2677 1409 :et

1681 1418 1926 1479 intelliget
1947 1420 2318 1468 misericordias
2344 1420 2481 1468 Dni‘t

1745 1480 1916 1530 Gloria
1933 1482 2092 1530 Patri.
2110 1484 2172 1530 A.
2191 1481 2354 1531 Visita
2371 1493 2464 1530 nos
2481 1481 2595 1530 Dne
2616 1482 2672 1531 in

1681 1542 1892 1592 salutari
1912 1548 2017 1592 tuo.

1982 1606 2225 1653 Psalmus
2245 1602 2362 1665 cvij.

1769 1672 1969 1715 aratum
1981 1680 2065 1715 cor
2076 1679 2249 1716 meum
2261 1667 2367 1714 Deu
2374 1678 2416 1722 S,
2434 1671 2672 1724 paratum

1768 1739 1852 1776 cor
1868 1741 2041 1777 meum
2062 1745 2075 1779 ε
2092 1729 2304 1778 cantabo
2321 1732 2370 1777 et
2384 1728 2597 1787 psallam
2616 1729 2672 1776 in

1683 1789 1842 1849 gloria
1866 1803 1997 1839 mea.

1744 1850 1943 1913 Exurge
1964 1852 2122 1912 gloria
2144 1863 2273 1910 mea,
2296 1863 2480 1911 exurge
2495 1850 2675 1910 psalte-

1682 1911 1819 1961 rium
1846 1920 1894 1963 et
1915 1915 2107 1963 cithara
2130 1929 2143 1960 t
2165 1925 2406 1973 exurgam
2424 1913 2669 1962 diluculo.

1744 1973 2025 2024 Confitebor
2045 1976 2139 2024 tibi
2161 1975 2213 2024 in
2238 1975 2439 2035 populis
2458 1975 2598 2023 Dne:
2622 1981 2672 2024 et

1681 2036 1892 2095 psallam
1914 2038 2006 2086 tibi
2030 2038 2083 2086 in
2107 2037 2416 2085 nationibus·

1742 2097 1876 2158 Quia
1891 2111 2078 2160 magna
2093 2104 2167 2147 est
2181 2111 2331 2158 super
2352 2098 2502 2146 coelos
2517 2097 2671 2147 mise-

1680 2160 1896 2209 ricordia
1912 2166 2031 2210 tua:
2054 2165 2104 2210 et
2129 2173 2291 2221 usque
2309 2160 2371 2209 ad
2397 2160 2558 2208 nubes
2585 2172 2670 2209 ve-

1680 2222 1807 2271 ritas
1827 2228 1932 2272 tua.

1731 2284 1962 2334 Exaltare
1972 2296 2122 2344 super
2134 2284 2282 2333 coelos
2288 2284 2442 2343 DeuS,
2457 2288 2506 2331 et
2517 2295 2668 2343 super

1679 2358 1885 2395 omnem
1907 2352 2096 2396 terram
2124 2346 2284 2417 gloria
2311 2350 2399 2394 tua
2422 2360 2435 2394 z
2462 2350 2522 2392 ut
2546 2345 2671 2395 libe-

1680 2412 1858 2457 rentur
1878 2409 2045 2457 dilecti
2067 2413 2164 2456 tur.

1740 2468 1950 2518 Salvum
1974 2471 2049 2518 fac
2072 2471 2269 2518 dextera
2286 2473 2390 2527 tua,
2408 2473 2457 2517 et
2486 2470 2668 2517 exaudi

1678 2541 1793 2578 me:
1816 2532 1954 2580 Deus
1976 2533 2173 2580 locutus
2193 2535 2267 2578 est
2284 2530 2337 2577 in
2360 2536 2539 2579 sancto
2555 2544 2666 2580 suo.

1739 2592 1987 2642 Exultabo
1998 2598 2046 2641 et
2057 2593 2282 2642 dividam
2296 2592 2576 2641 Sichimam
2594 2608 2607 2642 z
2620 2598 2670 2641 et

1677 2655 1952 2703 convallem
1962 2654 2399 2704 tabernaculorum
2410 2654 2667 2703 dimetiar.

1740 2716 1887 2766 Meus
1902 2722 1977 2766 est
2002 2716 2210 2775 Galaad‚
2230 2720 2279 2764 et
2298 2728 2444 2763 meus
2458 2722 2537 2764 est
2556 2717 2669 2767 Ma-

1676 2787 1892 2885 nasses:
1917 2784 1966 2828 et
1985 2778 2232 2840 Ephraim
2260 2778 2510 2838 susceptio
2534 2778 2668 2839 capi·

1700 2850 1744 2886 is
1764 2851 1884 2890 mel.

1739 2900 1772 2948 J
1776 2904 1871 2951 uda
1895 2915 1978 2952 rex
2003 2912 2147 2952 meus
2170 2915 2183 2950 t
2215 2901 2368 2953 Moab
2400 2900 2535 2950 leboe
2562 2901 2672 2961 spei

1677 2972 1819 3012 meae.

1739 3024 1800 3071 In
1845 3025 2120 3074 idumaeam
2168 3026 2432 3075 extendam
2479 3025 2672 3073 calcea-

1677 3091 1908 3134 mentum
1945 3100 2117 3135 meum
2151 3102 2165 3137 ε
2198 3087 2328 3135 mihi
2368 3086 2671 3147 alienigenae

1676 3148 1830 3196 amici
1851 3149 1966 3196 facti
1992 3154 2132 3197 sunt.

1738 3209 1870 3270 Quis
1885 3211 2093 3259 deducet
2114 3221 2194 3258 me
2208 3207 2260 3256 in
2279 3209 2539 3257 civitatem
2557 3220 2672 3256 mu-

1677 3273 1872 3321 nitam?
1912 3272 2029 3332 quis
2059 3272 2270 3321 deducet
2300 3283 2384 3319 me
2413 3282 2579 3330 usque
2611 3270 2671 3318 in

1640 3343 1652 3353 ‘
1674 3335 1990 3383 Idumaeam?

1737 3396 1916 3445 Nonne
1926 3400 1978 3442 tu
1991 3393 2145 3451 Deus,
2156 3393 2243 3453 qui
2255 3393 2490 3451 repulisti
2500 3405 2612 3441 nos:
2621 3399 2674 3441 et

1678 3468 1776 3505 non
1789 3457 1947 3505 exibis
1957 3455 2152 3504 Deusin
2168 3454 2447 3510 virtutibus
2459 3455 2673 3503 nostris.

1737 3518 1812 3566 Da
1866 3517 2014 3567 nobis
2046 3516 2297 3566 auxilium
2342 3516 2408 3566 de
2453 3516 2674 3565 tribula-
