2910 4457
542 411 632 502 xij
1205 427 1256 469 u«
1281 427 1517 470 comus
1541 427 1686 470 umus
1711 427 1943 470 nunus
2336 411 2460 481 (An
2476 418 2514 482 5
2535 419 2723 470 37—41

648 564 740 630 qui
754 563 811 615 in
829 561 977 615 coelis
995 559 1092 630 est]
1111 561 1172 626 L,
1190 576 1309 614 cum
1324 562 1476 614 BreV.
1492 563 1660 626 Rom,
1678 562 1802 628 “qui
1819 566 1898 614 est
1911 563 1968 613 in
1986 560 2184 613 coelis''.

649 649 753 699 Pro
773 645 962 698 “mibi''
978 647 1039 711 L,
1056 646 1149 699 ubi
1166 646 1533 697 abbreviatum
1549 662 1657 699 non
1674 647 1850 709 utitur,
1868 644 2104 697 “michi''

651 746 844 814 DRUS,
870 743 1079 790 tuorum
1101 737 1340 806 militum]
1366 740 1549 806 Typus
1574 739 1838 804 metricus,
1869 738 2010 789 idem
2039 739 2129 804 qui
2161 739 2218 789 in
2241 740 2308 801 §5
2343 744 2396 804 2,
2431 741 2483 807 5,
2529 745 2614 807 21,
2655 746 2729 794 26.

549 832 809 884 Notentur
825 834 999 881 autem
1021 829 1216 881 similes
1238 845 1486 881 versuum
1507 831 1914 882 terminationes.

646 915 709 965 In
727 913 910 965 eodem
925 912 1140 979 hymno,
1156 928 1252 979 pro
1271 913 1559 964 “servulis’‘
1576 914 1621 964 L
1639 911 1946 964 “criminis”.

648 996 689 1066 fl
708 993 865 1062 88.)
889 996 953 1047 In
981 993 1224 1062 Capitulo
1251 993 1356 1047 Iste
1386 995 1629 1062 coqnovit,
1655 1022 1721 1033 —
1750 996 1899 1061 eujus
1924 993 2107 1047 titulus
2132 997 2209 1047 ita
2236 998 2604 1066 corrigendus
2642 1011 2732 1066 est,

550 1080 714 1148 “Cap.
742 1078 929 1147 (Eccl'i
956 1079 1038 1130 45.
1071 1077 1164 1146 [A2
1196 1095 1243 1130 v.
1270 1078 1556 1147 Annot.])”,
1582 1109 1649 1118 —
1674 1096 1853 1132 eorum
1878 1096 1995 1146 quae
2023 1080 2088 1131 de
2111 1081 2302 1147 Moyse
2327 1080 2457 1133 loco
2491 1086 2730 1138 indicato

550 1166 690 1218 dieta
707 1169 843 1228 sunt,
859 1162 1087 1216 breviter
1102 1161 1223 1214 aliis
1237 1162 1412 1214 verbis
1430 1179 1634 1214 summa
1648 1163 1906 1214 redditur:
1932 1165 1999 1215 ef.
2018 1163 2086 1215 ad
2102 1162 2231 1230 Cap.
2249 1165 2441 1217 Nonae.

647 1246 685 1297 J
687 1251 836 1297 ustus
853 1243 946 1312 ut.]
968 1245 1057 1296 Sic
1072 1250 1214 1297 recte
1231 1246 1300 1296 L:
1319 1245 1377 1295 in
1399 1245 1464 1310 A,
1483 1244 1552 1296 “J
1552 1252 1700 1314 ustus
1718 1246 2078 1314 germinabit.”

649 1326 688 1395 δ
714 1325 869 1396 89.)
897 1327 959 1378 In
987 1326 1230 1394 capitulo
1248 1328 1428 1392 Nonoe,
1463 1344 1642 1379 eorum
1670 1345 1786 1395 quae
1813 1329 1877 1380 de
1904 1328 2115 1380 Aarone
2140 1329 2261 1381 loco
2279 1331 2546 1398 indicam,
2571 1339 2730 1389 versi·

548 1412 647 1465 bus
671 1416 748 1477 12,
768 1416 830 1464 13
848 1416 901 1463 et
918 1413 995 1474 14,
1015 1411 1155 1463 dicta
1171 1418 1307 1476 sunt,
1330 1412 1563 1480 ,breviter
1578 1413 1696 1464 aliis
1712 1413 1888 1465 verbis
1906 1429 2108 1465 summa
2122 1413 2386 1466 redditur:
2417 1418 2489 1468 cf.
2513 1420 2587 1471 ad
2608 1420 2730 1488 Cap.

554 1495 741 1546 Sextae.
795 1494 998 1546 Similia
1013 1499 1189 1545 autem
1207 1511 1380 1561 supra,
1398 1497 1457 1545 in
1476 1496 1736 1547 divisione
1755 1497 1818 1559 A,
1835 1512 1995 1548 versu
2012 1498 2059 1558 9,
2080 1495 2221 1547 dieta
2239 1503 2407 1550 erant.

647 1577 715 1630 A.
745 1578 851 1630 Hie
873 1577 955 1628 vir
973 1604 1037 1614 —
1053 1575 1250 1644 manu]
1279 1578 1637 1644 Antiphonam
1657 1578 1796 1630 hane
1811 1584 1870 1629 ut
1887 1578 2150 1629 distichon
2169 1578 2486 1647 elegiacum,
2515 1583 2577 1634 id
2595 1584 2731 1650 quod

552 1667 647 1726 est,
667 1661 923 1713 ordinavi.

650 1742 764 1811 “[In
781 1744 842 1807 L,
860 1744 1084 1811 ejudem
1106 1742 1361 1811 SanctiJ.''
1379 1771 1445 1780 —
1470 1743 1548 1795 Cf.
1568 1744 1816 1795 sectionis
1835 1747 1896 1795 37
1915 1759 2095 1811 parag.
2112 1743 2477 1811 penultimum.

651 1823 689 1893 ὃ
711 1822 871 1894 4⁰.)
889 1826 972 1876 De
989 1825 1116 1893 Cap.
1133 1824 1329 1888 ‚Beata
1344 1825 1440 1890 τήν,
1462 1827 1611 1892 cujus
1628 1826 1718 1877 hie
1735 1827 1966 1893 quinque
1982 1831 2184 1878 tantum
2199 1828 2365 1881 verba
2380 1831 2439 1881 in
2457 1832 2511 1882 L
2527 1832 2730 1886 inveni·

550 1913 724 1974 untur,
742 1927 794 1960 v.
812 1909 880 1960 ad
897 1912 928 1974 5
948 1909 1029 1961 25.

647 1990 973 2059 1n·Capitulo
991 1991 1171 2057 Nonae,
1197 1993 1254 2043 in
1270 1991 1428 2061 Vulg.
1447 1993 1549 2042 “Et
1564 1992 1852 2044 firmabitur
1869 2018 1935 2028 —
1952 2009 2077 2045 suos
2091 1992 2138 2057 ;''
2160 1994 2462 2047 immediate
2487 2005 2621 2065 post
2640 2000 2729 2051 Ca·

550 2075 776 2144 pitulum
803 2075 975 2127 Sextae
998 2075 1218 2143 legitur3
1246 2076 1333 2126 “et
1354 2092 1405 2127 n.
1424 2091 1485 2126 se.
1506 2074 1558 2126 h.
1582 2075 1762 2126 illum''
1779 2081 1901 2141 post
1915 2075 2078 2128 breve
2092 2078 2430 2131 intervallum
2441 2077 2532 2147 (in
2553 2083 2727 2135 divisi·

553 2176 654 2212 one
681 2161 743 2224 B,
763 2176 920 2212 versu
942 2158 999 2231 6)
1011 2161 1268 2226 sequitur3
1294 2159 1459 2212 verba
1475 2165 1647 2210 autem
1667 2157 1815 2210 “Das
1838 2161 1984 2211 Deus
2008 2160 2220 2213 noster''
2235 2179 2343 2214 non
2360 2164 2726 2217 inveniuntur.

652 2241 691 2310 δ
722 2241 875 2312 41.)
910 2245 975 2296 In
1009 2245 1110 2296 hae
1136 2250 1188 2295 et
1227 2243 1429 2295 duabus
1458 2241 1708 2311 proximis
1737 2244 2058 2296 sectionibus
2089 2245 2318 2310 docetur,
2347 2247 2495 2313 quid,
2526 2251 2728 2315 quoties

557 2328 625 2379 de
641 2328 876 2394 Martyre
892 2328 1154 2379 Pontifice
1174 2327 1399 2379 officium
1415 2327 1492 2391 fit,
1515 2326 1930 2392 praecedentibus
1959 2328 2029 2378 sit
2055 2328 2512 2394 substituendum3
2538 2331 2729 2383 additis

558 2414 713 2465 etiam
737 2411 794 2481 (ὃ
818 2413 909 2483 43)
925 2430 1019 2481 pro
1053 2415 1243 2479 quovis
1273 2414 1501 2477 exulato,
1526 2414 1640 2465 sive
1666 2414 1910 2480 Martyre,
1943 2414 2056 2465 sive
2093 2413 2428 2478 confessore,
2469 2415 2729 2468 Nocturni

551 2496 717 2548 Tertii
737 2497 1094 2549 LectionibuS.
1113 2496 1146 2529 *

625 2576 630 2581 ’
655 2591 859 2644 omns
890 2589 1137 2640 Pontifex
1153 2615 1219 2626 -·
1234 2589 1290 2639 in
1307 2587 1410 2656 his]
1429 2586 1493 2638 In
1510 2587 1685 2656 Vulg„
1711 2588 1928 2640 “Omnis
1944 2603 2169 2653 namque
2186 2588 2438 2640 Pontifex
2452 2618 2521 2628 —
2540 2592 2600 2642 in
2619 2592 2729 2645 iis''.

651 2685 714 2734 In
738 2682 1003 2744 Oratione,
1027 2696 1122 2747 pro
1151 2678 1309 2731 “Pet’‘
1334 2680 1507 2731 scribe
1535 2678 1716 2731 “Per''.

652 2766 829 2818 Lectio
844 2761 1060 2831 prima]
1084 2762 1147 2813 In
1164 2763 1208 2813 L
1230 2762 1527 2814 “Debemus
1545 2792 1610 2801 —
1629 2761 1934 2814 subtrahit.”
1949 2763 2006 2812 in
2023 2761 2280 2816 lectiones
2298 2779 2393 2814 sex
2412 2763 2486 2830 (v.
2507 2766 2577 2817 ad
2596 2771 2630 2832 5
2651 2768 2728 2831 29)

554 2851 782 2901 divisum
805 2853 900 2899 est.
924 2848 985 2897 In
1011 2847 1167 2898 Brev.
1193 2848 1359 2911 Rom„
1389 2847 1488 2898 sub
1513 2846 1667 2897 titulo
1695 2846 1956 2897 “Homilia
1974 2846 2027 2897 S.
2047 2847 2290 2914 Gregorii
2306 2848 2522 2915 Papae.’'
2541 2855 2595 2899 et
2616 2867 2732 2902 eum

553 2932 873 2982 indicatione
912 2929 1031 2981 “Ex
1057 2929 1210 2980 Hom.
1248 2935 1324 2981 17.
1352 2930 1411 2980 in
1436 2929 1567 2980 Lac.
1600 2933 1676 2980 10.
1704 2936 1825 2980 ante
1850 2928 2139 2993 medium-’2
2178 2930 2472 2982 “Debemus
2503 2948 2731 2999 namque

557 3017 807 3081 “pensare
835 3013 1085 3063 continuo
1113 3012 1255 3078 quod
1282 3014 1481 3064 sanctis
1500 3011 1783 3062 -terrse.’'
1808 3011 2051 3063 lectionis
2081 3017 2109 3062 7
2139 3012 2195 3061 in
2220 3013 2391 3078 ipsius
2413 3013 2464 3063 S.
2484 3014 2733 3082 Gregorii

551 3101 687 3151 festo
716 3097 823 3164 (die
839 3097 969 3147 Mar.
993 3095 1079 3167 12)
1099 3097 1346 3163 periodus
1375 3101 1455 3147 est
1480 3094 1734 3147 secunda:
1760 3101 1880 3163 post
1902 3111 2058 3162 quam
2076 3095 2164 3147 “Si
2183 3112 2308 3163 ergo
2328 3096 2409 3147 sal
2429 3121 2491 3132 --
2515 3099 2730 3148 condia·

555 3180 715 3233 “tun'’
743 3180 1056 3247 quibusdam
1081 3181 1312 3243 mutatiS,
1336 3179 1557 3230 eandem
1580 3178 1861 3230 lectionem
1891 3179 2098 3246 implet3
2127 3178 2247 3229 “Sal
2276 3181 2470 3230 etenim
2496 3186 2657 3233 terrae
2674 3209 2733 3220 —

552 3263 889 3316 “subtrahit.‘'
914 3270 1113 3316 octavae
1132 3269 1211 3315 est
1227 3264 1447 3314 initium.
1473 3263 1659 3314 Cetera
1684 3262 1749 3314 ab
1767 3264 1960 3314 nostris
1981 3262 2190 3313 diversa
2217 3268 2354 3313 sunt.

650 3348 714 3397 In
741 3348 865 3398 Lec.
886 3351 929 3411 1,
961 3344 1271 3400 “continue”
1295 3342 1617 3412 (immediate
1627 3345 1679 3414 ‘?)
1703 3350 1754 3394 et
1772 3343 1990 3395 “nobis’‘
2010 3360 2110 3395 om.
2128 3344 2201 3409 L3
2225 3345 2281 3394 in
2306 3361 2410 3410 quo
2434 3348 2616 3413 etiam,
2642 3365 2731 3417 pro

617 3558 649 3591 '¹‘
666 3556 842 3622 Hujus
883 3560 1056 3608 autem
1095 3555 1343 3607 sectionis
1378 3555 1587 3605 initium
1685 3562 1793 3606 tota
1831 3563 2065 3619 cantetur
2103 3555 2341 3607 Historia
2385 3553 2555 3607 Unius
2588 3556 2735 3609 Mar-

549 3624 865 3689 utsequitur
885 3623 1074 3674 melius
1098 3622 1386 3674 exhibitum
1421 3626 1584 3672 esset:
1689 3638 1820 3704 tyn-3
1857 3638 1981 3690 Νοπ
2002 3637 2285 3705 Ροηιῂςὼ,
2314 3644 2373 3688 ut
2392 3653 2582 3705 apra,
2623 3659 2735 3693 m

773 3721 811 3791 β
840 3719 994 3790 al.)
1017 3703 1115 3790 ξπ
1140 3707 1355 3772 'natali
1697 3722 1948 3788 Capitulis
1963 3721 2258 3788 subscriptis
2274 3728 2322 3774 et
2339 3736 2456 3773 cum
2480 3720 2734 3777 Oratione

561 3787 771 3855 *Unius
795 3793 1122 3871 'natatis
1150 3801 1207 3856 tt
1228 3790 1568 3874 pontilicis,
1689 3803 1977 3865 ρωόποιαια.
2135 3806 2141 3813 ·
