2910 4457
249 417 435 486 coum]
980 434 1055 470 m:
1083 433 1255 470 sEx‘rA
1280 433 1353 469 ET
1376 433 1541 469 NONA.
2102 418 2270 471 lxxvii

318 567 449 635 Cap.
486 563 623 634 δια]
664 563 732 615 In
777 562 870 616 Br.
913 562 1071 616 Rom.
1110 561 1290 632 “Cap.
1330 561 1469 632 (Jer.
1507 564 1616 632 23.)
1655 562 1724 616 In
1767 562 2265 619 diebus—noster.'’

239 652 315 719 (v.
345 653 432 705 Pr.
458 657 495 704 2
518 649 599 721 a.)
628 651 714 704 Cf.
740 660 920 707 autem
946 650 1015 703 ed
1041 649 1103 702 P.
1128 653 1199 701 30
1221 651 1274 703 b.

309 757 374 808 P.
413 760 485 808 29
522 773 572 808 a.
607 755 693 806 Ad
726 754 952 820 Nonam,
976 771 1070 824 pro
1103 753 1307 822 hymno
1344 756 1376 783 “
1399 753 1600 807 Rerum
1639 752 1824 808 Deus‘’
1861 761 1892 786 ‘⁴
1915 757 1975 808 in
2010 757 2096 809 die
2123 758 2249 810 Nat.

232 842 372 893 D’m'
409 851 459 893 et
494 842 728 911 quotidie
762 858 919 910 usque
952 840 1021 892 ad
1061 839 1558 893 Circumcisionem”
1594 840 1652 892 in
1689 840 1793 893 off.
1834 840 2016 893 Heres.
2058 842 2251 896 dicitur

240 928 507 996 Hymnus
530 943 787 995 sequens:

229 1055 269 1102 J
272 1062 384 1102 uste
404 1055 438 1101 J
440 1055 567 1101 udex
590 1061 909 1112 mortuorum,
1280 1053 1351 1105 Te
1372 1057 1562 1102 senex*
1588 1060 1636 1102 et
1658 1060 1706 1102 te
1722 1056 1973 1117 juventus,

303 1136 334 1182 J
336 1142 446 1183 uste
469 1135 582 1182 Rex
601 1135 886 1192 viventium,
1338 1134 1660 1183 Parvulorum
1682 1144 1729 1184 te
1750 1138 1940 1196 chorus,

232 1218 501 1266 Dexter-in
524 1217 745 1264 Parentis
767 1233 875 1264 arce
1274 1216 1438 1265 Turba
1459 1225 1672 1266 matrum
1695 1220 2049 1285 virginumque,

306 1298 412 1348 Qui
432 1298 558 1346 cluis
578 1297 850 1354 virtutibus,
1341 1298 1597 1360 Simplices
1618 1299 1869 1361 puellulae,

228 1379 480 1426 Omnium
500 1384 731 1424 venturus
754 1378 868 1424 inde
1276 1375 1412 1424 Voce
1433 1379 1692 1426 concordes
1715 1380 1907 1442 pudicis

296 1459 330 1505 J
332 1466 475 1506 ustus
497 1457 626 1505 ultor
643 1458 919 1514 criminum,
1340 1457 1649 1520 Perstrepent
1670 1460 1984 1508 concentibus
2003 1464 2048 1520 †.

299 1539 611 1587 Saeculorum
632 1539 841 1586 saeculis.

810 1636 998 1684 Praesta
1021 1636 1166 1686 Pater
1190 1635 1305 1698 [διο.
1330 1644 1385 1685 ut
1407 1652 1452 1699 p.
1480 1639 1540 1684 25
1563 1636 1681 1701 b].‡

303 1751 375 1803 In
399 1749 508 1803 Off.
536 1749 873 1814 Eboracensi,
893 1768 1053 1819 usque
1066 1759 1185 1822 post
1214 1750 1325 1802 Oct.
1351 1750 1579 1819 Epiph.:

230 1856 397 1903 Adam
418 1862 562 1902 vetus
584 1855 714 1916 quod
733 1854 924 1916 polluit,
1267 1854 1300 1900 J
1302 1870 1383 1901 am
1405 1860 1519 1902 nata
1540 1854 1627 1901 lux
1649 1862 1723 1902 est
1743 1862 1792 1903 et
1812 1856 1959 1913 salus,

228 1938 396 1984 Adam
416 1951 577 1983 novus
598 1936 690 1983 hoc
712 1936 891 1983 abluit:
1275 1936 1466 1998 Fugata
1486 1951 1583 1983 nox
1604 1943 1652 1983 et
1671 1936 1800 1984 victa
1820 1952 1950 1985 mors
1962 1954 1976 1983 z

228 2019 453 2066 Tumens
466 2016 607 2079 'quod
628 2016 712 2063 ille
734 2017 909 2078 dejecit
923 2019 965 2078 5,
1272 2016 1450 2064 Venite
1474 2024 1659 2078 genteS,
1682 2018 1886 2065 credite:

227 2099 619 2159 Humillimusffs
642 2097 723 2147 hic
747 2098 902 2160 erigit.
1274 2098 1440 2145 Deum
1464 2097 1625 2144 Maria
1644 2097 1858 2158 protulit.

800 2205 971 2255 Gloria
991 2204 1080 2253 tibi
1103 2204 1247 2253 D'ne.
1272 2200 1412 2264 [&c.]

242 2325 270 2351 θ·
298 2323 372 2364 ΒΥ.
390 2322 519 2361 Ebor.
536 2320 613 2360 ubi
629 2329 757 2369 supra
776 2321 832 2367 (v.
851 2330 892 2368 p.
911 2317 1038 2365 lxix),
1057 2328 1184 2357 senes.
1465 2316 1490 2359 †
1517 2315 1602 2362 Sic,
1620 2315 1717 2355 sine
1733 2324 1860 2355 versu
1879 2316 2140 2357 seculorum
2157 2331 2233 2358 επ.

376 2391 500 2435 culis,
519 2388 630 2427 liber
643 2387 896 2435 impressus.
1229 2384 1250 2432 t
1276 2382 1360 2431 Sic,
1379 2392 1474 2422 non
1493 2382 1591 2421 Tibi
1609 2382 1696 2429 «ᾖα,
1713 2382 1823 2421 liber
1838 2382 2083 2431 impressus.

450 2457 471 2504 ς
499 2455 799 2504 corrigendum
817 2454 994 2493 fortasse
1009 2453 1165 2503 dejicit.
1569 2452 1602 2493 ἵ
1626 2452 1744 2491 Libri
1759 2453 2015 2492 humilimus.

295 2557 358 2609 P.
383 2561 454 2609 30
479 2573 529 2609 a.
555 2555 643 2607 Ex
666 2570 774 2623 quo
800 2552 936 2624 δια]
976 2552 1046 2604 In
1071 2552 1164 2605 ΒΥ.
1189 2552 1370 2607 Rom.:
1408 2552 1658 2621 Alleluja,
1683 2553 1819 2616 alra,
1846 2553 1981 2617 all’a,
2006 2556 2142 2609 all'a.

299 2644 457 2697 Unus
494 2644 624 2695 D'ns
660 2641 792 2711 δια]
833 2640 902 2693 In
926 2641 1017 2693 ΒΥ.
1046 2641 1207 2693 Ebor.
1233 2649 1288 2694 et
1310 2640 1498 2693 Heres.
1547 2644 1578 2669 “
1600 2640 1730 2693 Tres
1764 2648 1890 2692 sunt
1925 2641 2051 2694 &c.'’
2084 2654 2145 2696 ut
2179 2663 2231 2712 p.

217 2736 293 2785 28
318 2733 370 2796 b,
394 2739 741 2801 praeterquam
765 2727 913 2798 quod
937 2744 1030 2797 pro
1055 2737 1103 2780 et
1130 2726 1365 2789 Verbum,
1386 2727 1445 2777 in
1472 2724 1656 2778 Heres.
1684 2725 1918 2793 quidem,
1943 2737 2004 2779 ut
2028 2728 2086 2779 in
2118 2730 2231 2797 ipso

216 2827 372 2872 textu
406 2817 632 2881 Biblieo‚
674 2815 910 2880 Verbum,
934 2815 991 2867 in
1028 2814 1187 2867 Ebot.
1223 2821 1407 2867 autem
1441 2822 1490 2863 et
1522 2810 1702 2863 Filius
1734 2810 1963 2880 legitu13
1998 2821 2051 2866 et
2086 2815 2232 2884 quod

216 2922 313 2974 pro
351 2904 410 2956 1ιί
457 2904 548 2955 ΒΥ.
597 2902 756 2955 Ebot.
796 2901 995 2971 Gough
1031 2905 1065 2953 6
1102 2899 1239 2971 (non
1276 2901 1368 2969 69)
1406 2900 1507 2963 hii,
1543 2898 1713 2952 forma
1751 2900 1867 2952 istis
1900 2903 2227 2970 temporibus

215 2992 344 3043 eatis
391 2990 671 3058 frequenti,
718 2990 904 3041 utitur.
980 2987 1048 3039 In
1093 2987 1183 3040 ΒΥ.
1227 2986 1380 3040 Rom.
1401 3008 1415 3039 ε
1470 2985 1654 3055 Empti
1703 2986 1846 3039 enim
1894 2987 2018 3040 estis
2057 2990 2226 3058 pretio

215 3094 445 3146 magno:
487 3076 777 3145 glorificate
799 3083 853 3128 et
875 3081 1079 3144 portate
1105 3073 1283 3126 Deum
1308 3076 1364 3126 in
1388 3090 1600 3144 corpore
1624 3081 1812 3125 vestro·

288 3162 352 3214 P.
377 3166 447 3215 30
470 3163 522 3214 b.
547 3162 721 3220 Juxta
755 3161 818 3214 el.
845 3158 972 3225 &c.]
1014 3160 1085 3212 In
1109 3161 1200 3212 ΒΥ.
1228 3159 1389 3214 Ebor.
1416 3168 1472 3213 et
1494 3159 1681 3212 Rom.:
1720 3160 1912 3228 Aspice
1948 3159 2006 3210 in
2041 3175 2146 3222 me,
2172 3169 2225 3212 et

217 3249 459 3301 miserere
482 3248 608 3311 mei,
633 3247 785 3299 D‘ne.
1018 3288 1023 3292 .

282 3336 431 3388 Alter
454 3334 579 3402 &o.]
621 3333 689 3386 In
714 3333 805 3386 ΒΥ.
832 3333 1015 3387 Heres.
1042 3342 1096 3387 et
1131 3333 1281 3388 Rom.
1321 3339 1353 3366 “
1376 3334 1562 3404 Empti
1591 3332 1727 3386 &c.'’
1753 3340 1816 3386 ut
1839 3334 1897 3385 in
1923 3333 2029 3387 Off.
2059 3334 2217 3387 Rom.

212 3423 400 3478 diebus
425 3423 616 3475 Dom.:
654 3441 703 3475 ν.
730 3439 906 3492 supra.

282 3513 339 3564 in
363 3510 599 3564 ecclesiis
620 3510 933 3564 benedicam
956 3517 1009 3563 te
1035 3506 1195 3574 D’ne]
1226 3508 1293 3561 In
1319 3509 1410 3563 ΒΥ.
1437 3509 1592 3563 Rom.
1619 3507 1811 3562 desunt
1833 3506 1964 3559 haec.

1168 3611 1210 3647 Η
1234 3598 1267 3647 3
