2910 4457
832 323 1152 367 MoNl'rUM
1186 322 1564 365 GENERALB.
2122 304 2190 366 iii

176 470 489 532 Breviario,
520 468 701 524 multa
726 467 918 541 inepto
944 468 1164 522 tantum
1200 472 1259 522 et
1292 465 1491 541 ignoto
1523 466 1650 522 loco
1677 466 2022 531 describere3
2069 467 2183 522 Ru-

177 566 361 623 bricas
383 564 628 638 denique
650 569 709 618 et
739 561 847 617 alia
874 560 1074 624 omnia,
1096 569 1193 616 aut
1214 568 1331 617 tam
1356 560 1600 618 breviter
1620 562 1916 636 explicare,
1939 571 2035 618 aut
2062 571 2178 618 tam

170 662 509 736 perturbato
539 657 737 714 ordine
762 675 864 730 per
887 662 1071 711 totum
1107 675 1248 731 opus
1282 657 1533 732 dispersa
1558 657 1886 730 relinquere,
1917 666 1978 713 ut
2003 658 2182 732 plera-

171 776 285 831 que
308 756 444 813 solis
468 759 703 812 σ-υνετοῖς
722 757 980 826 φωνᾶντα,
1001 754 1245 824 ἀμυήτοις
1264 761 1454 808 autem
1476 753 1617 809 adeo
1640 761 1827 808 essent
1847 753 2102 817 obscura,
2123 763 2183 810 ut

171 853 222 908 si
242 871 369 908 non
385 851 608 907 adesset
628 848 921 922 interpreS,
941 847 1037 903 vix
1057 866 1205 903 unus
1232 856 1290 903 et
1317 847 1478 911 alter,
1499 855 1628 921 post
1654 847 1929 904 diutinum
1954 849 2182 905 tandem

167 956 231 1004 et
273 947 599 1020 improbum
633 944 906 1007 laborem,
949 942 1294 999 intellectum
1341 962 1536 999 eorum
1576 951 1973 1000 consecuturus
2012 953 2179 1001 esset.

173 1044 319 1098 Nos
348 1041 501 1106 vero,
529 1040 699 1097 nostri
724 1041 916 1118 potius
948 1040 1060 1115 (uti
1095 1059 1197 1114 par
1216 1045 1324 1113 est)
1355 1041 1626 1114 temporis
1645 1040 1861 1097 ratione
1887 1040 2180 1105 habits,—

172 1138 496 1212 praesertim
536 1156 703 1210 quum
743 1143 866 1192 tam
906 1135 1016 1191 ista
1053 1136 1219 1191 nimis
1257 1155 1426 1211 parca
1466 1136 1731 1201 brevitas,
1762 1137 1930 1211 quam
1957 1144 2177 1211 pertur-

170 1236 351 1292 batus
375 1234 479 1290 iste
505 1240 564 1290 et
589 1233 875 1289 intellectu
903 1233 1138 1288 difficilis
1156 1234 1313 1298 ord0‚
1338 1242 1609 1307 quantum
1627 1234 1897 1290 molestiae
1918 1235 2177 1309 taediique

161 1330 494 1406 legentibus
519 1330 734 1393 afferat,
763 1328 871 1403 ipsi
902 1329 1037 1385 satis
1072 1348 1352 1403 superque
1393 1331 1609 1405 experti
1635 1330 2174 1405 simus,—primum‚

161 1427 294 1483 loca
324 1444 527 1482 manca
553 1431 613 1481 et
641 1423 858 1480 defecta
882 1424 962 1480 ita
987 1425 1268 1498 complere
1296 1425 1611 1490 statuimus,
1633 1433 1697 1481 ut
1724 1444 2066 1499 quaecunque
2086 1427 2177 1481 vel

159 1542 234 1580 ex
263 1524 391 1580 aliis
436 1522 610 1597 ipsius
651 1522 818 1577 Brev,
859 1522 1069 1579 Sarisb.
1112 1522 1251 1578 locis
1290 1523 1382 1578 vel
1421 1522 1662 1587 aliunde,
1693 1541 1759 1578 ac
1794 1523 2102 1597 praesertim
2140 1542 2171 1578 e

156 1628 413 1695 cognato
454 1620 624 1701 Brev.
668 1617 944 1683 Romano,
980 1616 1134 1674 certo
1176 1618 1266 1673 vel
1301 1618 1664 1693 probabiliter
1703 1619 2015 1693 supplenda
2048 1621 2168 1676 sive

159 1714 641 1790 subintelligenda
694 1732 818 1771 esse
868 1714 1208 1779 viderentur,
1255 1735 1322 1772 ea
1375 1715 1566 1771 omnia
1618 1723 1716 1773 aut
1768 1715 1976 1772 ibidem
2017 1716 2164 1772 inter

162 1811 402 1869 uncinos
436 1811 602 1884 plene
643 1810 1099 1875 describeremuS,
1129 1819 1227 1867 aut
1253 1830 1354 1885 per
1390 1811 1498 1868 alia
1530 1811 1729 1867 saltem
1754 1812 1898 1875 loca,
1941 1812 2037 1867 ubi
2077 1813 2168 1868 vel

158 1925 193 1961 a
217 1905 389 1961 nobis
415 1906 505 1961 vel
531 1924 568 1960 a
591 1905 879 1962 veteribus
905 1905 1071 1979 plene
1092 1907 1213 1980 jam
1241 1907 1523 1981 descripta
1549 1916 1754 1971 essent,
1783 1906 2039 1962 indicatis
2061 1926 2159 1981 pa-

154 2001 426 2074 ginarum
450 1999 717 2064 numeriS,
746 2000 942 2056 lectori
966 2001 1025 2056 in
1051 2008 1392 2075 potestatem
1418 2002 1787 2058 traderemus.
1857 2002 2073 2057 Deinde
2095 2011 2158 2057 ut

153 2097 350 2153 ordini
376 2115 594 2170 quoque
621 2097 946 2170 perturbato
972 2104 1257 2171 utcunque
1286 2098 1487 2152 saltem
1516 2097 1958 2159 subveniremus,
1989 2115 2160 2167 quum

149 2209 352 2265 neque
377 2191 682 2249 Romanam
708 2210 890 2267 neque
904 2193 1001 2249 .vel
1022 2211 1181 2249 suam
1199 2191 1548 2261 methodum,
1561 2209 1596 2246 a
1614 2190 1781 2247 Brev.
1807 2188 2018 2246 Sarisb.
2050 2208 2165 2245 non

151 2286 345 2344 modo
386 2286 578 2343 lectori
607 2287 922 2351 indicatam,
967 2288 1068 2344 sed
1106 2305 1179 2343 ne
1220 2294 1500 2343 servatam
1540 2285 1766 2361 quidem
1806 2284 1941 2342 satis
1994 2304 2156 2341 accu-

146 2384 289 2440 rate=
312 2381 653 2448 vidissemuS,
670 2384 800 2439 huic
815 2383 987 2440 etiam
1002 2363 1118 2439 non
1136 2401 1308 2457 parvo
1329 2382 1553 2438 lectoris
1567 2381 1925 2438 incommodo
1941 2382 2158 2438 ratione

143 2478 323 2537 simili
348 2479 670 2536 consultum
693 2479 992 2545 voluimus,
1023 2498 1055 2536 e
1080 2479 1220 2535 locis
1255 2479 1374 2536 scil.
1414 2479 1690 2554 parallelis
1716 2479 1899 2535 lucem
1926 2487 2021 2535 aut
2048 2479 2156 2552 ipsi

142 2577 468 2640 afferenteS,
499 2581 600 2631 aut
627 2575 824 2632 saltem
849 2576 1044 2632 lectori
1069 2574 1397 2631 indicantes,

225 2671 427 2739 Quum
446 2668 582 2727 vero
598 2689 949 2745 nequaquam
968 2671 1156 2727 omnia
1178 2671 1296 2746 (vel
1316 2671 1464 2726 inter
1481 2668 1744 2741 uncinos)
1769 2669 1828 2723 in
1846 2669 1969 2742 ipso
1997 2676 2159 2724 textu

136 2768 283 2825 satis
326 2766 629 2823 commode
671 2766 934 2840 explicari
980 2766 1313 2840 potuissent,
1355 2765 1643 2821 Formulas
1683 2764 1952 2838 quasdam
2004 2763 2154 2819 Com-

134 2882 328 2921 munes
354 2863 482 2920 loco
510 2862 892 2920 commodiore
919 2864 991 2920 ad
1017 2864 1190 2920 finem
1212 2862 1488 2928 Psalterii,
1517 2869 1648 2937 post
1676 2862 1906 2937 Viqilias
1932 2863 2152 2919 Mortu-

134 2978 316 3023 orum,
342 2958 582 3014 seorsim
605 2958 1030 3014 collocavimus:
1075 2958 1475 3033 explicationes
1494 2965 1684 3015 autem
1712 2958 1999 3033 etreliqua
2025 2979 2152 3033 quae

136 3073 287 3129 opus
323 3053 536 3110 fuerint
575 3053 634 3108 in
659 3053 1019 3109 Annotatz'one
1044 3054 1220 3111 Brevi
1259 3054 1452 3110 ordine
1493 3072 1915 3128 prosequemur.
1978 3054 2154 3129 Cujus

136 3148 376 3223 quidem
395 3147 1116 3223 AnnotationiS,—reliqua
1141 3148 1199 3204 in
1217 3155 1506 3223 posterum
1525 3149 2150 3213 reservaturi,—Prolu-

135 3244 364 3298 sionem
392 3240 710 3316 quandame
739 3250 871 3318 post
895 3243 1005 3300 hoc
1033 3243 1321 3301 Monitum
1348 3243 1694 3319 adjiciemus,

224 3366 246 3389 θ
281 3359 447 3420 Cujus
492 3365 660 3406 tamen
703 3358 967 3408 videndum
1009 3368 1083 3408 est
1125 3362 1516 3409 conclusionem:
1564 3362 1681 3410 item
1716 3368 1880 3410 notam
1918 3365 1945 3409 b
1989 3361 2059 3423 (p.
2094 3361 2154 3421 i),

127 3458 149 3490 e
163 3449 187 3492 t
212 3441 471 3491 Monitum
495 3441 722 3499 alterum,
747 3442 850 3490 scil.
875 3444 936 3491 ad
957 3444 1104 3492 finem
1127 3444 1598 3508 Prolegomenorum.

1104 3540 1139 3576 B
1163 3527 1197 3575 2
