2910 4457
502 377 584 439 28
1410 398 1484 436 m
1527 396 1758 437 surm.

501 519 634 563 terea
677 510 812 563 odivi
859 526 1062 564 omnem
1111 516 1248 564 viam
1295 513 1491 574 iniqui-

502 577 639 626 tatiS.
1146 580 1153 585 ’

564 638 792 686 Lucerna
846 638 1060 697 pedibus
1105 641 1234 688 meis
1276 642 1489 691 verbum

505 702 655 747 tuum
680 714 694 748 z
716 703 764 746 et
786 699 957 747 lumen
987 702 1183 750 semitis
1205 705 1350 753 meiS.

563 760 744 808 Juravi
771 765 820 808 et
845 763 1000 809 statui
1037 765 1324 814 :custodire
1355 766 1491 826 Judi-

503 821 581 870 cia
599 821 810 880 iustitiae
833 827 949 872 tuae.

564 883 883 932 Humiliatus
942 897 1060 933 sum
1129 899 1490 948 usquequaque

501 944 612 993 Dfie
628 960 641 994 z
656 945 853 994 vivifica
872 959 953 995 me
972 949 1253 997 secundum
1275 951 1488 998 verbum

501 1010 668 1055 tuum.

561 1067 862 1117 Voluntaria
901 1069 1006 1117 oris
1048 1071 1147 1117 mei
1181 1071 1488 1131 beneplacita

501 1128 578 1177 tac
597 1128 708 1178 Bne
732 1136 809 1179 :et
830 1130 1024 1189 judicia
1045 1135 1133 1179 tua
1152 1133 1271 1180 doce
1293 1146 1390 1181 mc.

563 1191 757 1239 Anima
775 1204 887 1239 mea
903 1191 955 1239 in
970 1193 1208 1242 manibus
1221 1195 1348 1242 meis
1360 1207 1488 1243 sem-

500 1263 588 1311 per
604 1258 679 1301 :et
696 1252 854 1312 legem
873 1257 1014 1300 tuam
1034 1267 1132 1301 non
1149 1267 1267 1303 sum
1281 1257 1485 1305 oblitus,

561 1313 848 1361 Posuerunt
910 1321 1190 1372 peccatores
1247 1317 1486 1377 laqueum

500 1374 630 1422 mihi
646 1375 788 1423 :etde
802 1377 1055 1424 mandatis
1068 1377 1170 1425 tuis
1183 1391 1282 1425 non
1301 1381 1485 1428 erravi.

559 1435 866 1485 Haereditate
909 1439 1156 1497 acquisivi
1198 1441 1487 1490 testimonia

502 1501 590 1545 tua
643 1498 697 1544 in
741 1504 986 1546 aeternum
1032 1516 1045 1550 z
1087 1501 1207 1562 quia
1248 1504 1486 1552 exultatio

499 1559 665 1607 cordis
687 1560 788 1607 mei
808 1565 946 1609 sunt.

559 1621 808 1669 Inclinavi
828 1635 913 1670 cor
943 1635 1114 1671 meum
1147 1618 1221 1673 ad'
1234 1622 1488 1674 faciendas

492 1681 879 1740 justificationes
928 1688 1042 1731 tuas
1095 1686 1148 1732 in
1194 1691 1441 1735 aeternum
1468 1703 1482 1738 ε

495 1747 695 1801 propter
717 1744 1120 1793 retributionem.

565 1803 756 1865 [Gloria
770 1804 909 1852 Patri
919 1804 947 1864 .]

860 1865 1120 1915 Psalmus.

498 1926 735 2036 Igifluos
755 1926 869 1975 odio
889 1927 1043 1976 habui
1058 1944 1071 1978 ε
1086 1935 1133 1977 et
1154 1929 1315 1989 legem
1338 1934 1481 1979 tuam

585 2001 600 2035 ι
623 2001 718 2036 exi.

561 2050 782 2109 Adjutor
803 2056 850 2100 et
870 2056 1124 2111 susceptor
1146 2065 1291 2101 meus
1311 2059 1440 2102 estu
1467 2070 1484 2104 τ

497 2116 548 2162 et
569 2111 623 2158 in
647 2114 857 2161 verbum
880 2119 1025 2161 tuum
1049 2116 1415 2173 supersperavi.

558 2173 815 2224 Declinate
835 2188 863 2223 a
886 2187 966 2223 me
987 2176 1201 2237 maligni
1224 2192 1238 2227 z
1258 2182 1307 2225 et
1337 2189 1482 2226 scru-

497 2236 640 2284 tabor
663 2240 900 2287 mandata
924 2238 1015 2286 Dei
1037 2240 1154 2286 mei.

557 2298 768 2358 Suscipe
800 2312 880 2347 me
910 2301 1190 2348 secundum
1220 2301 1479 2361 eloquium

496 2362 646 2406 tuum
664 2396 677 2418 ‚
712 2365 761 2407 et
781 2361 947 2408 vivam
971 2375 984 2409 ε
1006 2365 1054 2409 et
1076 2374 1175 2409 non
1197 2362 1480 2412 confundas

496 2431 581 2467 me
595 2420 658 2468 ab
679 2422 1012 2479 expectatione
1034 2433 1164 2469 mea.

560 2480 765 2539 AdJuva
785 2494 884 2539 me,
907 2487 955 2528 et
975 2482 1146 2530 salvus
1165 2495 1249 2530 ero
1275 2489 1352 2532 :ct
1373 2497 1479 2533 me-

493 2541 690 2589 ditabor
704 2542 755 2589 in
766 2542 1216 2602 justificationibus
1227 2546 1332 2593 tuis
1343 2558 1478 2594 sem-

495 2614 599 2661 per.

556 2664 797 2724 Sprevisti
819 2677 995 2714 omnes
1016 2666 1322 2715 discedentes
1343 2681 1370 2716 a
1389 2668 1477 2728 ju-

490 2726 642 2775 diciis
674 2728 778 2776 tuis
809 2743 823 2780 ι
857 2728 977 2789 quia
1015 2729 1209 2789 injusta
1241 2731 1476 2790 cogitatio

404 2847 407 2850 Α
492 2800 688 2837 eorum.

554 2850 952 2898 Praevaricantes
1012 2852 1239 2911 reputavi
1300 2865 1478 2901 omnes

492 2916 772 2969 peccatores
803 2917 948 2959 terrae
973 2927 986 2962 ε
1010 2913 1120 2960 ideo
1152 2914 1303 2962 dilexi
1336 2917 1478 2963 testi-

493 2972 663 3019 monia
685 2977 789 3020 tua.

555 3030 760 3092 Contige
793 3032 972 3080 timore
993 3037 1080 3080 tuo
1100 3045 1276 3083 carnes
1297 3048 1436 3085 meas
1462 3053 1475 3087 z

491 3105 520 3141 a
536 3093 696 3153 ‚iudici
706 3096 748 3142 is
767 3093 902 3141 enim
930 3094 1035 3141 tuis
1053 3095 1225 3142 timui.

556 3155 670 3203 Feci
690 3155 944 3216 judicium
976 3160 1024 3203 et
1052 3156 1308 3215 justitiam
1334 3171 1348 3207 z
1373 3171 1475 3207 non

491 3218 661 3265 tradas
681 3230 762 3265 me
782 3218 1216 3267 calumniantibus
1237 3230 1335 3267 me.

555 3279 760 3338 Suscipe
779 3292 985 3327 servum
1000 3285 1148 3327 tuum
1172 3281 1226 3328 in
1248 3281 1438 3330 bonum
1462 3297 1475 3332 z

494 3354 593 3389 non
618 3341 994 3390 calumnientur
1015 3354 1095 3389 me
1115 3344 1336 3402 superbi.

555 3402 702 3452 Oculi
734 3404 834 3452 mei
865 3404 1149 3453 defecerunt
1178 3406 1230 3453 in
1254 3406 1475 3455 salutare

492 3470 641 3513 tuum
668 3481 680 3514 t
703 3470 749 3514 et
770 3466 823 3514 in
845 3466 1104 3527 eloquium
1123 3466 1334 3527 justitiae
1354 3472 1471 3516 tuae.

555 3526 653 3576 Fac
673 3540 790 3578 cum
811 3540 955 3578 servo
976 3534 1062 3577 tuo
1072 3529 1352 3580 secundum
1374 3530 1474 3578 mi-

1584 511 1911 562 sericordiam
1932 516 2103 562 tuam:
2122 517 2169 561 et
2186 512 2578 573 justificationes

1590 580 1703 623 tuas
1723 575 1844 623 doce
1863 587 1962 622 me.

1651 637 1837 685 Servus
1873 641 1995 684 tuus
2029 649 2148 684 sum
2180 647 2310 696 ego:
2340 637 2408 685 da
2441 637 2574 686 mibi

1585 698 1894 746 intellectum
1910 703 1964 745 ut
1986 698 2142 746 sciam
2165 698 2453 747 testimonia
2465 704 2576 748 tua.

1647 761 1869 819 Tempus
1890 759 2102 808 faciendi
2122 760 2235 808 Due
2258 775 2271 809 z
2294 760 2576 820 dissipave-

1585 827 1706 871 runt
1728 823 1884 882 legem
1908 827 2071 869 tuam.

1646 884 1762 932 Ideo
1799 883 1949 931 dilexi
1988 882 2228 931 mandata
2259 888 2380 931 tua:
2419 894 2576 943 super

1583 956 1772 994 aurum
1796 949 1847 992 et
1867 946 2113 1004 topazion.

1645 1007 1912 1066 Propterea
1932 1007 1994 1054 ad
2027 1005 2200 1053 omnia
2222 1006 2460 1053 mandata
2483 1011 2573 1054 tua

1582 1068 1836 1128 dirigebar
1868 1084 1883 1118 z
1925 1080 2131 1116 omnem
2164 1067 2303 1115 viam
2337 1067 2574 1129 iniquam

1584 1130 1699 1178 odio
1722 1130 1895 1178 habui.

1646 1191 1818 1239 Gloria
1846 1191 2010 1238 Patri.

1643 1253 1709 1298 In
1732 1252 2013 1300 Dominicis
2033 1253 2170 1300 Ana.
2203 1251 2379 1301 Gloria
2402 1251 2573 1301 laudis

1582 1319 1777 1361 resonet
1799 1314 1851 1361 in
1883 1326 1967 1361 ore
1995 1315 2226 1362 omnium
2265 1313 2405 1361 Patri
2428 1314 2574 1373 geni-

1581 1380 1742 1434 taeque
1762 1375 1899 1423 Proli
1916 1375 2156 1434 :Spiritui
2179 1376 2360 1424 Sancto
2382 1375 2570 1436 pariter

1582 1437 1790 1485 resultet
1827 1437 1973 1484 laude
2008 1437 2235 1495 perenni.

1822 1498 1947 1558 Cap.
1962 1497 1993 1558 j
2011 1497 2264 1545 Johanm‘s
2278 1509 2327 1546 v.

1645 1559 1769 1607 Tres
1781 1566 1903 1607 sunt
1915 1560 2004 1619 qui
2016 1559 2497 1607 testimoniumdant
2512 1559 2568 1607 in

1579 1621 1728 1670 coelo:
1749 1622 1914 1679 Pater,
1934 1620 2216 1669 etVerbum
2234 1657 2247 1676 ‚
2269 1626 2319 1670 et
2348 1620 2571 1679 Spiritus

1580 1682 1841 1806 {anctuss
1879 1687 1927 1732 et
1962 1683 2018 1730 hi
2061 1688 2162 1731 tres
2203 1683 2380 1730 Unum
2426 1688 2567 1731 sunt.

1650 1756 1705 1791 eo
1727 1756 1805 1803 gr.

1640 1815 1708 1867 132.
1741 1807 1801 1854 In
1846 1810 2091 1854 aeternum
2126 1805 2254 1863 Bne,
2297 1806 2571 1854 Permanet

1582 1867 1790 1914 verbum
1817 1866 2080 1928 tuum.[1n
2106 1866 2391 1928 aeternum]
2417 1865 2477 1928 ξίν.
2506 1869 2567 1916 In

1578 1929 1699 1976 coelo
1730 1932 1777 1976 et
1809 1927 1862 1975 in
1902 1929 2144 1976 saeculum
2173 1930 2342 1976 saeculi
2384 1929 2571 1978 veritas

1581 1993 1685 2036 tua.
1707 1991 1974 2038 Permanet
1994 1989 2222 2050 [verbum
2242 1989 2407 2051 tuum]
2420 2026 2432 2038 .
2448 1991 2571 2040 Glo-

1578 2050 1651 2097 ria
1664 2051 1891 2112 Patri‚[et
1903 2052 2049 2111 Filio,
2060 2056 2108 2100 et
2118 2051 2331 2111 Spiritui
2343 2053 2564 2115 Sanct0.]

1577 2111 1636 2158 In
1658 2118 1921 2161 aeternum.

1621 2170 1682 2236 Ῡ.
1695 2174 1801 2223 Diis
1811 2176 1937 2236 regit
1947 2187 2045 2235 me,
2057 2179 2104 2223 et
2115 2174 2239 2222 nibil
2253 2174 2568 2223 mibideerit.

1576 2246 1642 2296 132.
1658 2238 1718 2285 In
1736 2238 1839 2285 loco
1856 2250 2069 2297 pascuae,
2094 2238 2165 2285 ibi
2183 2250 2265 2284 me
2286 2238 2565 2286 collocavit.

1640 2298 1705 2344 In
1735 2298 1878 2359 feriis
1913 2301 1975 2347 A.
2014 2299 2125 2349 Non
2169 2298 2451 2347 confundas
2485 2312 2568 2349 me

1575 2357 1688 2408 Dae
1708 2361 1770 2409 ab
1790 2361 2123 2421 expectatione
2139 2372 2270 2408 mea.
2312 2383 2315 2388 ·

1646 2421 1773 2482 Cap.
1801 2422 1913 2484 [Ad]
1949 2422 2414 2470 Thessalonicenses
2439 2434 2491 2469 υ.

1638 2482 1824 2532 Omnia
1848 2485 2075 2543 probate3
2101 2484 2234 2543 quod
2271 2485 2463 2531 bonum
2491 2489 2567 2532 est

1576 2549 1736 2593 tenete
1760 2560 1773 2593 ε
1805 2545 1867 2593 ab
1904 2547 2044 2593 omni
2064 2546 2225 2605 specie
2254 2546 2391 2594 mala
2411 2546 2568 2594 absti-

1576 2611 1689 2656 nete
1713 2618 1818 2653 VOS.
1861 2606 1979 2667 [Deo
2003 2606 2098 2667 gr.]

1638 2678 1701 2729 132.
1719 2667 2019 2716 Benedicam
2036 2669 2191 2726 Dum,
2207 2667 2268 2716 In
2284 2667 2430 2716 omni
2443 2672 2564 2715 tem-

1576 2740 1711 2789 pore.
1748 2728 2105 2791 [Benedicam.]
2133 2727 2193 2790 ir.
2218 2729 2425 2789 Semper
2453 2729 2564 2777 laus

1575 2791 1686 2851 ejus
1721 2791 1774 2837 in
1791 2803 1875 2839 ore
1890 2803 2016 2839 meo,
2035 2792 2095 2839 In
2121 2790 2279 2852 [omni
2295 2791 2561 2854 tempore].

1575 2852 1767 2901 Gloria.
1793 2851 2114 2900 Benedicam.

1636 2911 1696 2975 ψ.
1727 2914 1839 2962 Diis
1876 2914 2006 2973 regit
2050 2913 2164 2975 [me‚
2194 2919 2243 2961 et
2269 2913 2395 2961 nibil
2427 2912 2563 2961 mibi

1573 2974 1747 3084 deerit..
1761 2986 1825 3097 ιγ.
1844 2976 1906 3023 In
1925 2976 2029 3023 loco
2052 2988 2263 3035 pascuae,
2281 2974 2350 3025 ibi
2368 2987 2449 3023 me
2466 2976 2564 3024 col-

1592 3042 1771 3084 ocavit.

1635 3098 1700 3145 In
1722 3100 1852 3146 Adv.
1882 3099 1949 3147 A.
1971 3100 2032 3147 In
2068 3104 2155 3147 tuo
2189 3099 2408 3147 adventu
2441 3110 2563 3148 erue

1573 3172 1665 3208 nos
1677 3160 1805 3210 Dr’ie.
2076 3160 2200 3221 Cap.
2219 3158 2393 3220 Esajae
2420 3160 2558 3221 xiiij.

1633 3222 1795 3281 Prope
1810 3227 1883 3270 est
1895 3227 1952 3270 ut
1968 3222 2135 3271 veniat
2150 3227 2349 3281 tempus
2369 3221 2495 3279 ejuS‚
2512 3228 2564 3270 et

1572 3283 1679 3333 dies
1698 3285 1809 3342 ejus
1824 3297 1922 3332 non
1938 3284 2310 3344 elongabuntur
2327 3297 2340 3332 :
2355 3283 2562 3331 misere-

1571 3345 1708 3393 bitur
1728 3345 1837 3468 Dii]s
1849 3346 2019 3406 Jacob,
2036 3351 2083 3394 et
2095 3346 2249 3394 Israel
2262 3344 2559 3393 salvabitur.

1598 3408 1697 3455 Deo
1721 3419 1798 3467 gr.

1577 3406 1594 3469 [
1632 3479 1696 3530 132.
1724 3469 1942 3518 Ostende
1963 3468 2109 3517 nobis
2124 3469 2252 3526 Dfie,
2275 3467 2562 3517 Misericor-

1571 3529 1710 3579 diam
1746 3535 1909 3579 tuam.
1953 3527 2226 3593 [Ostende.]
2255 3526 2314 3589 ψ.
2340 3528 2403 3578 Et
2428 3530 2562 3579 salu-
