2910 4457
563 452 716 537 xxvj
849 463 897 503 m
926 464 1076 506 cona.
1101 466 1307 506 numum
1333 464 1688 506 cousessomm
1716 465 1876 505 sx‘rmi
1902 464 2038 505 rsus.
2063 465 2235 506 uses.
2368 452 2482 516 (An
2502 455 2534 516 ς
2554 455 2719 504 78-80

663 604 703 675 β
736 603 894 674 ⁷8.)
927 611 1172 663 SANc'n
1192 613 1244 658 et
1258 608 1406 673 justi,
1428 608 1483 656 in
1508 604 1631 657 Dflo
1658 605 1920 675 gaudete]
1946 607 2009 658 In
2031 606 2207 675 Vulg„
2230 608 2389 658 initio
2412 608 2546 677 Cap.
2566 614 2609 673 3,
2634 612 2717 661 “De

568 703 788 767 “cetero,
806 701 991 752 fratres
1008 701 1128 765 mei,
1146 697 1370 768 gaudete
1388 699 1443 750 in
1461 696 1715 751 Dfio.”—
1727 699 1839 751 “De
1870 698 2078 751 cetero”
2106 703 2281 750 autem
2316 699 2479 762 Quod
2499 702 2718 769 reliqzm

565 793 637 838 αἱ
659 785 913 936 {glgittatio
933 866 1130 934 eorum]
1151 867 1253 918 Pro
1275 865 1520 918 “eorum''
1539 866 1697 934 Vulg.
1720 866 2008 918 “illorum''.
2033 867 2117 934 (V.
2143 866 2210 917 ad
2233 867 2264 929 ς
2284 867 2395 930 54.)

670 950 856 1019 “Hyvm
879 952 992 1001 Rex
1007 950 1237 1018 gloriose
1255 948 1594 1016 Martyrum.''
1614 966 1712 1001 om.
1730 949 1803 1000 A:
1822 949 1981 1002 habet
2000 950 2059 1000 L.

829 1067 888 1132 9.
972 1063 1069 1149 §a
1112 1069 1424 1133 Summum
1464 1067 1665 1133 Unius
1707 1068 1985 1148 Uirginis
2029 1078 2085 1132 et
2127 1070 2491 1149 auertatis.

678 1165 719 1235 5
745 1162 901 1234 79.)
935 1166 993 1216 si
1029 1166 1147 1231 quis
1183 1171 1349 1233 roget,
1387 1182 1481 1217 cur
1518 1183 1628 1217 non
1657 1166 1720 1217 de
1759 1167 1996 1217 feminini
2035 1183 2245 1234 quoque
2279 1172 2504 1235 generis
2542 1169 2721 1220 Sanctis

565 1249 747 1301 eadem
786 1264 902 1314 quae
927 1249 986 1298 in
1014 1247 1217 1299 Officiis
1251 1248 1667 1314 praecedentibus
1695 1250 1833 1299 inter
1858 1249 2090 1315 Tempus
2119 1252 2388 1303 Paschale
2422 1256 2485 1301 et
2515 1252 2722 1318 Tempus

564 1331 975 1400 Extrapaschale
989 1331 1253 1382 distinctio
1268 1331 1585 1394 observetur,
1603 1332 2030 1398 respondendum
2049 1340 2142 1399 est,
2154 1338 2288 1387 ——in
2307 1335 2634 1386 Calendario
2651 1336 2723 1385 Ss-

565 1417 874 1468 risburiensi
902 1415 1033 1467 duas
1066 1420 1270 1465 tantum
1295 1415 1525 1465 inveniri
1554 1416 1860 1466 Sanctarum
1887 1414 2268 1467 celebrationes
2287 1433 2411 1482 quae
2434 1421 2584 1469 intra
2596 1420 2724 1469 Tem·

565 1516 665 1567 pus
697 1499 955 1553 Paschale
991 1498 1177 1550 cadere
1210 1499 1433 1564 possint,
1467 1515 1655 1565 nempe
1690 1499 1743 1549 S.
1776 1499 2106 1549 Potentianae
2137 1506 2190 1550 et
2225 1500 2275 1550 S.
2310 1501 2654 1565 Petronillae3
2675 1503 2726 1552 de

567 1599 786 1648 quarum
814 1585 1001 1651 priore,
1031 1582 1182 1646 cujus
1211 1581 1323 1632 dies
1368 1581 1520 1646 (Maji
1551 1584 1633 1647 19)
1671 1582 1730 1631 in
1769 1581 1823 1631 S.
1851 1580 2119 1633 Dunstani
2144 1583 2336 1634 festum
2364 1585 2582 1649 incidit,
2620 1602 2727 1652 prae·

565 1675 646 1717 ter
675 1668 982 1718 Memoriam
1023 1665 1157 1716 nihil
1205 1681 1437 1731 unquam
1469 1665 1643 1717 fiebat.
1687 1665 1769 1715 De
1804 1664 1998 1715 Sancta
2031 1671 2206 1716 autem
2243 1666 2553 1718 Petronilla
2592 1669 2728 1719 fiebat

567 1748 775 1813 quidem
794 1748 1075 1814 aliquando
1093 1748 1354 1811 Officium,
1372 1748 1466 1798 sed
1482 1755 1593 1799 tum
1612 1747 1818 1797 demum
1836 1762 1996 1811 quum
2011 1765 2122 1799 non
2138 1750 2312 1801 solum
2337 1756 2498 1802 extra
2516 1753 2729 1819 Tempus

564 1831 834 1895 Paschale,
858 1846 1043 1882 verum
1066 1831 1224 1881 etiam
1250 1837 1373 1895 post
1389 1831 1621 1882 Octavas
1647 1830 1739 1881 SS.
1767 1831 2039 1881 Trinitatis
2069 1837 2120 1881 et
2147 1832 2243 1882 SS.
2274 1829 2540 1899 Corporis
2561 1836 2731 1887 Christi
2796 1869 2797 1874 ,

566 1914 677 1965 dies
702 1916 814 1980 ejus
832 1914 1065 1965 caderet:
1090 1914 1290 1978 alioqui
1307 1914 1421 1965 haec
1440 1930 1649 1980 quoque
1670 1913 1977 1965 Memoriam
1993 1918 2195 1964 tantum
2212 1912 2468 1967 habebat.
2796 1969 2797 1990 Χ

661 1999 724 2049 In
740 1999 887 2050 festis
906 2004 1080 2050 autem
1097 1997 1502 2060 solennioribus,
1521 1997 1801 2060 Memoriae,
1818 2002 2006 2063 praeter
2023 1996 2276 2062 quasdam
2285 1999 2545 2064 maiores,
2566 2018 2673 2053 non
2689 2002 2731 2050 in
2796 2013 2797 2048 1

565 2082 755 2136 Officio
776 2082 841 2133 de
858 2083 975 2146 Die,
1004 2082 1099 2134 sed
1114 2084 1171 2133 in
1189 2082 1380 2133 Officio
1397 2080 1571 2130 Parvo
1592 2079 1655 2130 de
1673 2080 1737 2136 B.
1753 2080 1825 2131 M.
1848 2082 1912 2132 V.
1942 2081 2030 2147 (cf.
2050 2079 2116 2129 ad
2132 2080 2162 2140 ἓ
2188 2079 2234 2144 1)
2258 2078 2445 2133 locum
2461 2082 2734 2135 habebant.
2796 2067 2797 2134 s

662 2165 962 2234 Capitulum
985 2182 1052 2217 ex
1071 2181 1229 2217 versu
1249 2169 1326 2228 13,
1350 2165 1442 2230 qui
1457 2169 1632 2214 tamen
1647 2164 1706 2214 in
1721 2163 1954 2232 Vulgata
1977 2170 2057 2215 est
2082 2162 2373 2213 “Exaltasti
2390 2192 2464 2204 -—
2482 2166 2734 2219 defluente
2796 2157 2797 2208 ἐ

568 2250 905 2318 “deprecatus
924 2249 1103 2314 sum..”,
1123 2250 1335 2316 praefixo
1362 2246 1512 2298 “Dfie
1530 2249 1678 2299 Deus
1696 2248 1874 2299 meus”
1898 2254 2122 2299 constat.
2147 2248 2226 2299 cf.
2246 2248 2313 2299 ad
2332 2249 2556 2302 Nonam
2578 2253 2634 2317 (ἓ
2653 2250 2735 2319 84)

664 2344 958 2395 VIRGINIS
986 2339 1199 2407 proles]
1231 2341 1388 2391 Metri
1409 2345 1568 2406 typus
1593 2340 1915 2406 sapphicum
1950 2341 2004 2389 in
2044 2355 2145 2405 quo
2169 2346 2348 2392 tamen
2369 2343 2552 2394 multo
2578 2347 2735 2395 minus

564 2446 721 2496 quam
748 2431 805 2480 in
833 2431 1032 2497 hymno
1067 2430 1172 2482 Iste
1206 2431 1481 2498 Confessam·
1509 2427 1584 2497 (v.
1607 2430 1674 2480 ad
1697 2432 1728 2493 ξ
1752 2430 1840 2500 57)
1872 2430 2094 2482 classica
2116 2430 2448 2497 syllabarum
2474 2436 2737 2500 quantitas
2796 2462 2797 2513 χ

564 2515 896 2577 observatum
935 2513 1209 2579 siquidem,
1230 2542 1302 2552 ——-
1323 2518 1670 2581 praeterquam
1692 2514 1850 2579 quod,
1881 2518 1940 2564 ut
1961 2514 2051 2578 ibi,
2075 2515 2131 2564 in
2158 2514 2430 2565 “secreta'’
2455 2518 2682 2583 syllaba
2699 2535 2739 2569 se

564 2598 886 2665 corripiatur,
911 2604 963 2650 et
979 2597 1120 2664 quod
1136 2598 1195 2647 in
1217 2599 1472 2664 “Spiritus
1491 2596 1658 2648 alme'’
1679 2605 1762 2649 tus
1777 2597 2394 2664 producatur,—sexies,
2414 2615 2537 2652 non
2558 2603 2738 2661 minus,
2796 2634 2797 2637 =

561 2681 762 2733 vocalis
784 2681 960 2733 brevis
985 2681 1052 2732 ad
1073 2682 1222 2732 vocis
1245 2681 1403 2732 finem
1424 2697 1520 2748 per
1542 2682 1674 2732 arsis
1697 2687 1915 2745 tantum,
1949 2680 2037 2733 vel
2069 2681 2202 2751 arsis
2227 2696 2351 2732 cum
2376 2697 2614 2750 caesura,
2646 2687 2738 2736 vim

560 2765 815 2832 producta
845 2765 1054 2832 legitur.
1076 2792 1143 2802 —
1167 2763 1364 2814 Contra
1383 2779 1509 2816 vero
1533 2765 1958 2815 terminationum
1980 2762 2264 2814 similitudo
2287 2764 2463 2817 multo
2487 2770 2739 2835 majorem

563 2864 718 2913 quam
738 2849 796 2898 in
816 2850 1012 2915 hymno
1038 2847 1285 2914 praedicto
1308 2848 1485 2899 locum
1506 2848 1680 2901 habet.
2796 2824 2797 2869 ¹

658 2930 784 2982 Alia
815 2928 1028 2999 Orat-ia]
1054 2932 1117 2982 V.
1150 2930 1218 2981 ad
1240 2931 1271 2994 ἓ
1296 2935 1375 2982 27.
1404 2932 1470 2982 In
1491 2931 1592 2982 hac
1615 2937 1789 2983 autem
1812 2933 2062 2984 Oratione
2083 2932 2393 2998 posteriore,
2416 2933 2483 2997 L,
2512 2937 2617 3001 qui
2640 2951 2739 2986 eam

561 3012 729 3064 solam
743 3012 917 3077 habet,
941 3019 1063 3080 post
1083 3011 1200 3064 “ut'’
1217 3014 1427 3064 incaute
1447 3015 1713 3079 omissum,
1738 3031 1862 3066 mox
1892 3017 1973 3065 “et
1989 3015 2268 3082 Martyris''
2286 3032 2508 3084 quoque
2538 3018 2739 3071 omittit.

561 3104 614 3151 et
631 3112 727 3166 pro
756 3094 1101 3148 “festivitate'’
1126 3095 1694 3148 “commemoracione'’
1716 3097 1891 3150 habet.
2796 3144 2797 3147 ,

659 3178 698 3247 9
725 3175 880 3247 80.)
912 3180 975 3229 In
996 3177 1064 3229 A.
1089 3177 1160 3247 1.)
1186 3177 1411 3246 thorum]
1448 3181 1538 3231 Sic
1566 3195 1683 3231 cum
1704 3180 1858 3231 Brev.
1881 3181 2032 3232 Rom.
2058 3180 2136 3247 (in
2158 3196 2264 3246 quo
2293 3180 2573 3252 “torum'’)
2599 3186 2676 3237 L:
2696 3187 2739 3235 in
2796 3224 2797 3231 ,

559 3267 609 3316 Δ
634 3262 954 3316 “thronum'’.

665 3357 691 3385 “
704 3357 1008 3421 QUONIAM
1033 3352 1222 3406 hodie''
1240 3352 1360 3424 &c.)
1376 3354 1440 3406 In
1455 3355 1519 3420 L,
1541 3356 1669 3420 haec,
1694 3371 1860 3421 usque
1877 3355 1944 3405 ad
1972 3355 2075 3408 “ibi
2095 3355 2274 3407 incola
2296 3355 2410 3407 est''
2439 3357 2524 3424 (in
2542 3359 2655 3412 lec.
2682 3362 2743 3423 3),

559 3448 770 3499 mutatis
800 3445 1125 3512 quibusdam,
1164 3444 1325 3498 Unius
1353 3444 1583 3514 Viryinis
1605 3445 1728 3498 Non
1743 3445 2000 3513 Martyris
2019 3445 2407 3498 Nocturnorum
2437 3454 2462 3499 1
2494 3457 2557 3501 et
2584 3456 2615 3502 2
2645 3450 2743 3502 lec-

559 3533 733 3583 tiones
757 3537 893 3584 sunt.

660 3617 855 3670 Contra
876 3633 1019 3682 vero,
1054 3618 1111 3667 in
1139 3614 1245 3669 hee
1280 3614 1442 3666 Unius
1479 3613 1705 3681 Virginis
1727 3622 1775 3666 et
1796 3613 2052 3681 Martyris
2075 3613 2353 3666 Communi
2376 3617 2639 3682 ejusdem
2665 3633 2744 3667 00-

560 3699 690 3752 dicis
714 3701 1103 3752 Nocturnorum
1127 3705 1152 3751 1
1180 3703 1233 3750 et
1256 3703 1285 3749 2
1307 3698 1565 3749 lectiones
1589 3713 1656 3748 ex
1675 3699 1742 3749 iis
1766 3713 1883 3764 quae
1903 3699 1961 3749 in
1983 3697 2082 3750 Ed.
2103 3703 2286 3749 nostra
2305 3704 2366 3748 ut
2409 3698 2588 3753 Unius
2634 3699 2748 3752 Vir-

551 3781 691 3847 ginis
713 3780 838 3833 Non
859 3784 1117 3851 Martyris
1140 3787 1385 3848 quattuor
1407 3780 1609 3847 priores
1640 3781 1902 3848 leguntur,
1919 3810 1987 3819 —
2005 3781 2211 3833 omissis
2236 3781 2497 3834 clausulis
2525 3784 2748 3851 quibus·

556 3862 690 3930 dam,
715 3867 928 3919 mutatis
953 3866 1086 3930 aliisi,
1112 3874 1164 3919 et
1186 3864 1502 3919 lectionibus
1526 3870 1772 3931 quattuor
1793 3867 1850 3918 in
1873 3881 1968 3918 sex
1992 3866 2193 3931 divisis,
2216 3892 2281 3902 -
2303 3864 2461 3919 factae
2487 3860 2649 3921 sunt.
