2910 4457
277 365 406 402 Am).
430 365 506 401 ΕΤ
531 346 720 415 coam]
842 365 918 401 DE
944 364 1241 402 mmmmm
1266 366 1715 404 nommanmns.
2165 355 2279 407 lxiii

277 494 531 558 spernendi
550 494 691 541 locus
712 500 828 550 erat,
849 493 902 540 id
925 494 1054 555 quod
1076 499 1124 541 et
1143 494 1331 542 nummi
1359 495 1633 557 frequentes
1652 496 1834 545 ibidem
1858 497 2044 547 inventi
2063 498 2281 561 probant,

275 584 324 625 et
344 576 469 624 inter
489 576 838 638 antiquitatum
872 574 1111 622 studiosos
1132 576 1385 625 convenire
1405 577 1613 625 videtur.
1682 578 1831 629 Quod
1859 579 1900 626 si
1936 579 2046 642 quis
2080 595 2141 627 ex
2174 580 2282 643 ipsa

272 657 609 721 probabilitate
635 658 970 718 Caesara‘sburgi
990 671 1166 704 nomen
1194 672 1223 704 a
1243 658 1589 706 recentioribus
1614 659 1784 707 fictum
1809 662 2083 724 suspicatus
2113 661 2283 718 fuerit;

275 739 599 800 quaestionem
629 736 759 784 hanc
790 737 841 783 in
868 736 1034 784 'medio
1067 737 1411 799 relinquemus,
1440 738 1535 786 hoc
1568 744 1946 796 certe‚—contra
1978 742 2282 803 conjecturas

274 819 504 881 reliquas,
528 818 705 866 saltem
729 817 1122 880 probabilitatem
1152 818 1491 880 suspiciosam,
1515 820 1616 867 sive
1645 821 1705 868 ab
1728 821 2060 883 etymologicis
2093 823 2193 870 sive
2222 824 2282 870 ab

273 900 521 947 historicis
539 898 809 946 rationibus
831 899 1041 956 ductam,
1063 899 1211 960 objici
1231 914 1329 947 non
1353 899 1752 958 debere,—facile
1776 902 2100 951 concedentes.

343 980 568 1028 Maxime
592 983 709 1027 vero
730 980 783 1027 in
805 979 947 1027 Brev.
976 980 1156 1026 Sarisb.
1189 986 1360 1027 notatu
1394 980 1542 1042 digna
1573 986 1688 1028 sunt
1718 981 1940 1029 lectionis
1973 984 2143 1045 primae
2174 984 2281 1031 sesti

274 1077 424 1123 supra
444 1061 703 1109 memorati
725 1061 801 1109 die
824 1063 961 1108 sexta
982 1061 1203 1123 legendoe
1227 1061 1371 1108 verba
1393 1062 1578 1123 prima:

341 1146 371 1170 “
392 1143 523 1191 Cum
561 1159 623 1192 ex
667 1150 873 1206 angusto
910 1143 1127 1205 Augusti
1168 1143 1561 1206 Caesaris-burgo
1604 1142 1661 1206 [i.
1699 1160 1738 1194 e.
1784 1144 2057 1194 Sarisburia
2096 1154 2278 1195 vetere:

274 1228 308 1252 “
335 1225 483 1288 Angl.
525 1228 618 1274 old
654 1224 844 1287 Sarum]
886 1225 947 1272 ad
990 1225 1255 1287 spatiosum
1301 1226 1598 1273 amoenitatis
1637 1242 1867 1289 campum
1913 1228 2282 1277 Sarisburiensis

271 1308 308 1333 “
335 1306 560 1354 Ecclesia
583 1321 699 1353 cum
722 1305 823 1353 suis
847 1305 1093 1353 Ministris
1116 1306 1240 1353 sicut
1262 1306 1368 1353 Deo
1390 1306 1578 1369 placuit
1596 1306 1828 1355 translata
1850 1315 1937 1366 est,
1962 1310 2085 1356 &c.”

344 1416 538 1470 Postea
559 1412 684 1467 vero
709 1413 994 1483 incipiatur
1016 1413 1379 1483 paragraphus
1399 1431 1569 1476 nova3
1606 1415 1761 1483 cujus
1781 1415 1999 1484 quidem
2022 1419 2285 1469 sententia

274 1502 510 1557 secunda
545 1497 619 1554 sic
657 1499 989 1554 emendanda
1031 1507 1138 1552 est:
1191 1504 1222 1529 “
1246 1498 1594 1568 Excipiendae
1637 1509 1765 1553 sunt
1798 1509 1977 1555 tamen
2019 1500 2286 1554 Dioeceses

274 1589 682 1651 Lincolniensia
719 1585 1139 1649 HerefordensiS,
1175 1593 1229 1638 et
1276 1585 1648 1656 BangorensiS,
1684 1604 1909 1656 quarum
1953 1604 2287 1657 unaquaeque

278 1676 370 1745 (ut
406 1674 693 1727 Provincia
734 1671 1106 1741 Eboracensis)
1151 1688 1329 1737 suum,
1371 1680 1426 1725 et
1466 1673 1511 1725 si
1552 1690 1672 1742 quae
1715 1674 1832 1727 aliae
1869 1672 2032 1743 (quod
2074 1675 2139 1728 de
2180 1693 2282 1729 usu

274 1763 464 1816 saltem
491 1760 821 1829 Bangorensi
844 1775 952 1811 non
975 1758 1316 1829 improbabile
1340 1758 1507 1811 videri
1530 1762 1721 1830 potest)
1738 1761 1934 1816 harum
1961 1762 2282 1817 Dioecesium

275 1866 432 1903 usum
456 1846 854 1918 sequebantur.”
898 1864 901 1869 ·

343 1987 394 2040 p.
421 1969 493 2021 vi.
518 1970 575 2021 in
601 1966 731 2020 nota
749 1985 792 2034 e,
811 1983 905 2035 pro
1010 1966 1162 2019 nobis
1180 1970 1212 1997 ‘⁴
1231 1964 1412 2019 Douce
1435 1966 1613 2037 Ref.”.·
1688 1970 1872 2033 scribe,
1945 1970 2195 2033 Parisiis,
2213 1973 2279 2023 ab

276 2057 338 2110 F.
362 2056 661 2127 Byrckman
684 2056 967 2124 impressa:
1005 2055 1156 2106 nobis
1180 2054 1404 2106 “Douce
1438 2053 1561 2122 Res.
1592 2055 1650 2122 [i.
1677 2071 1722 2106 e.
1749 2054 2091 2123 Refer-mata]
2108 2057 2152 2107 ”z
2228 2067 2282 2109 et

276 2143 343 2196 ad
376 2144 541 2195 finem
573 2150 714 2195 notae
746 2140 900 2204 adde,
935 2140 1300 2193 “Notandum
1335 2147 1416 2191 est
1454 2147 1633 2192 autem
1665 2141 1727 2196 jn
1767 2141 1868 2192 hac
1906 2139 2136 2192 editione
2173 2159 2278 2194 non

275 2230 432 2284 modo
467 2228 692 2283 inveniri
726 2230 924 2298 passim
955 2245 1208 2281 numeros
1244 2225 1313 2280 ad
1349 2224 1479 2279 folia
1517 2226 1844 2279 remittentes
1879 2224 1975 2296 (cf.
2009 2236 2191 2280 notam
2226 2231 2278 2281 d.

271 2336 325 2389 p.
350 2319 440 2389 ii),
465 2317 644 2371 verum
669 2318 829 2370 etiam
855 2318 1106 2369 lectiones
1132 2315 1291 2384 duplo
1314 2314 1578 2385 longiores
1604 2332 1729 2378 esse,
1754 2325 1808 2368 et
1840 2324 2091 2384 praeterea
2112 2318 2277 2370 multa

272 2425 340 2460 ex
364 2406 652 2459 Breviariis
685 2404 1074 2474 antiquioribus
1108 2400 1318 2473 plenius
1340 2405 1503 2472 quam
1539 2402 1594 2454 in
1622 2402 1890 2456 Breviario
1915 2403 2110 2456 Sarisb.
2133 2405 2279 2457 Com-

271 2494 421 2546 muni
445 2491 540 2558 (sic
564 2493 708 2545 enim
731 2492 796 2544 ob
821 2491 1213 2544 distinctionem
1237 2490 1500 2559 appellare
1523 2490 1672 2558 licet)
1700 2499 1906 2543 servata
1927 2508 2038 2544 esse
2059 2512 2072 2544 t
2121 2493 2183 2544 cf.
2211 2493 2278 2544 ad

272 2579 362 2633 Pr.
390 2580 447 2647 (i.
472 2596 518 2632 e.
555 2578 760 2647 Proprii
796 2577 861 2631 de
899 2577 1157 2646 Tempore
1192 2576 1476 2630 Adventus
1510 2574 1596 2647 p.)
1619 2581 1653 2628 4
1691 2594 1738 2629 a.
1765 2578 1906 2629 Cum
1943 2577 2123 2629 Douce
2160 2578 2276 2631 Res.
2309 2617 2332 2642 ,

267 2678 471 2732 autem,
495 2668 669 2738 quoad
703 2669 906 2737 reliqua
938 2676 1127 2736 praeter
1159 2667 1426 2731 lectiones,
1451 2666 1653 2735 Gough
1678 2669 1765 2728 67,
1789 2670 1822 2716 8
1850 2665 1920 2732 (v.
1952 2675 2133 2718 notam
2158 2669 2195 2717 i.
2221 2685 2273 2735 p.

266 2757 455 2827 xxiii),
478 2756 658 2827 quoad
691 2757 940 2809 lectiones
973 2754 1292 2808 concordant
1326 2753 1580 2822 Leyendae
1618 2752 2031 2805 Sarisburienses
2064 2754 2276 2806 biennio

265 2852 389 2914 post
417 2845 589 2913 ipsam
617 2842 800 2895 Douce
834 2840 950 2894 Ref.
975 2842 1043 2893 ab
1078 2841 1262 2894 eodem
1286 2840 1614 2911 typographo
1646 2841 1913 2909 impressae
1929 2839 2277 2908 :-—Le9endas

265 2931 400 2984 alias
424 2929 601 2983 videre
625 2945 731 2981 non
757 2928 993 2998 contigit.
1067 2927 1230 2981 Plura
1255 2927 1319 2980 de
1346 2928 1531 2980 Douce
1556 2926 1674 2980 Res.
1700 2926 1818 2980 vide
1841 2945 1892 2997 p.
1917 2927 1961 2991 1,·
1977 2927 2033 2990 li,
2055 2928 2131 2980 lii.

339 3035 390 3087 p.
416 3018 486 3082 vi,
511 3017 547 3069 1.
574 3021 608 3068 5
633 3033 668 3068 a
691 3016 813 3077 fine,
838 3023 961 3068 ante
985 3018 1017 3044 “
1038 3014 1330 3069 Psalterio'’
1357 3016 1525 3068 insere
1550 3016 1741 3068 “inter
1763 3013 1909 3068 alia”.

336 3122 388 3175 p.
415 3106 508 3168 vii,
531 3121 625 3173 pro
648 3120 830 3173 parag.
854 3107 906 3154 2.
934 3101 995 3173 (“
1017 3103 1201 3164 Quum
1226 3101 1350 3157 vero
1376 3102 1522 3172 &c.’')
1548 3104 1714 3156 scribe
1736 3124 1748 3154 :

337 3193 525 3255 Quum
560 3189 689 3243 vero
725 3198 837 3242 tota
869 3188 964 3242 illa
996 3190 1211 3242 insertio
1246 3197 1369 3242 ante
1405 3187 1720 3242 Psalterium
1755 3188 1882 3240 huic
1921 3188 2015 3240 soli
2053 3188 2270 3240 editioni

265 3280 549 3350 peculiaris
571 3279 656 3340 sit,
674 3283 727 3329 et
749 3293 843 3345 pro
868 3275 1149 3329 Editorum
1173 3275 1348 3345 potius
1379 3274 1590 3328 Monito
1622 3274 1786 3344 quam
1820 3275 1984 3344 ipsius
2018 3273 2274 3326 Breviarii

264 3375 411 3435 parte
445 3362 695 3417 habenda
732 3362 1008 3424 videatur3
1055 3370 1239 3416 contra
1277 3361 1399 3414 vero
1442 3361 1598 3414 BreV.
1639 3360 1832 3413 Sarisb.
1876 3359 2157 3412 Commune
2193 3358 2269 3430 (v.

264 3461 446 3506 notam
470 3469 513 3502 e.
538 3467 574 3518 p
599 3449 671 3516 vi)
693 3450 793 3501 sub
815 3450 971 3503 titulo
995 3454 1027 3480 “
1043 3450 1128 3502 De
1152 3449 1321 3502 Horis
1349 3447 1632 3501 canonicis
1660 3448 1783 3514 [Sto.
1812 3443 1934 3510 δια]

1236 3552 1271 3588 o
1295 3539 1330 3588 2
