<?xml version="1.0" encoding="UTF-8"?>
<!DOCTYPE html PUBLIC "-//W3C//DTD XHTML 1.0 Transitional//EN"
    "http://www.w3.org/TR/xhtml1/DTD/xhtml1-transitional.dtd">
<html xmlns="http://www.w3.org/1999/xhtml" xml:lang="en" lang="en">
 <head>
  <title>
</title>
<meta http-equiv="Content-Type" content="text/html;charset=utf-8" />
  <meta name='ocr-system' content='tesseract 3.04.00' />
  <meta name='ocr-capabilities' content='ocr_page ocr_carea ocr_par ocr_line ocrx_word'/>
</head>
<body>
  <div class='ocr_page' id='page_1' title='image "./portiforiiseubr00cathgoog_0182.png"; bbox 0 0 2910 4457; ppageno 0'>
   <div class='ocr_carea' id='block_1_1' title="bbox 9 75 2892 392">
    <p class='ocr_par' dir='ltr' id='par_1_1' title="bbox 9 75 2892 392">
     <span class='ocr_line' id='line_1_1' title="bbox 9 75 2892 392; baseline 0 4065"><span class='ocrx_word' id='word_1_1' title='bbox 9 75 2892 392; x_wconf 95' lang='lat' dir='ltr'><strong> </strong></span> 
     </span>
    </p>
   </div>
   <div class='ocr_carea' id='block_1_2' title="bbox 609 419 1850 505">
    <p class='ocr_par' dir='ltr' id='par_1_2' title="bbox 609 419 1850 505">
     <span class='ocr_line' id='line_1_2' title="bbox 609 419 1850 505; baseline -0.005 -23"><span class='ocrx_word' id='word_1_2' title='bbox 609 419 690 505; x_wconf 60' lang='lat'><strong>619</strong></span> <span class='ocrx_word' id='word_1_3' title='bbox 1305 422 1318 433; x_wconf 78' lang='grc'><strong><em>’</em></strong></span> <span class='ocrx_word' id='word_1_4' title='bbox 1438 441 1607 482; x_wconf 61' lang='lat' dir='ltr'><strong>nunu</strong></span> <span class='ocrx_word' id='word_1_5' title='bbox 1648 437 1850 490; x_wconf 65' lang='lat' dir='ltr'><strong>Quian</strong></span> 
     </span>
    </p>
   </div>
   <div class='ocr_carea' id='block_1_3' title="bbox 587 554 1594 2464">
    <p class='ocr_par' dir='ltr' id='par_1_3' title="bbox 601 554 1591 616">
     <span class='ocr_line' id='line_1_3' title="bbox 601 554 1591 616; baseline -0.001 -11"><span class='ocrx_word' id='word_1_6' title='bbox 601 554 1074 616; x_wconf 69' lang='lat' dir='ltr'><strong>etjumenta‘eorum</strong></span> <span class='ocrx_word' id='word_1_7' title='bbox 1085 554 1141 603; x_wconf 90' lang='lat' dir='ltr'><strong>in</strong></span> <span class='ocrx_word' id='word_1_8' title='bbox 1158 559 1318 604; x_wconf 89' lang='lat' dir='ltr'><strong>morte</strong></span> <span class='ocrx_word' id='word_1_9' title='bbox 1327 554 1591 604; x_wconf 80' lang='lat' dir='ltr'><strong>conclusit.</strong></span> 
     </span>
    </p>

    <p class='ocr_par' dir='ltr' id='par_1_4' title="bbox 599 616 1594 790">
     <span class='ocr_line' id='line_1_4' title="bbox 662 616 1592 678; baseline 0 -13"><span class='ocrx_word' id='word_1_10' title='bbox 662 617 727 665; x_wconf 92' lang='lat' dir='ltr'><strong>Et</strong></span> <span class='ocrx_word' id='word_1_11' title='bbox 748 616 994 676; x_wconf 76' lang='lat' dir='ltr'><strong>percussit</strong></span> <span class='ocrx_word' id='word_1_12' title='bbox 1014 629 1164 665; x_wconf 87' lang='lat' dir='ltr'><strong>omne</strong></span> <span class='ocrx_word' id='word_1_13' title='bbox 1194 617 1592 678; x_wconf 89' lang='lat' dir='ltr'><strong>primogenitum</strong></span> 
     </span>
     <span class='ocr_line' id='line_1_5' title="bbox 599 677 1594 739; baseline 0 -13"><span class='ocrx_word' id='word_1_14' title='bbox 599 677 656 726; x_wconf 85' lang='lat' dir='ltr'><strong>in</strong></span> <span class='ocrx_word' id='word_1_15' title='bbox 690 683 825 726; x_wconf 87' lang='lat' dir='ltr'><strong>terra</strong></span> <span class='ocrx_word' id='word_1_16' title='bbox 859 679 1097 739; x_wconf 84' lang='lat' dir='ltr'><strong>AEgypti:</strong></span> <span class='ocrx_word' id='word_1_17' title='bbox 1137 678 1389 738; x_wconf 73' lang='lat' dir='ltr'><strong>primitias</strong></span> <span class='ocrx_word' id='word_1_18' title='bbox 1424 678 1594 727; x_wconf 93' lang='lat' dir='ltr'><strong>omnis</strong></span> 
     </span>
     <span class='ocr_line' id='line_1_6' title="bbox 600 740 1591 790; baseline 0.001 -2"><span class='ocrx_word' id='word_1_19' title='bbox 600 740 785 788; x_wconf 83' lang='lat' dir='ltr'><strong>laboris</strong></span> <span class='ocrx_word' id='word_1_20' title='bbox 799 753 975 789; x_wconf 89' lang='lat' dir='ltr'><strong>eorum</strong></span> <span class='ocrx_word' id='word_1_21' title='bbox 989 742 1043 789; x_wconf 92' lang='lat' dir='ltr'><strong>in</strong></span> <span class='ocrx_word' id='word_1_22' title='bbox 1060 741 1398 790; x_wconf 87' lang='lat' dir='ltr'><strong>tabernaculis</strong></span> <span class='ocrx_word' id='word_1_23' title='bbox 1411 741 1591 790; x_wconf 86' lang='lat' dir='ltr'><strong>Cbam.</strong></span> 
     </span>
    </p>

    <p class='ocr_par' dir='ltr' id='par_1_5' title="bbox 598 802 1592 984">
     <span class='ocr_line' id='line_1_7' title="bbox 663 802 1591 863; baseline -0.001 -13"><span class='ocrx_word' id='word_1_24' title='bbox 663 802 728 850; x_wconf 90' lang='lat' dir='ltr'><strong>Et</strong></span> <span class='ocrx_word' id='word_1_25' title='bbox 767 802 974 850; x_wconf 86' lang='lat' dir='ltr'><strong>abstulit</strong></span> <span class='ocrx_word' id='word_1_26' title='bbox 1014 802 1146 850; x_wconf 90' lang='lat' dir='ltr'><strong>sicut</strong></span> <span class='ocrx_word' id='word_1_27' title='bbox 1188 815 1305 851; x_wconf 88' lang='lat' dir='ltr'><strong>oves</strong></span> <span class='ocrx_word' id='word_1_28' title='bbox 1347 804 1591 863; x_wconf 87' lang='lat' dir='ltr'><strong>populum</strong></span> 
     </span>
     <span class='ocr_line' id='line_1_8' title="bbox 598 863 1592 925; baseline 0.001 -14"><span class='ocrx_word' id='word_1_29' title='bbox 598 875 754 912; x_wconf 89' lang='lat' dir='ltr'><strong>suum</strong></span> <span class='ocrx_word' id='word_1_30' title='bbox 787 878 801 911; x_wconf 76' lang='lat' dir='ltr'><em>z</em></span> <span class='ocrx_word' id='word_1_31' title='bbox 844 869 892 912; x_wconf 92' lang='lat' dir='ltr'><strong>et</strong></span> <span class='ocrx_word' id='word_1_32' title='bbox 947 863 1177 924; x_wconf 81' lang='lat' dir='ltr'><strong>perduxit</strong></span> <span class='ocrx_word' id='word_1_33' title='bbox 1221 877 1305 913; x_wconf 91' lang='lat' dir='ltr'><strong>eos</strong></span> <span class='ocrx_word' id='word_1_34' title='bbox 1345 870 1592 925; x_wconf 80' lang='lat' dir='ltr'><strong>tanquam</strong></span> 
     </span>
     <span class='ocr_line' id='line_1_9' title="bbox 601 924 1110 984; baseline 0.008 -12"><span class='ocrx_word' id='word_1_35' title='bbox 601 936 806 984; x_wconf 82' lang='lat' dir='ltr'>gregem</span> <span class='ocrx_word' id='word_1_36' title='bbox 828 924 881 972; x_wconf 92' lang='lat' dir='ltr'><strong>in</strong></span> <span class='ocrx_word' id='word_1_37' title='bbox 898 926 1110 977; x_wconf 83' lang='lat' dir='ltr'><strong>deserto.</strong></span> 
     </span>
    </p>

    <p class='ocr_par' dir='ltr' id='par_1_6' title="bbox 597 986 1593 1158">
     <span class='ocr_line' id='line_1_10' title="bbox 660 986 1593 1048; baseline 0.001 -14"><span class='ocrx_word' id='word_1_38' title='bbox 660 986 725 1034; x_wconf 94' lang='lat' dir='ltr'><strong>Et</strong></span> <span class='ocrx_word' id='word_1_39' title='bbox 754 987 924 1035; x_wconf 85' lang='lat' dir='ltr'><strong>eduxit</strong></span> <span class='ocrx_word' id='word_1_40' title='bbox 959 1000 1042 1036; x_wconf 89' lang='lat' dir='ltr'><strong>eos</strong></span> <span class='ocrx_word' id='word_1_41' title='bbox 1076 987 1129 1035; x_wconf 92' lang='lat' dir='ltr'><strong>in</strong></span> <span class='ocrx_word' id='word_1_42' title='bbox 1162 1001 1274 1048; x_wconf 89' lang='lat' dir='ltr'><strong>spe,</strong></span> <span class='ocrx_word' id='word_1_43' title='bbox 1307 993 1356 1036; x_wconf 91' lang='lat' dir='ltr'><strong>et</strong></span> <span class='ocrx_word' id='word_1_44' title='bbox 1388 1001 1489 1038; x_wconf 91' lang='lat' dir='ltr'><strong>non</strong></span> <span class='ocrx_word' id='word_1_45' title='bbox 1528 987 1593 1035; x_wconf 91' lang='lat' dir='ltr'><strong>ti-</strong></span> 
     </span>
     <span class='ocr_line' id='line_1_11' title="bbox 597 1049 1593 1110; baseline 0.003 -15"><span class='ocrx_word' id='word_1_46' title='bbox 597 1054 841 1096; x_wconf 89' lang='lat' dir='ltr'><strong>muerunt</strong></span> <span class='ocrx_word' id='word_1_47' title='bbox 859 1064 871 1097; x_wconf 74' lang='grc' dir='ltr'><strong>ε</strong></span> <span class='ocrx_word' id='word_1_48' title='bbox 894 1054 942 1098; x_wconf 90' lang='lat' dir='ltr'><strong>et</strong></span> <span class='ocrx_word' id='word_1_49' title='bbox 956 1049 1190 1098; x_wconf 87' lang='lat' dir='ltr'><strong>inimicos</strong></span> <span class='ocrx_word' id='word_1_50' title='bbox 1205 1063 1380 1099; x_wconf 92' lang='lat' dir='ltr'><strong>eorum</strong></span> <span class='ocrx_word' id='word_1_51' title='bbox 1394 1050 1593 1110; x_wconf 91' lang='lat' dir='ltr'><strong>operuit</strong></span> 
     </span>
     <span class='ocr_line' id='line_1_12' title="bbox 597 1121 757 1158; baseline 0 0"><span class='ocrx_word' id='word_1_52' title='bbox 597 1121 757 1158; x_wconf 89' lang='lat' dir='ltr'><strong>mare.</strong></span> 
     </span>
    </p>

    <p class='ocr_par' dir='ltr' id='par_1_7' title="bbox 594 1170 1591 1355">
     <span class='ocr_line' id='line_1_13' title="bbox 657 1170 1591 1222; baseline 0.001 -3"><span class='ocrx_word' id='word_1_53' title='bbox 657 1171 722 1219; x_wconf 92' lang='lat' dir='ltr'><strong>Et</strong></span> <span class='ocrx_word' id='word_1_54' title='bbox 743 1170 943 1220; x_wconf 77' lang='lat' dir='ltr'><strong>induxit</strong></span> <span class='ocrx_word' id='word_1_55' title='bbox 963 1183 1046 1220; x_wconf 90' lang='lat' dir='ltr'><strong>eos</strong></span> <span class='ocrx_word' id='word_1_56' title='bbox 1076 1171 1131 1219; x_wconf 91' lang='lat' dir='ltr'><strong>in</strong></span> <span class='ocrx_word' id='word_1_57' title='bbox 1155 1177 1378 1222; x_wconf 88' lang='lat' dir='ltr'><strong>montem</strong></span> <span class='ocrx_word' id='word_1_58' title='bbox 1400 1172 1591 1221; x_wconf 87' lang='lat' dir='ltr'><strong>sancti-</strong></span> 
     </span>
     <span class='ocr_line' id='line_1_14' title="bbox 595 1232 1591 1296; baseline 0.003 -16"><span class='ocrx_word' id='word_1_59' title='bbox 595 1232 842 1281; x_wconf 88' lang='lat' dir='ltr'><strong>ficationis</strong></span> <span class='ocrx_word' id='word_1_60' title='bbox 871 1246 1002 1283; x_wconf 85' lang='lat' dir='ltr'><strong>suae:</strong></span> <span class='ocrx_word' id='word_1_61' title='bbox 1036 1238 1297 1294; x_wconf 52' lang='lat' dir='ltr'><strong>montem,r</strong></span> <span class='ocrx_word' id='word_1_62' title='bbox 1321 1246 1475 1296; x_wconf 87' lang='lat' dir='ltr'><strong>quem</strong></span> <span class='ocrx_word' id='word_1_63' title='bbox 1507 1247 1591 1283; x_wconf 89' lang='lat' dir='ltr'><strong>ac·-</strong></span> 
     </span>
     <span class='ocr_line' id='line_1_15' title="bbox 594 1293 1172 1355; baseline 0.005 -15"><span class='ocrx_word' id='word_1_64' title='bbox 594 1293 805 1354; x_wconf 81' lang='lat' dir='ltr'><strong>quisivit</strong></span> <span class='ocrx_word' id='word_1_65' title='bbox 825 1294 1023 1343; x_wconf 85' lang='lat' dir='ltr'><strong>dextera</strong></span> <span class='ocrx_word' id='word_1_66' title='bbox 1043 1295 1087 1355; x_wconf 85' lang='lat' dir='ltr'><strong>ej</strong></span> <span class='ocrx_word' id='word_1_67' title='bbox 1097 1307 1172 1343; x_wconf 85' lang='lat' dir='ltr'><strong>uS.</strong></span> 
     </span>
    </p>

    <p class='ocr_par' dir='ltr' id='par_1_8' title="bbox 593 1354 1588 1529">
     <span class='ocr_line' id='line_1_16' title="bbox 655 1354 1588 1415; baseline 0.003 -12"><span class='ocrx_word' id='word_1_68' title='bbox 655 1355 721 1403; x_wconf 92' lang='lat' dir='ltr'><strong>Et</strong></span> <span class='ocrx_word' id='word_1_69' title='bbox 734 1355 877 1415; x_wconf 86' lang='lat' dir='ltr'><strong>ejecit</strong></span> <span class='ocrx_word' id='word_1_70' title='bbox 897 1369 927 1404; x_wconf 89' lang='lat' dir='ltr'><strong>a</strong></span> <span class='ocrx_word' id='word_1_71' title='bbox 953 1354 1075 1405; x_wconf 81' lang='lat' dir='ltr'><strong>facie</strong></span> <span class='ocrx_word' id='word_1_72' title='bbox 1096 1369 1271 1406; x_wconf 89' lang='lat' dir='ltr'><strong>eorum</strong></span> <span class='ocrx_word' id='word_1_73' title='bbox 1295 1356 1514 1406; x_wconf 80' lang='lat' dir='ltr'><strong>Gentes:</strong></span> <span class='ocrx_word' id='word_1_74' title='bbox 1539 1363 1588 1406; x_wconf 89' lang='lat' dir='ltr'><strong>et</strong></span> 
     </span>
     <span class='ocr_line' id='line_1_17' title="bbox 593 1417 1586 1469; baseline 0.005 -5"><span class='ocrx_word' id='word_1_75' title='bbox 593 1422 726 1465; x_wconf 82' lang='lat' dir='ltr'><strong>sorte</strong></span> <span class='ocrx_word' id='word_1_76' title='bbox 749 1417 925 1465; x_wconf 77' lang='lat' dir='ltr'><strong>divisit</strong></span> <span class='ocrx_word' id='word_1_77' title='bbox 954 1417 1027 1467; x_wconf 86' lang='lat' dir='ltr'><strong>eis</strong></span> <span class='ocrx_word' id='word_1_78' title='bbox 1053 1423 1241 1467; x_wconf 88' lang='lat' dir='ltr'><strong>terram</strong></span> <span class='ocrx_word' id='word_1_79' title='bbox 1274 1417 1328 1467; x_wconf 88' lang='lat' dir='ltr'><strong>in</strong></span> <span class='ocrx_word' id='word_1_80' title='bbox 1362 1419 1586 1469; x_wconf 81' lang='lat' dir='ltr'><strong>funiculo</strong></span> 
     </span>
     <span class='ocr_line' id='line_1_18' title="bbox 593 1477 985 1529; baseline 0.005 -2"><span class='ocrx_word' id='word_1_81' title='bbox 593 1477 985 1529; x_wconf 83' lang='lat' dir='ltr'><strong>distributioniS.</strong></span> 
     </span>
    </p>

    <p class='ocr_par' dir='ltr' id='par_1_9' title="bbox 591 1540 1587 1655">
     <span class='ocr_line' id='line_1_19' title="bbox 656 1540 1587 1593; baseline 0.005 -5"><span class='ocrx_word' id='word_1_82' title='bbox 656 1540 721 1588; x_wconf 90' lang='lat' dir='ltr'><strong>Et</strong></span> <span class='ocrx_word' id='word_1_83' title='bbox 757 1541 984 1591; x_wconf 89' lang='lat' dir='ltr'><strong>habitare</strong></span> <span class='ocrx_word' id='word_1_84' title='bbox 1015 1541 1129 1591; x_wconf 80' lang='lat' dir='ltr'><strong>iecit</strong></span> <span class='ocrx_word' id='word_1_85' title='bbox 1160 1541 1214 1589; x_wconf 93' lang='lat' dir='ltr'><strong>in</strong></span> <span class='ocrx_word' id='word_1_86' title='bbox 1248 1543 1587 1593; x_wconf 89' lang='lat' dir='ltr'><strong>tabernaculis</strong></span> 
     </span>
     <span class='ocr_line' id='line_1_20' title="bbox 591 1603 1180 1655; baseline 0.005 -5"><span class='ocrx_word' id='word_1_87' title='bbox 591 1613 767 1651; x_wconf 89' lang='lat' dir='ltr'><strong>eorum</strong></span> <span class='ocrx_word' id='word_1_88' title='bbox 787 1617 800 1651; x_wconf 72' lang='grc' dir='ltr'>ε</span> <span class='ocrx_word' id='word_1_89' title='bbox 824 1603 988 1652; x_wconf 91' lang='lat' dir='ltr'><strong>tribus</strong></span> <span class='ocrx_word' id='word_1_90' title='bbox 1007 1604 1180 1655; x_wconf 69' lang='lat' dir='ltr'><strong>Israel.</strong></span> 
     </span>
    </p>

    <p class='ocr_par' dir='ltr' id='par_1_10' title="bbox 592 1663 1587 1836">
     <span class='ocr_line' id='line_1_21' title="bbox 652 1663 1587 1715; baseline 0.003 -3"><span class='ocrx_word' id='word_1_91' title='bbox 652 1663 718 1712; x_wconf 92' lang='lat' dir='ltr'><strong>Et</strong></span> <span class='ocrx_word' id='word_1_92' title='bbox 747 1669 1069 1714; x_wconf 82' lang='lat' dir='ltr'><strong>tentaverunt</strong></span> <span class='ocrx_word' id='word_1_93' title='bbox 1088 1671 1136 1714; x_wconf 91' lang='lat' dir='ltr'><strong>et</strong></span> <span class='ocrx_word' id='word_1_94' title='bbox 1165 1666 1587 1715; x_wconf 83' lang='lat' dir='ltr'><strong>exacerbaverunt</strong></span> 
     </span>
     <span class='ocr_line' id='line_1_22' title="bbox 595 1723 1587 1788; baseline 0.007 -17"><span class='ocrx_word' id='word_1_95' title='bbox 595 1723 759 1772; x_wconf 89' lang='lat' dir='ltr'><strong>Deum</strong></span> <span class='ocrx_word' id='word_1_96' title='bbox 779 1727 1028 1774; x_wconf 82' lang='lat' dir='ltr'><strong>excelsum</strong></span> <span class='ocrx_word' id='word_1_97' title='bbox 1049 1743 1061 1775; x_wconf 92' lang='lat'>:</span> <span class='ocrx_word' id='word_1_98' title='bbox 1094 1732 1142 1776; x_wconf 93' lang='lat' dir='ltr'><strong>et</strong></span> <span class='ocrx_word' id='word_1_99' title='bbox 1161 1728 1453 1776; x_wconf 87' lang='lat' dir='ltr'><strong>testimonia</strong></span> <span class='ocrx_word' id='word_1_100' title='bbox 1474 1728 1587 1788; x_wconf 76' lang='lat' dir='ltr'><strong>eJus</strong></span> 
     </span>
     <span class='ocr_line' id='line_1_23' title="bbox 592 1787 1082 1836; baseline 0.008 -4"><span class='ocrx_word' id='word_1_101' title='bbox 592 1797 694 1832; x_wconf 91' lang='lat' dir='ltr'><strong>non</strong></span> <span class='ocrx_word' id='word_1_102' title='bbox 718 1787 1082 1836; x_wconf 87' lang='lat' dir='ltr'><strong>custodierunt.</strong></span> 
     </span>
    </p>

    <p class='ocr_par' dir='ltr' id='par_1_11' title="bbox 588 1847 1587 2080">
     <span class='ocr_line' id='line_1_24' title="bbox 651 1847 1586 1907; baseline 0.005 -13"><span class='ocrx_word' id='word_1_103' title='bbox 651 1847 716 1894; x_wconf 90' lang='lat' dir='ltr'><strong>Et</strong></span> <span class='ocrx_word' id='word_1_104' title='bbox 739 1853 1030 1896; x_wconf 84' lang='lat' dir='ltr'><strong>averterunt</strong></span> <span class='ocrx_word' id='word_1_105' title='bbox 1048 1861 1128 1907; x_wconf 87' lang='lat' dir='ltr'><strong>se,</strong></span> <span class='ocrx_word' id='word_1_106' title='bbox 1153 1854 1202 1897; x_wconf 89' lang='lat' dir='ltr'><strong>et</strong></span> <span class='ocrx_word' id='word_1_107' title='bbox 1223 1861 1324 1896; x_wconf 91' lang='lat' dir='ltr'><strong>non</strong></span> <span class='ocrx_word' id='word_1_108' title='bbox 1355 1861 1586 1899; x_wconf 85' lang='lat' dir='ltr'><strong>servave-</strong></span> 
     </span>
     <span class='ocr_line' id='line_1_25' title="bbox 590 1911 1586 1971; baseline 0.005 -17"><span class='ocrx_word' id='word_1_109' title='bbox 590 1913 713 1955; x_wconf 88' lang='lat' dir='ltr'><strong>runt</strong></span> <span class='ocrx_word' id='word_1_110' title='bbox 729 1914 956 1967; x_wconf 87' lang='lat' dir='ltr'><strong>pactum:</strong></span> <span class='ocrx_word' id='word_1_111' title='bbox 973 1911 1402 1969; x_wconf 84' lang='lat' dir='ltr'><strong>quemadmodum</strong></span> <span class='ocrx_word' id='word_1_112' title='bbox 1418 1916 1586 1971; x_wconf 87' lang='lat' dir='ltr'><strong>patres</strong></span> 
     </span>
     <span class='ocr_line' id='line_1_26' title="bbox 588 1971 1587 2034; baseline 0.003 -16"><span class='ocrx_word' id='word_1_113' title='bbox 588 1981 790 2030; x_wconf 84' lang='lat' dir='ltr'><strong>eorum,</strong></span> <span class='ocrx_word' id='word_1_114' title='bbox 815 1972 1042 2020; x_wconf 87' lang='lat' dir='ltr'><strong>conversi</strong></span> <span class='ocrx_word' id='word_1_115' title='bbox 1061 1977 1182 2020; x_wconf 89' lang='lat' dir='ltr'><strong>sunt</strong></span> <span class='ocrx_word' id='word_1_116' title='bbox 1202 1971 1256 2019; x_wconf 91' lang='lat' dir='ltr'><strong>in</strong></span> <span class='ocrx_word' id='word_1_117' title='bbox 1278 1984 1454 2020; x_wconf 88' lang='lat' dir='ltr'><strong>arcum</strong></span> <span class='ocrx_word' id='word_1_118' title='bbox 1477 1985 1587 2034; x_wconf 88' lang='lat' dir='ltr'><strong>pra-</strong></span> 
     </span>
     <span class='ocr_line' id='line_1_27' title="bbox 591 2043 733 2080; baseline 0.007 -1"><span class='ocrx_word' id='word_1_119' title='bbox 591 2043 733 2080; x_wconf 89' lang='lat' dir='ltr'><strong>vum.</strong></span> 
     </span>
    </p>

    <p class='ocr_par' dir='ltr' id='par_1_12' title="bbox 587 2092 1585 2281">
     <span class='ocr_line' id='line_1_28' title="bbox 650 2092 1585 2144; baseline 0.004 -4"><span class='ocrx_word' id='word_1_120' title='bbox 650 2094 710 2140; x_wconf 88' lang='lat' dir='ltr'><strong>In</strong></span> <span class='ocrx_word' id='word_1_121' title='bbox 731 2092 865 2142; x_wconf 89' lang='lat' dir='ltr'><strong>iram</strong></span> <span class='ocrx_word' id='word_1_122' title='bbox 887 2094 1389 2144; x_wconf 86' lang='lat' dir='ltr'><strong>concitaverunteum</strong></span> <span class='ocrx_word' id='word_1_123' title='bbox 1412 2094 1467 2142; x_wconf 91' lang='lat' dir='ltr'><strong>in</strong></span> <span class='ocrx_word' id='word_1_124' title='bbox 1490 2096 1585 2144; x_wconf 87' lang='lat' dir='ltr'><strong>col-</strong></span> 
     </span>
     <span class='ocr_line' id='line_1_29' title="bbox 591 2154 1582 2218; baseline 0.005 -17"><span class='ocrx_word' id='word_1_125' title='bbox 591 2154 726 2204; x_wconf 83' lang='lat' dir='ltr'><strong>libus</strong></span> <span class='ocrx_word' id='word_1_126' title='bbox 747 2155 880 2204; x_wconf 89' lang='lat' dir='ltr'><strong>suis:</strong></span> <span class='ocrx_word' id='word_1_127' title='bbox 903 2161 951 2205; x_wconf 90' lang='lat' dir='ltr'><strong>et</strong></span> <span class='ocrx_word' id='word_1_128' title='bbox 972 2157 1026 2205; x_wconf 91' lang='lat' dir='ltr'><strong>in</strong></span> <span class='ocrx_word' id='word_1_129' title='bbox 1050 2156 1368 2218; x_wconf 77' lang='lat' dir='ltr'><strong>sculptilibus</strong></span> <span class='ocrx_word' id='word_1_130' title='bbox 1389 2156 1498 2206; x_wconf 89' lang='lat' dir='ltr'><strong>suis</strong></span> <span class='ocrx_word' id='word_1_131' title='bbox 1519 2159 1582 2206; x_wconf 91' lang='lat' dir='ltr'><strong>ad</strong></span> 
     </span>
     <span class='ocr_line' id='line_1_30' title="bbox 587 2217 1581 2281; baseline 0.002 -14"><span class='ocrx_word' id='word_1_132' title='bbox 587 2217 961 2268; x_wconf 86' lang='lat' dir='ltr'><strong>aemulationem</strong></span> <span class='ocrx_word' id='word_1_133' title='bbox 1004 2233 1121 2269; x_wconf 93' lang='lat' dir='ltr'><strong>eum</strong></span> <span class='ocrx_word' id='word_1_134' title='bbox 1168 2225 1581 2281; x_wconf 81' lang='lat' dir='ltr'><strong>provocaverunt.</strong></span> 
     </span>
    </p>

    <p class='ocr_par' dir='ltr' id='par_1_13' title="bbox 589 2279 1584 2403">
     <span class='ocr_line' id='line_1_31' title="bbox 654 2279 1584 2343; baseline 0.003 -16"><span class='ocrx_word' id='word_1_135' title='bbox 654 2279 869 2328; x_wconf 79' lang='lat' dir='ltr'><strong>Audivit</strong></span> <span class='ocrx_word' id='word_1_136' title='bbox 893 2281 1027 2331; x_wconf 87' lang='lat' dir='ltr'><strong>Deus</strong></span> <span class='ocrx_word' id='word_1_137' title='bbox 1048 2288 1096 2331; x_wconf 92' lang='lat' dir='ltr'><strong>et</strong></span> <span class='ocrx_word' id='word_1_138' title='bbox 1117 2282 1329 2343; x_wconf 74' lang='lat' dir='ltr'><strong>sprevit:</strong></span> <span class='ocrx_word' id='word_1_139' title='bbox 1352 2287 1399 2331; x_wconf 85' lang='lat' dir='ltr'><strong>et</strong></span> <span class='ocrx_word' id='word_1_140' title='bbox 1421 2284 1486 2331; x_wconf 89' lang='lat' dir='ltr'><strong>ad</strong></span> <span class='ocrx_word' id='word_1_141' title='bbox 1511 2283 1584 2331; x_wconf 89' lang='lat' dir='ltr'><strong>ni·</strong></span> 
     </span>
     <span class='ocr_line' id='line_1_32' title="bbox 589 2339 1328 2403; baseline 0.005 -15"><span class='ocrx_word' id='word_1_142' title='bbox 589 2339 755 2390; x_wconf 88' lang='lat' dir='ltr'><strong>bilum</strong></span> <span class='ocrx_word' id='word_1_143' title='bbox 779 2343 971 2403; x_wconf 81' lang='lat' dir='ltr'><strong>redegit</strong></span> <span class='ocrx_word' id='word_1_144' title='bbox 991 2344 1135 2393; x_wconf 78' lang='lat' dir='ltr'><strong>valde</strong></span> <span class='ocrx_word' id='word_1_145' title='bbox 1156 2345 1328 2393; x_wconf 80' lang='lat' dir='ltr'><strong>Isra&#39;el.</strong></span> 
     </span>
    </p>

    <p class='ocr_par' dir='ltr' id='par_1_14' title="bbox 649 2402 1583 2464">
     <span class='ocr_line' id='line_1_33' title="bbox 649 2402 1583 2464; baseline 0.003 -13"><span class='ocrx_word' id='word_1_146' title='bbox 649 2402 715 2451; x_wconf 85' lang='lat' dir='ltr'><strong>Et</strong></span> <span class='ocrx_word' id='word_1_147' title='bbox 736 2404 921 2464; x_wconf 89' lang='lat' dir='ltr'><strong>repulit</strong></span> <span class='ocrx_word' id='word_1_148' title='bbox 944 2406 1326 2454; x_wconf 90' lang='lat' dir='ltr'><strong>tabernaculum</strong></span> <span class='ocrx_word' id='word_1_149' title='bbox 1349 2403 1451 2453; x_wconf 91' lang='lat' dir='ltr'><strong>Silo</strong></span> <span class='ocrx_word' id='word_1_150' title='bbox 1474 2419 1487 2453; x_wconf 72' lang='grc' dir='ltr'><strong>ε</strong></span> <span class='ocrx_word' id='word_1_151' title='bbox 1512 2409 1583 2454; x_wconf 86' lang='lat' dir='ltr'><strong>ta-</strong></span> 
     </span>
    </p>
   </div>
   <div class='ocr_carea' id='block_1_4' title="bbox 587 2464 1643 2541">
    <p class='ocr_par' dir='ltr' id='par_1_15' title="bbox 587 2464 1643 2541">
     <span class='ocr_line' id='line_1_34' title="bbox 587 2464 1643 2541; baseline 0.005 -31"><span class='ocrx_word' id='word_1_152' title='bbox 587 2464 918 2514; x_wconf 89' lang='lat' dir='ltr'><strong>bernaculum</strong></span> <span class='ocrx_word' id='word_1_153' title='bbox 952 2479 1104 2515; x_wconf 89' lang='lat' dir='ltr'><strong>suum</strong></span> <span class='ocrx_word' id='word_1_154' title='bbox 1140 2467 1228 2515; x_wconf 89' lang='lat' dir='ltr'><strong>ubi</strong></span> <span class='ocrx_word' id='word_1_155' title='bbox 1259 2466 1504 2515; x_wconf 71' lang='lat' dir='ltr'><strong>habitavit</strong></span> <span class='ocrx_word' id='word_1_156' title='bbox 1525 2467 1579 2515; x_wconf 90' lang='lat' dir='ltr'><strong>in</strong></span> <span class='ocrx_word' id='word_1_157' title='bbox 1636 2535 1643 2541; x_wconf 31' lang='grc'><strong>.</strong></span> 
     </span>
    </p>
   </div>
   <div class='ocr_carea' id='block_1_5' title="bbox 579 2524 1581 3636">
    <p class='ocr_par' dir='ltr' id='par_1_16' title="bbox 590 2524 902 2575">
     <span class='ocr_line' id='line_1_35' title="bbox 590 2524 902 2575; baseline 0.01 -3"><span class='ocrx_word' id='word_1_158' title='bbox 590 2524 902 2575; x_wconf 88' lang='lat' dir='ltr'><strong>bominibus.</strong></span> 
     </span>
    </p>

    <p class='ocr_par' dir='ltr' id='par_1_17' title="bbox 590 2586 1581 2761">
     <span class='ocr_line' id='line_1_36' title="bbox 649 2586 1581 2647; baseline 0.005 -15"><span class='ocrx_word' id='word_1_159' title='bbox 649 2586 715 2633; x_wconf 89' lang='lat' dir='ltr'><strong>Et</strong></span> <span class='ocrx_word' id='word_1_160' title='bbox 744 2587 955 2636; x_wconf 86' lang='lat' dir='ltr'><strong>tradidit</strong></span> <span class='ocrx_word' id='word_1_161' title='bbox 975 2587 1028 2636; x_wconf 91' lang='lat' dir='ltr'><strong>in</strong></span> <span class='ocrx_word' id='word_1_162' title='bbox 1061 2586 1401 2647; x_wconf 85' lang='lat' dir='ltr'><strong>captivitatem</strong></span> <span class='ocrx_word' id='word_1_163' title='bbox 1422 2588 1581 2637; x_wconf 80' lang='lat' dir='ltr'><strong>virtu-</strong></span> 
     </span>
     <span class='ocr_line' id='line_1_37' title="bbox 590 2650 1581 2709; baseline 0.006 -15"><span class='ocrx_word' id='word_1_164' title='bbox 590 2652 694 2695; x_wconf 88' lang='lat' dir='ltr'><strong>tem</strong></span> <span class='ocrx_word' id='word_1_165' title='bbox 727 2660 928 2698; x_wconf 86' lang='lat' dir='ltr'><strong>eorum:</strong></span> <span class='ocrx_word' id='word_1_166' title='bbox 962 2656 1011 2698; x_wconf 89' lang='lat' dir='ltr'><strong>et</strong></span> <span class='ocrx_word' id='word_1_167' title='bbox 1043 2650 1474 2709; x_wconf 88' lang='lat' dir='ltr'><strong>pulchritudinem</strong></span> <span class='ocrx_word' id='word_1_168' title='bbox 1505 2664 1581 2700; x_wconf 89' lang='lat' dir='ltr'><strong>eo-</strong></span> 
     </span>
     <span class='ocr_line' id='line_1_38' title="bbox 591 2710 1258 2761; baseline 0.004 -5"><span class='ocrx_word' id='word_1_169' title='bbox 591 2720 708 2758; x_wconf 84' lang='lat' dir='ltr'><strong>rum</strong></span> <span class='ocrx_word' id='word_1_170' title='bbox 739 2710 794 2759; x_wconf 91' lang='lat' dir='ltr'><strong>in</strong></span> <span class='ocrx_word' id='word_1_171' title='bbox 827 2724 1012 2761; x_wconf 90' lang='lat' dir='ltr'><strong>manus</strong></span> <span class='ocrx_word' id='word_1_172' title='bbox 1042 2711 1258 2760; x_wconf 89' lang='lat' dir='ltr'><strong>inimici.</strong></span> 
     </span>
    </p>

    <p class='ocr_par' dir='ltr' id='par_1_18' title="bbox 586 2773 1579 2896">
     <span class='ocr_line' id='line_1_39' title="bbox 656 2773 1579 2835; baseline 0 -14"><span class='ocrx_word' id='word_1_173' title='bbox 656 2773 721 2821; x_wconf 85' lang='lat' dir='ltr'><strong>Et</strong></span> <span class='ocrx_word' id='word_1_174' title='bbox 753 2774 1002 2822; x_wconf 84' lang='lat' dir='ltr'><strong>conclusit</strong></span> <span class='ocrx_word' id='word_1_175' title='bbox 1037 2775 1091 2823; x_wconf 91' lang='lat' dir='ltr'><strong>in</strong></span> <span class='ocrx_word' id='word_1_176' title='bbox 1131 2774 1296 2835; x_wconf 89' lang='lat' dir='ltr'><strong>gladio</strong></span> <span class='ocrx_word' id='word_1_177' title='bbox 1333 2774 1579 2834; x_wconf 90' lang='lat' dir='ltr'><strong>populum</strong></span> 
     </span>
     <span class='ocr_line' id='line_1_40' title="bbox 586 2835 1578 2896; baseline 0.001 -13"><span class='ocrx_word' id='word_1_178' title='bbox 586 2847 739 2883; x_wconf 82' lang='lat' dir='ltr'><strong>suum</strong></span> <span class='ocrx_word' id='word_1_179' title='bbox 757 2840 840 2891; x_wconf 75' lang='lat' dir='ltr'><strong>:et</strong></span> <span class='ocrx_word' id='word_1_180' title='bbox 853 2836 1192 2886; x_wconf 81' lang='lat' dir='ltr'><strong>baereditatem</strong></span> <span class='ocrx_word' id='word_1_181' title='bbox 1209 2849 1357 2884; x_wconf 93' lang='lat' dir='ltr'><strong>suam</strong></span> <span class='ocrx_word' id='word_1_182' title='bbox 1373 2835 1578 2896; x_wconf 73' lang='lat' dir='ltr'><strong>sprevit.</strong></span> 
     </span>
    </p>

    <p class='ocr_par' dir='ltr' id='par_1_19' title="bbox 587 2897 1581 3016">
     <span class='ocr_line' id='line_1_41' title="bbox 647 2897 1581 2959; baseline 0.002 -16"><span class='ocrx_word' id='word_1_183' title='bbox 647 2897 870 2945; x_wconf 83' lang='lat' dir='ltr'><strong>Juvenes</strong></span> <span class='ocrx_word' id='word_1_184' title='bbox 895 2911 1069 2946; x_wconf 86' lang='lat' dir='ltr'><strong>corum</strong></span> <span class='ocrx_word' id='word_1_185' title='bbox 1092 2899 1308 2946; x_wconf 84' lang='lat' dir='ltr'><strong>comedit</strong></span> <span class='ocrx_word' id='word_1_186' title='bbox 1329 2898 1498 2959; x_wconf 87' lang='lat' dir='ltr'><strong>ignis:</strong></span> <span class='ocrx_word' id='word_1_187' title='bbox 1532 2904 1581 2947; x_wconf 91' lang='lat' dir='ltr'><strong>et</strong></span> 
     </span>
     <span class='ocr_line' id='line_1_42' title="bbox 587 2957 1577 3016; baseline 0.003 -12"><span class='ocrx_word' id='word_1_188' title='bbox 587 2957 814 3016; x_wconf 85' lang='lat' dir='ltr'><strong>virgines</strong></span> <span class='ocrx_word' id='word_1_189' title='bbox 829 2971 1002 3006; x_wconf 89' lang='lat' dir='ltr'><strong>eorum</strong></span> <span class='ocrx_word' id='word_1_190' title='bbox 1019 2973 1118 3007; x_wconf 91' lang='lat' dir='ltr'><strong>non</strong></span> <span class='ocrx_word' id='word_1_191' title='bbox 1136 2965 1258 3007; x_wconf 89' lang='lat' dir='ltr'><strong>sunt</strong></span> <span class='ocrx_word' id='word_1_192' title='bbox 1274 2961 1577 3009; x_wconf 85' lang='lat' dir='ltr'><strong>lamentatae.</strong></span> 
     </span>
    </p>

    <p class='ocr_par' dir='ltr' id='par_1_20' title="bbox 585 3018 1581 3189">
     <span class='ocr_line' id='line_1_43' title="bbox 647 3018 1577 3080; baseline 0.005 -15"><span class='ocrx_word' id='word_1_193' title='bbox 647 3018 935 3066; x_wconf 81' lang='lat' dir='ltr'><strong>Sacerdotes</strong></span> <span class='ocrx_word' id='word_1_194' title='bbox 945 3032 1120 3067; x_wconf 90' lang='lat' dir='ltr'><strong>eorum</strong></span> <span class='ocrx_word' id='word_1_195' title='bbox 1139 3020 1191 3067; x_wconf 93' lang='lat' dir='ltr'><strong>in</strong></span> <span class='ocrx_word' id='word_1_196' title='bbox 1212 3021 1377 3080; x_wconf 88' lang='lat' dir='ltr'><strong>gladio</strong></span> <span class='ocrx_word' id='word_1_197' title='bbox 1394 3021 1577 3070; x_wconf 72' lang='lat' dir='ltr'><strong>cecide-</strong></span> 
     </span>
     <span class='ocr_line' id='line_1_44' title="bbox 585 3079 1581 3189; baseline 0.006 -64"><span class='ocrx_word' id='word_1_198' title='bbox 585 3084 745 3189; x_wconf 56' lang='lat' dir='ltr'><strong>ffint:</strong></span> <span class='ocrx_word' id='word_1_199' title='bbox 783 3083 831 3127; x_wconf 87' lang='lat' dir='ltr'><strong>et</strong></span> <span class='ocrx_word' id='word_1_200' title='bbox 869 3079 1034 3129; x_wconf 81' lang='lat' dir='ltr'><strong>viduae</strong></span> <span class='ocrx_word' id='word_1_201' title='bbox 1071 3094 1246 3130; x_wconf 88' lang='lat' dir='ltr'><strong>eorum</strong></span> <span class='ocrx_word' id='word_1_202' title='bbox 1285 3095 1388 3130; x_wconf 91' lang='lat' dir='ltr'><strong>non</strong></span> <span class='ocrx_word' id='word_1_203' title='bbox 1421 3084 1581 3142; x_wconf 91' lang='lat' dir='ltr'><strong>plora-</strong></span> 
     </span>
    </p>

    <p class='ocr_par' dir='ltr' id='par_1_21' title="bbox 653 3145 792 3187">
     <span class='ocr_line' id='line_1_45' title="bbox 653 3145 792 3187; baseline 0 0"><span class='ocrx_word' id='word_1_204' title='bbox 653 3145 792 3187; x_wconf 88' lang='lat' dir='ltr'><strong>ntur.</strong></span> 
     </span>
    </p>

    <p class='ocr_par' dir='ltr' id='par_1_22' title="bbox 583 3200 1580 3374">
     <span class='ocr_line' id='line_1_46' title="bbox 642 3200 1580 3264; baseline 0.002 -14"><span class='ocrx_word' id='word_1_205' title='bbox 642 3201 709 3250; x_wconf 89' lang='lat' dir='ltr'><strong>Et</strong></span> <span class='ocrx_word' id='word_1_206' title='bbox 753 3200 994 3251; x_wconf 82' lang='lat' dir='ltr'><strong>excitatus</strong></span> <span class='ocrx_word' id='word_1_207' title='bbox 1043 3207 1118 3251; x_wconf 89' lang='lat' dir='ltr'><strong>est</strong></span> <span class='ocrx_word' id='word_1_208' title='bbox 1163 3208 1407 3264; x_wconf 80' lang='lat' dir='ltr'><strong>tanquam</strong></span> <span class='ocrx_word' id='word_1_209' title='bbox 1453 3204 1580 3252; x_wconf 92' lang='lat' dir='ltr'><strong>dor-</strong></span> 
     </span>
     <span class='ocr_line' id='line_1_47' title="bbox 583 3263 1580 3325; baseline 0.003 -14"><span class='ocrx_word' id='word_1_210' title='bbox 583 3263 751 3312; x_wconf 91' lang='lat' dir='ltr'><strong>miens</strong></span> <span class='ocrx_word' id='word_1_211' title='bbox 771 3264 908 3313; x_wconf 72' lang='lat' dir='ltr'><strong>Diis:</strong></span> <span class='ocrx_word' id='word_1_212' title='bbox 937 3270 1183 3325; x_wconf 88' lang='lat' dir='ltr'><strong>tanquam</strong></span> <span class='ocrx_word' id='word_1_213' title='bbox 1204 3270 1380 3325; x_wconf 89' lang='lat' dir='ltr'><strong>potens</strong></span> <span class='ocrx_word' id='word_1_214' title='bbox 1396 3277 1580 3325; x_wconf 88' lang='lat' dir='ltr'><strong>crapu-</strong></span> 
     </span>
     <span class='ocr_line' id='line_1_48' title="bbox 583 3326 926 3374; baseline 0.003 -1"><span class='ocrx_word' id='word_1_215' title='bbox 583 3326 717 3374; x_wconf 83' lang='lat' dir='ltr'><strong>latus</strong></span> <span class='ocrx_word' id='word_1_216' title='bbox 737 3339 767 3374; x_wconf 89' lang='lat' dir='ltr'><strong>a</strong></span> <span class='ocrx_word' id='word_1_217' title='bbox 790 3326 926 3374; x_wconf 83' lang='lat' dir='ltr'><strong>vine.</strong></span> 
     </span>
    </p>

    <p class='ocr_par' dir='ltr' id='par_1_23' title="bbox 579 3386 1576 3559">
     <span class='ocr_line' id='line_1_49' title="bbox 643 3386 1576 3448; baseline 0.002 -13"><span class='ocrx_word' id='word_1_218' title='bbox 643 3387 708 3435; x_wconf 92' lang='lat' dir='ltr'><strong>Et</strong></span> <span class='ocrx_word' id='word_1_219' title='bbox 728 3388 976 3447; x_wconf 88' lang='lat' dir='ltr'><strong>percussit</strong></span> <span class='ocrx_word' id='word_1_220' title='bbox 997 3386 1230 3437; x_wconf 89' lang='lat' dir='ltr'><strong>inimicos</strong></span> <span class='ocrx_word' id='word_1_221' title='bbox 1251 3401 1370 3437; x_wconf 90' lang='lat' dir='ltr'><strong>suos</strong></span> <span class='ocrx_word' id='word_1_222' title='bbox 1388 3388 1440 3436; x_wconf 93' lang='lat' dir='ltr'><strong>in</strong></span> <span class='ocrx_word' id='word_1_223' title='bbox 1462 3401 1576 3448; x_wconf 91' lang='lat' dir='ltr'><strong>pos-</strong></span> 
     </span>
     <span class='ocr_line' id='line_1_50' title="bbox 579 3449 1574 3559; baseline 0.001 -61"><span class='ocrx_word' id='word_1_224' title='bbox 579 3449 795 3559; x_wconf 54' lang='lat' dir='ltr'><strong>tierioral:</strong></span> <span class='ocrx_word' id='word_1_225' title='bbox 841 3450 1168 3511; x_wconf 91' lang='lat' dir='ltr'><strong>opprobrium</strong></span> <span class='ocrx_word' id='word_1_226' title='bbox 1207 3450 1574 3512; x_wconf 84' lang='lat' dir='ltr'><strong>sempiternum</strong></span> 
     </span>
    </p>

    <p class='ocr_par' dir='ltr' id='par_1_24' title="bbox 614 3510 852 3561">
     <span class='ocr_line' id='line_1_51' title="bbox 614 3510 852 3561; baseline 0 0"><span class='ocrx_word' id='word_1_227' title='bbox 614 3510 749 3561; x_wconf 89' lang='lat' dir='ltr'><strong>editi</strong></span> <span class='ocrx_word' id='word_1_228' title='bbox 773 3511 852 3561; x_wconf 79' lang='lat' dir='ltr'><strong>lis,</strong></span> 
     </span>
    </p>

    <p class='ocr_par' dir='ltr' id='par_1_25' title="bbox 640 3573 1570 3636">
     <span class='ocr_line' id='line_1_52' title="bbox 640 3573 1570 3636; baseline -0.001 -13"><span class='ocrx_word' id='word_1_229' title='bbox 640 3574 704 3623; x_wconf 83' lang='lat' dir='ltr'><strong>Et</strong></span> <span class='ocrx_word' id='word_1_230' title='bbox 729 3573 912 3636; x_wconf 88' lang='lat' dir='ltr'><strong>repulit</strong></span> <span class='ocrx_word' id='word_1_231' title='bbox 938 3573 1320 3625; x_wconf 80' lang='lat' dir='ltr'><strong>tabernaculum</strong></span> <span class='ocrx_word' id='word_1_232' title='bbox 1352 3573 1534 3635; x_wconf 84' lang='lat' dir='ltr'><strong>Joseph</strong></span> <span class='ocrx_word' id='word_1_233' title='bbox 1557 3589 1570 3622; x_wconf 75' lang='grc' dir='ltr'>ε</span> 
     </span>
    </p>
   </div>
   <div class='ocr_carea' id='block_1_6' title="bbox 1684 549 2686 1218">
    <p class='ocr_par' dir='ltr' id='par_1_26' title="bbox 1689 549 2685 614">
     <span class='ocr_line' id='line_1_53' title="bbox 1689 549 2685 614; baseline 0.004 -14"><span class='ocrx_word' id='word_1_234' title='bbox 1689 555 1739 600; x_wconf 90' lang='lat' dir='ltr'><strong>et</strong></span> <span class='ocrx_word' id='word_1_235' title='bbox 1796 549 1989 600; x_wconf 87' lang='lat' dir='ltr'><strong>tribum</strong></span> <span class='ocrx_word' id='word_1_236' title='bbox 2043 550 2287 611; x_wconf 79' lang='lat' dir='ltr'><strong>Ephraim</strong></span> <span class='ocrx_word' id='word_1_237' title='bbox 2323 564 2437 601; x_wconf 51' lang='lat' dir='ltr'><strong>¹non</strong></span> <span class='ocrx_word' id='word_1_238' title='bbox 2484 553 2636 614; x_wconf 88' lang='lat' dir='ltr'><strong>elegit</strong></span> <span class='ocrx_word' id='word_1_239' title='bbox 2673 570 2685 604; x_wconf 92' lang='lat'><strong>:</strong></span> 
     </span>
    </p>

    <p class='ocr_par' dir='ltr' id='par_1_27' title="bbox 1690 612 2684 735">
     <span class='ocr_line' id='line_1_54' title="bbox 1751 612 2684 674; baseline 0.003 -12"><span class='ocrx_word' id='word_1_240' title='bbox 1751 613 1847 662; x_wconf 90' lang='lat' dir='ltr'><strong>Sed</strong></span> <span class='ocrx_word' id='word_1_241' title='bbox 1875 612 2025 674; x_wconf 86' lang='lat' dir='ltr'><strong>elegit</strong></span> <span class='ocrx_word' id='word_1_242' title='bbox 2048 614 2240 662; x_wconf 89' lang='lat' dir='ltr'><strong>tribum</strong></span> <span class='ocrx_word' id='word_1_243' title='bbox 2260 613 2423 664; x_wconf 85' lang='lat' dir='ltr'><strong>Juda:</strong></span> <span class='ocrx_word' id='word_1_244' title='bbox 2456 622 2684 666; x_wconf 90' lang='lat' dir='ltr'><strong>montem</strong></span> 
     </span>
     <span class='ocr_line' id='line_1_55' title="bbox 1690 675 2194 735; baseline -0.004 -11"><span class='ocrx_word' id='word_1_245' title='bbox 1690 675 1809 725; x_wconf 89' lang='lat' dir='ltr'><strong>Sion</strong></span> <span class='ocrx_word' id='word_1_246' title='bbox 1827 687 1979 735; x_wconf 88' lang='lat' dir='ltr'><strong>quem</strong></span> <span class='ocrx_word' id='word_1_247' title='bbox 2004 675 2194 723; x_wconf 81' lang='lat' dir='ltr'><strong>dilexit.</strong></span> 
     </span>
    </p>

    <p class='ocr_par' dir='ltr' id='par_1_28' title="bbox 1687 735 2685 915">
     <span class='ocr_line' id='line_1_56' title="bbox 1751 735 2683 788; baseline 0.003 -3"><span class='ocrx_word' id='word_1_248' title='bbox 1751 737 1815 785; x_wconf 89' lang='lat' dir='ltr'><strong>Et</strong></span> <span class='ocrx_word' id='word_1_249' title='bbox 1860 735 2126 785; x_wconf 83' lang='lat' dir='ltr'><strong>aedificavit</strong></span> <span class='ocrx_word' id='word_1_250' title='bbox 2170 737 2302 785; x_wconf 87' lang='lat' dir='ltr'><strong>sicut</strong></span> <span class='ocrx_word' id='word_1_251' title='bbox 2353 736 2683 788; x_wconf 86' lang='lat' dir='ltr'><strong>unicornium</strong></span> 
     </span>
     <span class='ocr_line' id='line_1_57' title="bbox 1687 797 2685 862; baseline 0.004 -16"><span class='ocrx_word' id='word_1_252' title='bbox 1687 797 2023 847; x_wconf 86' lang='lat' dir='ltr'><strong>sanctificium</strong></span> <span class='ocrx_word' id='word_1_253' title='bbox 2056 811 2243 849; x_wconf 87' lang='lat' dir='ltr'><strong>suum:</strong></span> <span class='ocrx_word' id='word_1_254' title='bbox 2278 799 2331 847; x_wconf 87' lang='lat' dir='ltr'><strong>in</strong></span> <span class='ocrx_word' id='word_1_255' title='bbox 2362 805 2494 848; x_wconf 89' lang='lat' dir='ltr'><strong>terra</strong></span> <span class='ocrx_word' id='word_1_256' title='bbox 2524 813 2685 862; x_wconf 88' lang='lat' dir='ltr'><strong>quam</strong></span> 
     </span>
     <span class='ocr_line' id='line_1_58' title="bbox 1692 858 2210 915; baseline 0.002 -8"><span class='ocrx_word' id='word_1_257' title='bbox 1692 858 1924 909; x_wconf 78' lang='lat' dir='ltr'><strong>fundavit</strong></span> <span class='ocrx_word' id='word_1_258' title='bbox 1940 859 1992 907; x_wconf 90' lang='lat' dir='ltr'><strong>in</strong></span> <span class='ocrx_word' id='word_1_259' title='bbox 2011 861 2210 915; x_wconf 64' lang='lat' dir='ltr'><strong>saecula.</strong></span> 
     </span>
    </p>

    <p class='ocr_par' dir='ltr' id='par_1_29' title="bbox 1686 921 2686 1105">
     <span class='ocr_line' id='line_1_59' title="bbox 1750 921 2686 985; baseline 0.004 -16"><span class='ocrx_word' id='word_1_260' title='bbox 1750 921 1814 970; x_wconf 92' lang='lat' dir='ltr'><strong>Et</strong></span> <span class='ocrx_word' id='word_1_261' title='bbox 1834 921 1983 981; x_wconf 87' lang='lat' dir='ltr'><strong>elegit</strong></span> <span class='ocrx_word' id='word_1_262' title='bbox 2013 921 2173 969; x_wconf 75' lang='lat' dir='ltr'><strong>David</strong></span> <span class='ocrx_word' id='word_1_263' title='bbox 2206 933 2410 970; x_wconf 86' lang='lat' dir='ltr'><strong>servum</strong></span> <span class='ocrx_word' id='word_1_264' title='bbox 2432 934 2606 985; x_wconf 90' lang='lat' dir='ltr'><strong>suum,</strong></span> <span class='ocrx_word' id='word_1_265' title='bbox 2634 929 2686 973; x_wconf 90' lang='lat' dir='ltr'><strong>et</strong></span> 
     </span>
     <span class='ocr_line' id='line_1_60' title="bbox 1686 983 2684 1042; baseline 0.005 -12"><span class='ocrx_word' id='word_1_266' title='bbox 1686 983 1893 1031; x_wconf 87' lang='lat' dir='ltr'><strong>sustulit</strong></span> <span class='ocrx_word' id='word_1_267' title='bbox 1913 996 2031 1031; x_wconf 90' lang='lat' dir='ltr'><strong>eum</strong></span> <span class='ocrx_word' id='word_1_268' title='bbox 2047 985 2109 1032; x_wconf 92' lang='lat' dir='ltr'><strong>de</strong></span> <span class='ocrx_word' id='word_1_269' title='bbox 2134 984 2370 1042; x_wconf 83' lang='lat' dir='ltr'><strong>gregibus</strong></span> <span class='ocrx_word' id='word_1_270' title='bbox 2390 984 2593 1034; x_wconf 77' lang='lat' dir='ltr'><strong>ovium:</strong></span> <span class='ocrx_word' id='word_1_271' title='bbox 2617 987 2684 1035; x_wconf 82' lang='lat' dir='ltr'><strong>dc</strong></span> 
     </span>
     <span class='ocr_line' id='line_1_61' title="bbox 1687 1044 2404 1105; baseline 0.001 -13"><span class='ocrx_word' id='word_1_272' title='bbox 1687 1049 1798 1105; x_wconf 88' lang='lat' dir='ltr'><strong>post</strong></span> <span class='ocrx_word' id='word_1_273' title='bbox 1820 1044 2048 1094; x_wconf 78' lang='lat' dir='ltr'><strong>foetantes</strong></span> <span class='ocrx_word' id='word_1_274' title='bbox 2068 1045 2255 1104; x_wconf 86' lang='lat' dir='ltr'><strong>accepit</strong></span> <span class='ocrx_word' id='word_1_275' title='bbox 2270 1058 2404 1105; x_wconf 92' lang='lat' dir='ltr'><strong>eum,</strong></span> 
     </span>
    </p>

    <p class='ocr_par' dir='ltr' id='par_1_30' title="bbox 1684 1106 2686 1218">
     <span class='ocr_line' id='line_1_62' title="bbox 1749 1106 2686 1158; baseline 0.004 -4"><span class='ocrx_word' id='word_1_276' title='bbox 1749 1106 1960 1155; x_wconf 86' lang='lat' dir='ltr'><strong>Pascere</strong></span> <span class='ocrx_word' id='word_1_277' title='bbox 1992 1106 2146 1155; x_wconf 87' lang='lat' dir='ltr'><strong>Jacob</strong></span> <span class='ocrx_word' id='word_1_278' title='bbox 2174 1119 2378 1156; x_wconf 87' lang='lat' dir='ltr'><strong>servum</strong></span> <span class='ocrx_word' id='word_1_279' title='bbox 2413 1119 2601 1156; x_wconf 89' lang='lat' dir='ltr'><strong>suum:</strong></span> <span class='ocrx_word' id='word_1_280' title='bbox 2631 1114 2686 1158; x_wconf 87' lang='lat' dir='ltr'><strong>et</strong></span> 
     </span>
     <span class='ocr_line' id='line_1_63' title="bbox 1684 1167 2398 1218; baseline 0.003 -3"><span class='ocrx_word' id='word_1_281' title='bbox 1684 1167 1840 1216; x_wconf 76' lang='lat' dir='ltr'><strong>Israel</strong></span> <span class='ocrx_word' id='word_1_282' title='bbox 1857 1167 2199 1217; x_wconf 86' lang='lat' dir='ltr'><strong>haereditatcm</strong></span> <span class='ocrx_word' id='word_1_283' title='bbox 2216 1181 2364 1217; x_wconf 90' lang='lat' dir='ltr'><strong>suam</strong></span> <span class='ocrx_word' id='word_1_284' title='bbox 2384 1184 2398 1218; x_wconf 72' lang='grc' dir='ltr'>ι</span> 
     </span>
    </p>
   </div>
   <div class='ocr_carea' id='block_1_7' title="bbox 1747 1212 2694 1289">
    <p class='ocr_par' dir='ltr' id='par_1_31' title="bbox 1747 1212 2694 1289">
     <span class='ocr_line' id='line_1_64' title="bbox 1747 1212 2694 1289; baseline 0.004 -12"><span class='ocrx_word' id='word_1_285' title='bbox 1747 1229 1813 1277; x_wconf 89' lang='lat' dir='ltr'><strong>Et</strong></span> <span class='ocrx_word' id='word_1_286' title='bbox 1845 1229 1981 1289; x_wconf 86' lang='lat' dir='ltr'><strong>pavit</strong></span> <span class='ocrx_word' id='word_1_287' title='bbox 2002 1242 2085 1278; x_wconf 88' lang='lat' dir='ltr'><strong>eos</strong></span> <span class='ocrx_word' id='word_1_288' title='bbox 2114 1230 2167 1278; x_wconf 91' lang='lat' dir='ltr'><strong>in</strong></span> <span class='ocrx_word' id='word_1_289' title='bbox 2201 1229 2489 1278; x_wconf 88' lang='lat' dir='ltr'><strong>innocentia</strong></span> <span class='ocrx_word' id='word_1_290' title='bbox 2512 1212 2694 1281; x_wconf 78' lang='lat' dir='ltr'><strong>cordis</strong></span> 
     </span>
    </p>
   </div>
   <div class='ocr_carea' id='block_1_8' title="bbox 1678 1290 2681 2217">
    <p class='ocr_par' dir='ltr' id='par_1_32' title="bbox 1678 1290 2681 2217">
     <span class='ocr_line' id='line_1_65' title="bbox 1682 1290 2681 1351; baseline 0.003 -13"><span class='ocrx_word' id='word_1_291' title='bbox 1682 1290 1766 1338; x_wconf 91' lang='lat' dir='ltr'><strong>sui</strong></span> <span class='ocrx_word' id='word_1_292' title='bbox 1785 1305 1798 1351; x_wconf 67' lang='lat'><strong>²,</strong></span> <span class='ocrx_word' id='word_1_293' title='bbox 1842 1296 1892 1339; x_wconf 93' lang='lat' dir='ltr'><strong>et</strong></span> <span class='ocrx_word' id='word_1_294' title='bbox 1942 1291 1997 1339; x_wconf 90' lang='lat' dir='ltr'><strong>in</strong></span> <span class='ocrx_word' id='word_1_295' title='bbox 2044 1291 2381 1341; x_wconf 88' lang='lat' dir='ltr'><strong>intellectibus</strong></span> <span class='ocrx_word' id='word_1_296' title='bbox 2425 1304 2681 1342; x_wconf 90' lang='lat' dir='ltr'><strong>manuum</strong></span> 
     </span>
     <span class='ocr_line' id='line_1_66' title="bbox 1682 1353 2235 1402; baseline 0.004 -2"><span class='ocrx_word' id='word_1_297' title='bbox 1682 1364 1893 1400; x_wconf 88' lang='lat' dir='ltr'><strong>suarum</strong></span> <span class='ocrx_word' id='word_1_298' title='bbox 1911 1353 2115 1401; x_wconf 79' lang='lat' dir='ltr'><strong>deduxit</strong></span> <span class='ocrx_word' id='word_1_299' title='bbox 2135 1367 2235 1402; x_wconf 91' lang='lat' dir='ltr'><strong>eos.</strong></span> 
     </span>
     <span class='ocr_line' id='line_1_67' title="bbox 1745 1413 2681 1477; baseline 0.003 -15"><span class='ocrx_word' id='word_1_300' title='bbox 1745 1413 1917 1462; x_wconf 85' lang='lat' dir='ltr'><strong>Gloria</strong></span> <span class='ocrx_word' id='word_1_301' title='bbox 1945 1415 2105 1463; x_wconf 89' lang='lat' dir='ltr'><strong>Patri.</strong></span> <span class='ocrx_word' id='word_1_302' title='bbox 2129 1417 2193 1464; x_wconf 82' lang='grc' dir='ltr'><strong>Α.</strong></span> <span class='ocrx_word' id='word_1_303' title='bbox 2218 1416 2299 1465; x_wconf 90' lang='lat' dir='ltr'><strong>Tu</strong></span> <span class='ocrx_word' id='word_1_304' title='bbox 2321 1428 2375 1465; x_wconf 91' lang='lat' dir='ltr'><strong>es</strong></span> <span class='ocrx_word' id='word_1_305' title='bbox 2390 1416 2552 1476; x_wconf 84' lang='lat' dir='ltr'><strong>neus,</strong></span> <span class='ocrx_word' id='word_1_306' title='bbox 2586 1417 2681 1477; x_wconf 89' lang='lat' dir='ltr'><strong>qui</strong></span> 
     </span>
     <span class='ocr_line' id='line_1_68' title="bbox 1685 1474 2095 1525; baseline 0.002 -2"><span class='ocrx_word' id='word_1_307' title='bbox 1685 1474 1807 1524; x_wconf 81' lang='lat' dir='ltr'><strong>facis</strong></span> <span class='ocrx_word' id='word_1_308' title='bbox 1822 1475 2095 1525; x_wconf 88' lang='lat' dir='ltr'><strong>mirabilia.</strong></span> 
     </span>
     <span class='ocr_line' id='line_1_69' title="bbox 1932 1538 2423 1600; baseline 0.008 -16"><span class='ocrx_word' id='word_1_309' title='bbox 1932 1538 2174 1586; x_wconf 79' lang='lat' dir='ltr'><strong>Psalmus</strong></span> <span class='ocrx_word' id='word_1_310' title='bbox 2216 1539 2423 1600; x_wconf 60' lang='lat' dir='ltr'><strong>loeoeviey.</strong></span> 
     </span>
     <span class='ocr_line' id='line_1_70' title="bbox 1772 1599 2681 1658; baseline 0.006 -11"><span class='ocrx_word' id='word_1_311' title='bbox 1772 1611 1879 1658; x_wconf 81' lang='lat' dir='ltr'><strong>euS,</strong></span> <span class='ocrx_word' id='word_1_312' title='bbox 1896 1604 2143 1648; x_wconf 88' lang='lat' dir='ltr'><strong>venerunt</strong></span> <span class='ocrx_word' id='word_1_313' title='bbox 2153 1599 2338 1649; x_wconf 85' lang='lat' dir='ltr'><strong>Gentes</strong></span> <span class='ocrx_word' id='word_1_314' title='bbox 2351 1601 2404 1649; x_wconf 92' lang='lat' dir='ltr'><strong>in</strong></span> <span class='ocrx_word' id='word_1_315' title='bbox 2417 1602 2681 1652; x_wconf 67' lang='lat' dir='ltr'><strong>haeredita-</strong></span> 
     </span>
     <span class='ocr_line' id='line_1_71' title="bbox 1772 1662 2678 1724; baseline 0.007 -17"><span class='ocrx_word' id='word_1_316' title='bbox 1772 1665 1875 1709; x_wconf 90' lang='lat' dir='ltr'><strong>tem</strong></span> <span class='ocrx_word' id='word_1_317' title='bbox 1909 1666 2080 1711; x_wconf 85' lang='lat' dir='ltr'><strong>tuam:</strong></span> <span class='ocrx_word' id='word_1_318' title='bbox 2104 1662 2390 1721; x_wconf 90' lang='lat' dir='ltr'><strong>polluerunt</strong></span> <span class='ocrx_word' id='word_1_319' title='bbox 2424 1666 2678 1724; x_wconf 87' lang='lat' dir='ltr'><strong>templum</strong></span> 
     </span>
     <span class='ocr_line' id='line_1_72' title="bbox 1681 1727 2676 1784; baseline 0.005 -14"><span class='ocrx_word' id='word_1_320' title='bbox 1681 1728 1916 1770; x_wconf 88' lang='lat' dir='ltr'><strong>sanctum</strong></span> <span class='ocrx_word' id='word_1_321' title='bbox 1932 1728 2107 1784; x_wconf 81' lang='lat' dir='ltr'><strong>tuum3</strong></span> <span class='ocrx_word' id='word_1_322' title='bbox 2125 1731 2401 1783; x_wconf 87' lang='lat' dir='ltr'><strong>posuerunt</strong></span> <span class='ocrx_word' id='word_1_323' title='bbox 2423 1727 2676 1775; x_wconf 86' lang='lat' dir='ltr'><strong>Hierusa-</strong></span> 
     </span>
     <span class='ocr_line' id='line_1_73' title="bbox 1681 1782 2451 1853; baseline 0.006 -21"><span class='ocrx_word' id='word_1_324' title='bbox 1681 1784 1778 1853; x_wconf 72' lang='lat'><strong>¹9¹⁰</strong></span> <span class='ocrx_word' id='word_1_325' title='bbox 1796 1782 1850 1831; x_wconf 90' lang='lat' dir='ltr'><strong>in</strong></span> <span class='ocrx_word' id='word_1_326' title='bbox 1868 1797 2134 1843; x_wconf 91' lang='lat' dir='ltr'><strong>pomorum</strong></span> <span class='ocrx_word' id='word_1_327' title='bbox 2154 1785 2451 1836; x_wconf 86' lang='lat' dir='ltr'><strong>custodiam.</strong></span> 
     </span>
     <span class='ocr_line' id='line_1_74' title="bbox 1743 1846 2676 1898; baseline 0.005 -5"><span class='ocrx_word' id='word_1_328' title='bbox 1743 1846 2031 1894; x_wconf 90' lang='lat' dir='ltr'><strong>Posuerunt</strong></span> <span class='ocrx_word' id='word_1_329' title='bbox 2083 1846 2352 1895; x_wconf 86' lang='lat' dir='ltr'><strong>morticina</strong></span> <span class='ocrx_word' id='word_1_330' title='bbox 2405 1861 2676 1898; x_wconf 86' lang='lat' dir='ltr'><strong>servorum</strong></span> 
     </span>
     <span class='ocr_line' id='line_1_75' title="bbox 1683 1909 2675 1959; baseline 0.005 -5"><span class='ocrx_word' id='word_1_331' title='bbox 1683 1912 1888 1955; x_wconf 90' lang='lat' dir='ltr'><strong>tuorum</strong></span> <span class='ocrx_word' id='word_1_332' title='bbox 1914 1921 2053 1956; x_wconf 88' lang='lat' dir='ltr'><strong>escas</strong></span> <span class='ocrx_word' id='word_1_333' title='bbox 2088 1909 2376 1958; x_wconf 82' lang='lat' dir='ltr'><strong>volatilibus</strong></span> <span class='ocrx_word' id='word_1_334' title='bbox 2393 1911 2503 1959; x_wconf 87' lang='lat' dir='ltr'><strong>coeli</strong></span> <span class='ocrx_word' id='word_1_335' title='bbox 2526 1925 2537 1958; x_wconf 91' lang='lat'>:</span> <span class='ocrx_word' id='word_1_336' title='bbox 2558 1923 2675 1958; x_wconf 87' lang='lat' dir='ltr'><strong>car-</strong></span> 
     </span>
     <span class='ocr_line' id='line_1_76' title="bbox 1682 1972 2677 2026; baseline 0.007 -10"><span class='ocrx_word' id='word_1_337' title='bbox 1682 1981 1770 2017; x_wconf 92' lang='lat' dir='ltr'><strong>nes</strong></span> <span class='ocrx_word' id='word_1_338' title='bbox 1782 1974 2076 2017; x_wconf 86' lang='lat' dir='ltr'><strong>sanctorum</strong></span> <span class='ocrx_word' id='word_1_339' title='bbox 2095 1976 2299 2019; x_wconf 88' lang='lat' dir='ltr'><strong>tuorum</strong></span> <span class='ocrx_word' id='word_1_340' title='bbox 2316 1972 2488 2026; x_wconf 85' lang='lat' dir='ltr'><strong>bestiis</strong></span> <span class='ocrx_word' id='word_1_341' title='bbox 2504 1978 2677 2023; x_wconf 72' lang='lat' dir='ltr'><strong>terrae.</strong></span> 
     </span>
     <span class='ocr_line' id='line_1_77' title="bbox 1741 2031 2674 2094; baseline 0.006 -15"><span class='ocrx_word' id='word_1_342' title='bbox 1741 2031 2045 2080; x_wconf 82' lang='lat' dir='ltr'><strong>Effuderunt</strong></span> <span class='ocrx_word' id='word_1_343' title='bbox 2103 2032 2408 2094; x_wconf 88' lang='lat' dir='ltr'><strong>sanguinem</strong></span> <span class='ocrx_word' id='word_1_344' title='bbox 2491 2047 2674 2086; x_wconf 89' lang='lat' dir='ltr'><strong>eorum</strong></span> 
     </span>
     <span class='ocr_line' id='line_1_78' title="bbox 1679 2094 2676 2153; baseline 0.005 -14"><span class='ocrx_word' id='word_1_345' title='bbox 1679 2097 1924 2152; x_wconf 90' lang='lat' dir='ltr'><strong>tanquam</strong></span> <span class='ocrx_word' id='word_1_346' title='bbox 1947 2106 2131 2153; x_wconf 89' lang='lat' dir='ltr'><strong>aquam</strong></span> <span class='ocrx_word' id='word_1_347' title='bbox 2155 2094 2209 2142; x_wconf 92' lang='lat' dir='ltr'><strong>in</strong></span> <span class='ocrx_word' id='word_1_348' title='bbox 2242 2095 2456 2144; x_wconf 88' lang='lat' dir='ltr'><strong>circuitu</strong></span> <span class='ocrx_word' id='word_1_349' title='bbox 2479 2095 2676 2146; x_wconf 87' lang='lat' dir='ltr'><strong>Hieru-</strong></span> 
     </span>
     <span class='ocr_line' id='line_1_79' title="bbox 1678 2154 2570 2217; baseline 0.001 -14"><span class='ocrx_word' id='word_1_350' title='bbox 1678 2154 1868 2203; x_wconf 86' lang='lat' dir='ltr'><strong>salem:</strong></span> <span class='ocrx_word' id='word_1_351' title='bbox 1893 2160 1940 2202; x_wconf 92' lang='lat' dir='ltr'><strong>et</strong></span> <span class='ocrx_word' id='word_1_352' title='bbox 1963 2168 2063 2202; x_wconf 90' lang='lat' dir='ltr'><strong>non</strong></span> <span class='ocrx_word' id='word_1_353' title='bbox 2086 2160 2193 2203; x_wconf 86' lang='lat' dir='ltr'><strong>erat</strong></span> <span class='ocrx_word' id='word_1_354' title='bbox 2213 2156 2302 2216; x_wconf 84' lang='lat' dir='ltr'><strong>qui</strong></span> <span class='ocrx_word' id='word_1_355' title='bbox 2323 2157 2570 2217; x_wconf 88' lang='lat' dir='ltr'><strong>sepeliret.</strong></span> 
     </span>
    </p>
   </div>
   <div class='ocr_carea' id='block_1_9' title="bbox 1742 2200 2682 2278">
    <p class='ocr_par' dir='ltr' id='par_1_33' title="bbox 1742 2200 2682 2278">
     <span class='ocr_line' id='line_1_80' title="bbox 1742 2200 2682 2278; baseline 0.005 -15"><span class='ocrx_word' id='word_1_356' title='bbox 1742 2215 1882 2264; x_wconf 86' lang='lat' dir='ltr'><strong>Facti</strong></span> <span class='ocrx_word' id='word_1_357' title='bbox 1912 2230 2092 2266; x_wconf 88' lang='lat' dir='ltr'><strong>sumus</strong></span> <span class='ocrx_word' id='word_1_358' title='bbox 2122 2219 2446 2278; x_wconf 86' lang='lat' dir='ltr'><strong>opprobrium</strong></span> <span class='ocrx_word' id='word_1_359' title='bbox 2481 2200 2682 2269; x_wconf 67' lang='lat' dir='ltr'><strong>vicinis</strong></span> 
     </span>
    </p>
   </div>
   <div class='ocr_carea' id='block_1_10' title="bbox 1672 2277 2672 3029">
    <p class='ocr_par' dir='ltr' id='par_1_34' title="bbox 1672 2277 2672 3029">
     <span class='ocr_line' id='line_1_81' title="bbox 1681 2277 2672 2333; baseline 0.008 -8"><span class='ocrx_word' id='word_1_360' title='bbox 1681 2277 1869 2326; x_wconf 88' lang='lat' dir='ltr'><strong>nostris</strong></span> <span class='ocrx_word' id='word_1_361' title='bbox 1901 2294 1914 2327; x_wconf 68' lang='grc' dir='ltr'>ι</span> <span class='ocrx_word' id='word_1_362' title='bbox 1940 2280 2270 2329; x_wconf 86' lang='lat' dir='ltr'><strong>subsannatio</strong></span> <span class='ocrx_word' id='word_1_363' title='bbox 2302 2286 2350 2331; x_wconf 88' lang='lat' dir='ltr'><strong>et</strong></span> <span class='ocrx_word' id='word_1_364' title='bbox 2383 2281 2550 2330; x_wconf 90' lang='lat' dir='ltr'><strong>illusio</strong></span> <span class='ocrx_word' id='word_1_365' title='bbox 2583 2283 2672 2333; x_wconf 87' lang='lat' dir='ltr'><strong>bis</strong></span> 
     </span>
     <span class='ocr_line' id='line_1_82' title="bbox 1678 2339 2414 2399; baseline 0.007 -13"><span class='ocrx_word' id='word_1_366' title='bbox 1678 2339 1767 2399; x_wconf 89' lang='lat' dir='ltr'><strong>qui</strong></span> <span class='ocrx_word' id='word_1_367' title='bbox 1787 2339 1841 2387; x_wconf 90' lang='lat' dir='ltr'><strong>iu</strong></span> <span class='ocrx_word' id='word_1_368' title='bbox 1857 2340 2072 2389; x_wconf 87' lang='lat' dir='ltr'><strong>circuitu</strong></span> <span class='ocrx_word' id='word_1_369' title='bbox 2088 2347 2260 2391; x_wconf 89' lang='lat' dir='ltr'><strong>nostro</strong></span> <span class='ocrx_word' id='word_1_370' title='bbox 2274 2349 2414 2391; x_wconf 90' lang='lat' dir='ltr'><strong>sunt.</strong></span> 
     </span>
     <span class='ocr_line' id='line_1_83' title="bbox 1739 2402 2667 2463; baseline 0.005 -13"><span class='ocrx_word' id='word_1_371' title='bbox 1739 2402 2011 2463; x_wconf 85' lang='lat' dir='ltr'><strong>Usquequo</strong></span> <span class='ocrx_word' id='word_1_372' title='bbox 2029 2404 2137 2451; x_wconf 70' lang='lat' dir='ltr'><strong>Dite</strong></span> <span class='ocrx_word' id='word_1_373' title='bbox 2156 2403 2388 2453; x_wconf 80' lang='lat' dir='ltr'><strong>irasceris</strong></span> <span class='ocrx_word' id='word_1_374' title='bbox 2403 2404 2455 2452; x_wconf 92' lang='lat' dir='ltr'><strong>in</strong></span> <span class='ocrx_word' id='word_1_375' title='bbox 2473 2405 2634 2454; x_wconf 86' lang='lat' dir='ltr'><strong>finem</strong></span> <span class='ocrx_word' id='word_1_376' title='bbox 2653 2421 2667 2455; x_wconf 79' lang='lat' dir='ltr'><strong><em>z</em></strong></span> 
     </span>
     <span class='ocr_line' id='line_1_84' title="bbox 1676 2464 2621 2527; baseline 0.004 -16"><span class='ocrx_word' id='word_1_377' title='bbox 1676 2464 1974 2512; x_wconf 86' lang='lat' dir='ltr'><strong>accendetur</strong></span> <span class='ocrx_word' id='word_1_378' title='bbox 1995 2465 2129 2513; x_wconf 74' lang='lat' dir='ltr'><strong>velut</strong></span> <span class='ocrx_word' id='word_1_379' title='bbox 2150 2465 2286 2527; x_wconf 87' lang='lat' dir='ltr'><strong>ignis</strong></span> <span class='ocrx_word' id='word_1_380' title='bbox 2308 2467 2443 2515; x_wconf 90' lang='lat' dir='ltr'><strong>zelus</strong></span> <span class='ocrx_word' id='word_1_381' title='bbox 2465 2469 2621 2515; x_wconf 73' lang='lat' dir='ltr'><strong>tuus?</strong></span> 
     </span>
     <span class='ocr_line' id='line_1_85' title="bbox 1738 2525 2668 2589; baseline 0.006 -16"><span class='ocrx_word' id='word_1_382' title='bbox 1738 2525 1954 2574; x_wconf 79' lang='lat' dir='ltr'><strong>Effunde</strong></span> <span class='ocrx_word' id='word_1_383' title='bbox 1974 2526 2107 2574; x_wconf 90' lang='lat' dir='ltr'><strong>iram</strong></span> <span class='ocrx_word' id='word_1_384' title='bbox 2131 2532 2271 2576; x_wconf 91' lang='lat' dir='ltr'><strong>tuam</strong></span> <span class='ocrx_word' id='word_1_385' title='bbox 2287 2529 2339 2576; x_wconf 92' lang='lat' dir='ltr'><strong>in</strong></span> <span class='ocrx_word' id='word_1_386' title='bbox 2364 2533 2536 2589; x_wconf 82' lang='lat' dir='ltr'><strong>gentes</strong></span> <span class='ocrx_word' id='word_1_387' title='bbox 2550 2541 2668 2589; x_wconf 82' lang='lat' dir='ltr'><strong>quae</strong></span> 
     </span>
     <span class='ocr_line' id='line_1_86' title="bbox 1677 2588 2667 2651; baseline 0.005 -15"><span class='ocrx_word' id='word_1_388' title='bbox 1677 2591 1725 2636; x_wconf 86' lang='lat' dir='ltr'><strong>te</strong></span> <span class='ocrx_word' id='word_1_389' title='bbox 1757 2599 1860 2635; x_wconf 88' lang='lat' dir='ltr'><strong>non</strong></span> <span class='ocrx_word' id='word_1_390' title='bbox 1892 2594 2144 2636; x_wconf 84' lang='lat' dir='ltr'><strong>noverunt</strong></span> <span class='ocrx_word' id='word_1_391' title='bbox 2168 2604 2181 2637; x_wconf 72' lang='grc' dir='ltr'>ε</span> <span class='ocrx_word' id='word_1_392' title='bbox 2203 2595 2252 2638; x_wconf 94' lang='lat' dir='ltr'><strong>et</strong></span> <span class='ocrx_word' id='word_1_393' title='bbox 2272 2588 2326 2637; x_wconf 92' lang='lat' dir='ltr'><strong>in</strong></span> <span class='ocrx_word' id='word_1_394' title='bbox 2360 2602 2515 2651; x_wconf 86' lang='lat' dir='ltr'><strong>regna</strong></span> <span class='ocrx_word' id='word_1_395' title='bbox 2548 2603 2667 2650; x_wconf 80' lang='lat' dir='ltr'><strong>quae</strong></span> 
     </span>
     <span class='ocr_line' id='line_1_87' title="bbox 1676 2651 2596 2701; baseline 0.004 -6"><span class='ocrx_word' id='word_1_396' title='bbox 1676 2660 1861 2696; x_wconf 88' lang='lat' dir='ltr'><strong>nomen</strong></span> <span class='ocrx_word' id='word_1_397' title='bbox 1883 2654 2030 2697; x_wconf 91' lang='lat' dir='ltr'><strong>tuum</strong></span> <span class='ocrx_word' id='word_1_398' title='bbox 2053 2663 2154 2698; x_wconf 88' lang='lat' dir='ltr'><strong>non</strong></span> <span class='ocrx_word' id='word_1_399' title='bbox 2176 2652 2539 2701; x_wconf 88' lang='lat' dir='ltr'><strong>invocaverunt</strong></span> <span class='ocrx_word' id='word_1_400' title='bbox 2558 2651 2596 2699; x_wconf 72' lang='grc' dir='ltr'><strong>ε’</strong></span> 
     </span>
     <span class='ocr_line' id='line_1_88' title="bbox 1739 2710 2666 2770; baseline 0.006 -12"><span class='ocrx_word' id='word_1_401' title='bbox 1739 2710 1871 2770; x_wconf 88' lang='lat' dir='ltr'><strong>Quia</strong></span> <span class='ocrx_word' id='word_1_402' title='bbox 1886 2712 2213 2761; x_wconf 87' lang='lat' dir='ltr'><strong>comederunt</strong></span> <span class='ocrx_word' id='word_1_403' title='bbox 2226 2713 2378 2762; x_wconf 89' lang='lat' dir='ltr'><strong>Jacob</strong></span> <span class='ocrx_word' id='word_1_404' title='bbox 2398 2728 2411 2762; x_wconf 71' lang='grc' dir='ltr'><strong>ε</strong></span> <span class='ocrx_word' id='word_1_405' title='bbox 2428 2719 2477 2762; x_wconf 93' lang='lat' dir='ltr'><strong>et</strong></span> <span class='ocrx_word' id='word_1_406' title='bbox 2493 2714 2666 2764; x_wconf 88' lang='lat' dir='ltr'><strong>locum</strong></span> 
     </span>
     <span class='ocr_line' id='line_1_89' title="bbox 1675 2771 2152 2831; baseline 0.004 -12"><span class='ocrx_word' id='word_1_407' title='bbox 1675 2771 1786 2831; x_wconf 67' lang='lat' dir='ltr'><strong>elus</strong></span> <span class='ocrx_word' id='word_1_408' title='bbox 1800 2772 2152 2821; x_wconf 81' lang='lat' dir='ltr'><strong>desolaverunt</strong></span> 
     </span>
     <span class='ocr_line' id='line_1_90' title="bbox 1737 2833 2668 2896; baseline 0.001 -12"><span class='ocrx_word' id='word_1_409' title='bbox 1737 2834 1813 2884; x_wconf 89' lang='lat' dir='ltr'><strong>Ne</strong></span> <span class='ocrx_word' id='word_1_410' title='bbox 1822 2833 2451 2896; x_wconf 83' lang='lat' dir='ltr'><strong>meminerisiniquitatum</strong></span> <span class='ocrx_word' id='word_1_411' title='bbox 2465 2842 2668 2886; x_wconf 89' lang='lat' dir='ltr'><strong>nostra-</strong></span> 
     </span>
     <span class='ocr_line' id='line_1_91' title="bbox 1675 2895 2667 2958; baseline 0.005 -15"><span class='ocrx_word' id='word_1_412' title='bbox 1675 2908 1791 2944; x_wconf 90' lang='lat' dir='ltr'><strong>rum</strong></span> <span class='ocrx_word' id='word_1_413' title='bbox 1806 2895 2131 2955; x_wconf 86' lang='lat' dir='ltr'><strong>antiquarum</strong></span> <span class='ocrx_word' id='word_1_414' title='bbox 2145 2898 2266 2946; x_wconf 86' lang='lat' dir='ltr'><strong>:cito</strong></span> <span class='ocrx_word' id='word_1_415' title='bbox 2281 2898 2557 2958; x_wconf 87' lang='lat' dir='ltr'><strong>anticipent</strong></span> <span class='ocrx_word' id='word_1_416' title='bbox 2570 2912 2667 2948; x_wconf 89' lang='lat' dir='ltr'><strong>nos</strong></span> 
     </span>
     <span class='ocr_line' id='line_1_92' title="bbox 1672 2956 2666 3029; baseline 0.006 -25"><span class='ocrx_word' id='word_1_417' title='bbox 1672 2956 2026 3029; x_wconf 64' lang='lat' dir='ltr'><strong>misericordiae</strong></span> <span class='ocrx_word' id='word_1_418' title='bbox 2035 2963 2150 3020; x_wconf 87' lang='lat' dir='ltr'><strong>tuae,</strong></span> <span class='ocrx_word' id='word_1_419' title='bbox 2164 2960 2280 3019; x_wconf 91' lang='lat' dir='ltr'><strong>quia</strong></span> <span class='ocrx_word' id='word_1_420' title='bbox 2292 2973 2536 3022; x_wconf 90' lang='lat' dir='ltr'><strong>pauperes</strong></span> <span class='ocrx_word' id='word_1_421' title='bbox 2546 2961 2666 3010; x_wconf 74' lang='lat' dir='ltr'><strong>facti</strong></span> 
     </span>
    </p>
   </div>
   <div class='ocr_carea' id='block_1_11' title="bbox 1635 3031 2047 3069">
    <p class='ocr_par' dir='ltr' id='par_1_35' title="bbox 1635 3031 2047 3069">
     <span class='ocr_line' id='line_1_93' title="bbox 1635 3031 2047 3069; baseline 0.007 -3"><span class='ocrx_word' id='word_1_422' title='bbox 1635 3061 1640 3064; x_wconf 79' lang='grc'>.</span> <span class='ocrx_word' id='word_1_423' title='bbox 1671 3031 1852 3067; x_wconf 77' lang='lat' dir='ltr'><strong>sumus</strong></span> <span class='ocrx_word' id='word_1_424' title='bbox 1874 3032 2047 3069; x_wconf 79' lang='lat' dir='ltr'><strong>nlmIS.</strong></span> 
     </span>
    </p>
   </div>
   <div class='ocr_carea' id='block_1_12' title="bbox 1669 3081 2666 3640">
    <p class='ocr_par' dir='ltr' id='par_1_36' title="bbox 1672 3081 2665 3327">
     <span class='ocr_line' id='line_1_94' title="bbox 1738 3081 2661 3144; baseline 0.003 -16"><span class='ocrx_word' id='word_1_425' title='bbox 1738 3081 1840 3141; x_wconf 84' lang='lat' dir='ltr'><strong>Adj</strong></span> <span class='ocrx_word' id='word_1_426' title='bbox 1848 3093 1945 3129; x_wconf 72' lang='lat' dir='ltr'><strong>uva</strong></span> <span class='ocrx_word' id='word_1_427' title='bbox 1961 3083 2197 3131; x_wconf 89' lang='lat' dir='ltr'><strong>nosDeus</strong></span> <span class='ocrx_word' id='word_1_428' title='bbox 2214 3083 2451 3131; x_wconf 89' lang='lat' dir='ltr'><strong>salutaris</strong></span> <span class='ocrx_word' id='word_1_429' title='bbox 2467 3089 2661 3144; x_wconf 90' lang='lat' dir='ltr'><strong>noster,</strong></span> 
     </span>
     <span class='ocr_line' id='line_1_95' title="bbox 1672 3143 2665 3203; baseline 0.005 -13"><span class='ocrx_word' id='word_1_430' title='bbox 1672 3147 1721 3190; x_wconf 91' lang='lat' dir='ltr'><strong>et</strong></span> <span class='ocrx_word' id='word_1_431' title='bbox 1746 3149 1943 3203; x_wconf 89' lang='lat' dir='ltr'><strong>propter</strong></span> <span class='ocrx_word' id='word_1_432' title='bbox 1969 3143 2182 3203; x_wconf 84' lang='lat' dir='ltr'><strong>gloriam</strong></span> <span class='ocrx_word' id='word_1_433' title='bbox 2206 3144 2430 3194; x_wconf 90' lang='lat' dir='ltr'><strong>nominis</strong></span> <span class='ocrx_word' id='word_1_434' title='bbox 2451 3145 2528 3193; x_wconf 90' lang='lat' dir='ltr'><strong>tui</strong></span> <span class='ocrx_word' id='word_1_435' title='bbox 2550 3146 2665 3195; x_wconf 76' lang='lat' dir='ltr'><strong>Dfie</strong></span> 
     </span>
     <span class='ocr_line' id='line_1_96' title="bbox 1674 3203 2665 3266; baseline 0.005 -15"><span class='ocrx_word' id='word_1_436' title='bbox 1674 3203 1829 3252; x_wconf 89' lang='lat' dir='ltr'><strong>libera</strong></span> <span class='ocrx_word' id='word_1_437' title='bbox 1854 3217 1945 3253; x_wconf 90' lang='lat' dir='ltr'><strong>nos</strong></span> <span class='ocrx_word' id='word_1_438' title='bbox 1963 3221 1973 3252; x_wconf 91' lang='lat'>:</span> <span class='ocrx_word' id='word_1_439' title='bbox 1993 3211 2041 3254; x_wconf 94' lang='lat' dir='ltr'><strong>et</strong></span> <span class='ocrx_word' id='word_1_440' title='bbox 2063 3205 2308 3266; x_wconf 87' lang='lat' dir='ltr'><strong>propitius</strong></span> <span class='ocrx_word' id='word_1_441' title='bbox 2323 3213 2428 3255; x_wconf 86' lang='lat' dir='ltr'><strong>esto</strong></span> <span class='ocrx_word' id='word_1_442' title='bbox 2446 3209 2665 3266; x_wconf 86' lang='lat' dir='ltr'><strong>peccatis</strong></span> 
     </span>
     <span class='ocr_line' id='line_1_97' title="bbox 1673 3266 2540 3327; baseline 0.005 -15"><span class='ocrx_word' id='word_1_443' title='bbox 1673 3266 1861 3314; x_wconf 89' lang='lat' dir='ltr'><strong>nostris</strong></span> <span class='ocrx_word' id='word_1_444' title='bbox 1884 3303 1897 3325; x_wconf 92' lang='lat'><strong><em>‚</em></strong></span> <span class='ocrx_word' id='word_1_445' title='bbox 1922 3273 2121 3327; x_wconf 90' lang='lat' dir='ltr'><strong>propter</strong></span> <span class='ocrx_word' id='word_1_446' title='bbox 2144 3281 2326 3316; x_wconf 91' lang='lat' dir='ltr'><strong>nomen</strong></span> <span class='ocrx_word' id='word_1_447' title='bbox 2351 3275 2499 3317; x_wconf 89' lang='lat' dir='ltr'><strong>tuum</strong></span> <span class='ocrx_word' id='word_1_448' title='bbox 2526 3283 2540 3317; x_wconf 77' lang='lat' dir='ltr'><strong>t</strong></span> 
     </span>
    </p>

    <p class='ocr_par' dir='ltr' id='par_1_37' title="bbox 1670 3327 2666 3514">
     <span class='ocr_line' id='line_1_98' title="bbox 1735 3327 2666 3388; baseline 0.004 -11"><span class='ocrx_word' id='word_1_449' title='bbox 1735 3327 1810 3377; x_wconf 89' lang='lat' dir='ltr'><strong>Ne</strong></span> <span class='ocrx_word' id='word_1_450' title='bbox 1841 3328 1964 3377; x_wconf 82' lang='lat' dir='ltr'><strong>sorte</strong></span> <span class='ocrx_word' id='word_1_451' title='bbox 1993 3328 2167 3377; x_wconf 88' lang='lat' dir='ltr'><strong>dicant</strong></span> <span class='ocrx_word' id='word_1_452' title='bbox 2195 3329 2249 3377; x_wconf 91' lang='lat' dir='ltr'><strong>in</strong></span> <span class='ocrx_word' id='word_1_453' title='bbox 2273 3330 2539 3388; x_wconf 84' lang='lat' dir='ltr'><strong>GentibuS‚</strong></span> <span class='ocrx_word' id='word_1_454' title='bbox 2558 3332 2666 3380; x_wconf 89' lang='lat' dir='ltr'><strong>Ubi</strong></span> 
     </span>
     <span class='ocr_line' id='line_1_99' title="bbox 1671 3391 2663 3452; baseline 0.004 -14"><span class='ocrx_word' id='word_1_455' title='bbox 1671 3393 1746 3438; x_wconf 88' lang='lat' dir='ltr'><strong>est</strong></span> <span class='ocrx_word' id='word_1_456' title='bbox 1765 3391 1897 3439; x_wconf 86' lang='lat' dir='ltr'><strong>Deus</strong></span> <span class='ocrx_word' id='word_1_457' title='bbox 1910 3394 2120 3439; x_wconf 67' lang='lat' dir='ltr'><strong>eorum?</strong></span> <span class='ocrx_word' id='word_1_458' title='bbox 2136 3397 2184 3439; x_wconf 93' lang='lat' dir='ltr'><strong>et</strong></span> <span class='ocrx_word' id='word_1_459' title='bbox 2199 3391 2478 3440; x_wconf 86' lang='lat' dir='ltr'><strong>innotescat</strong></span> <span class='ocrx_word' id='word_1_460' title='bbox 2494 3391 2549 3440; x_wconf 88' lang='lat' dir='ltr'><strong>in</strong></span> <span class='ocrx_word' id='word_1_461' title='bbox 2569 3407 2663 3452; x_wconf 53' lang='lat' dir='ltr'><strong>naf</strong></span> 
     </span>
     <span class='ocr_line' id='line_1_100' title="bbox 1670 3450 2496 3514; baseline 0.004 -16"><span class='ocrx_word' id='word_1_462' title='bbox 1670 3450 1892 3500; x_wconf 90' lang='lat' dir='ltr'><strong>tionibus</strong></span> <span class='ocrx_word' id='word_1_463' title='bbox 1913 3465 2083 3500; x_wconf 90' lang='lat' dir='ltr'><strong>coram</strong></span> <span class='ocrx_word' id='word_1_464' title='bbox 2105 3452 2261 3500; x_wconf 88' lang='lat' dir='ltr'><strong>oculis</strong></span> <span class='ocrx_word' id='word_1_465' title='bbox 2283 3453 2496 3514; x_wconf 92' lang='lat' dir='ltr'><strong>nostris,</strong></span> 
     </span>
    </p>

    <p class='ocr_par' dir='ltr' id='par_1_38' title="bbox 1669 3512 2661 3640">
     <span class='ocr_line' id='line_1_101' title="bbox 1731 3512 2656 3576; baseline 0.004 -15"><span class='ocrx_word' id='word_1_466' title='bbox 1731 3512 2411 3575; x_wconf 84' lang='lat' dir='ltr'><strong>Ultiosanguinisservorum</strong></span> <span class='ocrx_word' id='word_1_467' title='bbox 2428 3520 2656 3576; x_wconf 85' lang='lat' dir='ltr'><strong>tuorum,</strong></span> 
     </span>
     <span class='ocr_line' id='line_1_102' title="bbox 1669 3574 2661 3640; baseline 0.007 -18"><span class='ocrx_word' id='word_1_468' title='bbox 1669 3574 1759 3636; x_wconf 87' lang='lat' dir='ltr'><strong>qui</strong></span> <span class='ocrx_word' id='word_1_469' title='bbox 1774 3575 1964 3625; x_wconf 83' lang='lat' dir='ltr'><strong>effusus</strong></span> <span class='ocrx_word' id='word_1_470' title='bbox 1984 3582 2088 3626; x_wconf 86' lang='lat' dir='ltr'><strong>est:</strong></span> <span class='ocrx_word' id='word_1_471' title='bbox 2111 3576 2326 3627; x_wconf 74' lang='lat' dir='ltr'><strong>introeat</strong></span> <span class='ocrx_word' id='word_1_472' title='bbox 2342 3576 2397 3627; x_wconf 89' lang='lat' dir='ltr'><strong>in</strong></span> <span class='ocrx_word' id='word_1_473' title='bbox 2419 3591 2661 3640; x_wconf 86' lang='lat' dir='ltr'><strong>conspec-</strong></span> 
     </span>
    </p>
   </div>
  </div>
 </body>
</html>
