2910 4457
545 372 682 425 lxxii
1394 375 1469 411 nn
1496 372 1682 410 prum.
1794 333 1801 346 ¹
2293 346 2452 416 [Ann.
2479 364 2552 400 m·

622 513 689 566 In
717 512 806 565 Br.
832 507 1020 562 Heres.
1043 527 1055 558 :
1094 509 1126 535 “
1146 503 1285 556 Haec
1309 511 1415 554 ant.
1443 500 1643 552 dicitur
1673 512 1827 567 super
1851 495 1943 547 Ps.
1969 493 2292 561 Quicunque
2317 491 2559 544 omnibus

550 605 583 630 ‘⁴
609 598 820 652 D'aicis
833 613 932 666 per
953 609 1167 654 annum,
1184 590 1287 642 sive
1312 588 1374 640 de
1397 587 1554 639 Dom.
1575 585 1752 653 agitur
1773 584 1877 634 sive
1888 599 2010 645 non,
2029 578 2264 650 exceptd‘
2289 578 2405 647 Viq.
2426 577 2557 629 Nat.

552 694 585 718 “
611 687 746 740 D'ni
778 686 826 737 si
858 685 919 736 in
943 682 1099 733 Dom.
1127 676 1417 745 contiqerit,
1441 683 1492 726 et
1530 671 1752 742 exceptis
1774 669 1986 722 D'nicis
2009 686 2042 719 a
2079 666 2207 718 Nat.
2245 664 2378 718 D'ni
2402 682 2562 733 usque

552 780 583 804 ‘⁶
608 782 720 844 post
765 772 877 824 Oct.
922 766 1123 839 Epiph.
1166 773 1214 816 et
1249 782 1282 815 a
1320 761 1478 813 Dom.
1517 761 1576 812 in
1616 746 1866 810 Passione
1902 772 2060 823 usque
2092 761 2209 822 post
2246 751 2459 804 Festum
2496 750 2561 804 S.

555 864 586 889 “
621 859 791 921 Tria„
814 865 862 908 et
885 853 1108 924 exceptis
1140 845 1522 921 principalibus
1544 845 1708 914 festis
1737 852 1785 894 et
1815 859 1989 893 comm
2020 839 2225 902 octavis,
2247 838 2294 889 si
2318 839 2380 890 iu-
2403 837 2562 889 Dom.

554 950 587 976 “
615 945 942 1013 contiyerint,
965 950 1013 992 et
1024 938 1182 1009 sestis
1207 934 1268 988 S.
1296 930 1596 986 Michaelis.
1645 928 1773 981 Ant.
1800 927 2013 979 Gratias
2040 925 2140 978 διο.

630 1036 661 1061 “
690 1031 827 1084 Haec
849 1037 956 1080 ant.
984 1026 1062 1077 Te
1087 1025 1226 1094 jure.
1253 1021 1452 1073 dicitur
1483 1035 1634 1088 super
1667 1014 1757 1066 Ps.
1784 1013 2103 1081 Quicunque
2127 1009 2357 1079 infestis
2391 1007 2567 1078 dupli-

562 1126 595 1150 “
622 1119 800 1173 cibus&
822 1127 871 1170 et
893 1109 1321 1182 semiduplicibus
1344 1117 1392 1159 et
1424 1107 1484 1159 ix
1522 1104 1632 1156 lect.
1657 1121 1751 1172 per
1783 1119 1980 1154 annum
2003 1097 2239 1167 inferiis
2271 1097 2568 1165 continqen·

568 1209 601 1237 “
631 1205 784 1268 tibus,
809 1203 942 1254 etin
971 1190 1537 1252 commemorationibus
1570 1187 1961 1259 quibuscunque
1990 1185 2196 1254 quando
2232 1193 2424 1252 tempus
2458 1183 2570 1233 emi-

568 1298 600 1323 “
619 1293 755 1361 yerit
781 1288 983 1360 [an'am
1004 1286 1073 1338 ad
1098 1278 1443 1349 Quicunque]
1462 1280 1504 1341 ¹¹,
1529 1286 1577 1328 et
1592 1294 1691 1346 per
1713 1283 1910 1326 octavas
1936 1269 2298 1343 Apostolorum
2334 1269 2485 1323 Petri
2521 1279 2572 1321 et

569 1384 601 1409 “
629 1378 810 1441 Pauli,
833 1375 941 1428 nisi
971 1375 1032 1425 in
1055 1372 1242 1432 Dom.;
1275 1366 1497 1436 exceptis
1521 1363 1659 1433 dupl.
1685 1360 1842 1430 festis
1873 1367 1921 1410 et
1944 1355 2214 1426 semidupl.
2251 1366 2300 1407 et
2322 1356 2478 1425 festis
2508 1356 2573 1406 ia·

568 1471 600 1495 “
630 1465 740 1519 lect.
765 1481 798 1514 a
821 1462 906 1514 die
929 1460 1059 1514 Nat.
1083 1455 1219 1511 D'ni
1240 1471 1398 1522 usque
1412 1461 1531 1522 post
1562 1451 1674 1502 Oct.
1702 1446 1902 1517 Epipk.
1927 1455 1975 1496 et
1999 1464 2030 1497 a
2053 1445 2208 1497 Dom.
2241 1444 2302 1496 in
2328 1443 2576 1495 Passiom

570 1557 602 1581 “
628 1567 785 1620 usque
794 1557 913 1619 post
929 1546 985 1597 F
980 1547 1159 1597 estum¹
1184 1541 1336 1593 Trin.
1356 1534 1782 1604 continyentibus‚
1797 1543 1845 1586 et
1863 1531 2245 1602 eoeceptisfestis
2261 1528 2322 1582 S.
2338 1530 2577 1582 Michae—

572 1641 604 1666 “
630 1638 695 1688 lis
711 1644 772 1687 ut
788 1651 961 1703 supra.
1010 1630 1088 1682 Te
1103 1630 1224 1698 jure
1250 1625 1349 1679 διο.

648 1727 680 1751 “
696 1722 834 1772 Haec
856 1717 984 1770 Ant.
1013 1715 1198 1768 Gloria.
1222 1713 1319 1765 tibi
1344 1711 1596 1772 Trinitas,
1621 1708 1819 1760 dicitur
1839 1723 1994 1775 super
2011 1704 2101 1756 Ps.
2129 1703 2452 1772 Quicunque
2468 1711 2494 1745 k
2518 1704 2582 1755 in

578 1813 610 1838 “
624 1807 787 1878 seriis
812 1813 860 1856 et
882 1801 1112 1871 infestis
1134 1799 1204 1868 iij
1230 1797 1341 1849 lect.
1361 1794 1432 1848 et¹
1454 1797 1567 1848 sine
1579 1793 1827 1862 reyimine
1845 1792 1989 1844 chori
2003 1809 2102 1861 per
2123 1808 2336 1855 annum,
2359 1791 2585 1859 exceptis

579 1900 610 1924 “
647 1894 759 1961 Viq.
784 1891 963 1943 Nativ.
991 1886 1127 1941 D'ni
1162 1894 1210 1936 et
1222 1885 1384 1954 feriis
1406 1892 1457 1934 et
1469 1882 1626 1951 festis
1650 1881 1720 1950 iij
1741 1881 1850 1932 lect.
1876 1897 1909 1930 a
1932 1878 2111 1930 Nativ.
2137 1894 2294 1945 usque
2319 1886 2438 1946 post
2468 1875 2584 1928 Oct.

582 1985 615 2009 “
642 1976 843 2049 Epipk.
867 1985 917 2027 et
939 1992 972 2025 a
995 1973 1153 2027 Dom.
1183 1969 1452 2022 Passionis
1483 1985 1640 2036 usque
1666 1976 1784 2037 post
1819 1965 2030 2016 Festum
2060 1963 2242 2025 Triu.‚·
2281 1973 2330 2014 et
2363 1963 2587 2034 exceptis

584 2071 615 2096 “
648 2066 760 2118 Oct.
789 2062 850 2116 S.
884 2058 1180 2113 Ethelberti
1204 2066 1252 2109 et
1276 2053 1515 2108 omnibus
1537 2052 1662 2105 aliis
1687 2062 1780 2104 oct.
1806 2049 2098 2103 solennibus
2127 2052 2198 2120 [v.
2223 2047 2404 2115 infra]‚
2427 2059 2475 2101 et
2498 2067 2588 2101 ea·-

587 2158 618 2183 “
647 2152 805 2222 ceptis
829 2141 1392 2202 commemorationibus
1403 2141 1535 2211 festi
1557 2139 1657 2191 loci
1681 2148 1729 2190 et
1746 2139 1814 2191 B.
1841 2138 2056 2189 Μανία.
2098 2135 2227 2188 Ant.
2250 2136 2433 2189 Gloria
2458 2136 2589 2188 &c.''

660 2240 722 2292 P.
746 2242 818 2290 22
841 2254 888 2290 a.
917 2235 986 2288 In
1018 2234 1127 2287 Off.
1153 2231 1307 2285 Rom.
1346 2230 1479 2297 Cap.
1506 2231 1538 2257 “
1558 2225 1693 2297 Regi
1728 2224 1858 2279 &c.'’
1889 2223 2080 2277 dicitur
2113 2225 2171 2276 in
2208 2223 2452 2277 omnibus
2490 2222 2593 2277 fes-

587 2326 948 2380 tia—Contra
985 2323 1043 2374 in
1081 2319 1173 2372 Br.
1220 2318 1383 2370 Ebor.
1424 2315 1559 2383 Cap.
1596 2318 1628 2342 “
1644 2312 1778 2365 D'ne
1813 2313 1932 2365 mis.
1976 2312 2104 2364 &c.'’
2148 2311 2344 2363 dicitur
2381 2319 2492 2363 tam
2533 2312 2593 2363 in

593 2410 891 2465 Dominicis
914 2415 969 2460 et
989 2407 1135 2459 festis
1156 2404 1318 2473 quam
1342 2404 1400 2455 in
1421 2402 1580 2454 feriis.

664 2498 732 2550 In
758 2495 851 2548 Br.
878 2492 1062 2546 Heres.
1088 2500 1272 2544 autem
1296 2490 1546 2558 capitula
1570 2495 1724 2541 sunt:

659 2648 676 2679 f
708 2648 857 2697 Liber
875 2646 1142 2708 impressus
1163 2646 1377 2704 exceptis.

662 2732 686 2762 ⁸
721 2731 836 2778 Non
856 2728 1176 2777 includuntur
1196 2726 1319 2773 festa
1331 2726 1619 2785 principalia
1644 2720 1711 2783 (v.
1748 2719 1933 2783 supra).
1988 2720 2065 2768 De
2094 2720 2171 2767 his
2202 2725 2367 2767 autem
2396 2717 2601 2765 distinc-

596 2813 808 2861 tionibus
830 2810 970 2874 plura
990 2808 1205 2871 posthac.

665 2896 691 2929 ¹¹
727 2892 768 2940 I.
804 2907 844 2939 e.
880 2898 1013 2938 extra
1046 2897 1220 2950 tempas
1250 2889 1475 2935 Pas-chale
1519 2885 1587 2948 (v.
1619 2901 1667 2948 p.
1702 2882 1794 2945 xi).
1864 2883 1924 2930 In
1958 2884 2090 2931 omni
2120 2890 2284 2931 autem
2315 2881 2491 2929 Officio
2525 2881 2608 2942 (ut

601 2972 814 3033 videtur)
839 2971 917 3017 his
939 2970 1095 3017 tribus
1124 2967 1437 3031 paragraphis
1470 2967 1682 3025 excluso,
1713 2972 2038 3029 praeterquam
2067 2965 2118 3011 in
2148 2964 2289 3011 hebd.
2322 2963 2526 3011 Paschae
2558 2969 2610 3010 et

604 3054 785 3102 Triduo
801 3049 1100 3114 praecedente
1123 3048 1193 3109 (v.
1215 3064 1261 3110 p.
1286 3048 1419 3095 xviii.
1442 3063 1605 3110 parag.
1634 3050 1676 3105 1,
1694 3064 1794 3095 cum
1815 3049 1938 3094 Add.
1963 3053 2009 3093 et
2035 3044 2204 3105 Com),
2220 3048 2410 3093 “omnes
2431 3045 2612 3091 Psalmi

605 3138 689 3183 sub
705 3137 805 3187 ,und
829 3134 973 3180 an’d’'
1010 3130 1307 3178 dicebantur.

668 3216 681 3247 ¹
715 3216 996 3266 Dicendum
1016 3220 1132 3271 erat,
1155 3220 1212 3260 ut
1233 3229 1260 3260 e
1282 3214 1363 3262 Pr.
1388 3214 1448 3261 de
1479 3213 1534 3261 T.
1559 3213 1765 3270 videtur,
1791 3215 1935 3273 “post
1961 3213 2154 3258 Octavas
2190 3210 2378 3257 Trin.”:
2415 3224 2526 3271 quae
2557 3209 2612 3256 in

608 3300 690 3352 Br.
717 3296 881 3345 Heres.
903 3299 1103 3343 solennes
1125 3299 1252 3342 sunt.

674 3379 697 3410 Ι*
734 3380 796 3427 In
815 3378 939 3425 libro
960 3377 1193 3439 impresso
1217 3374 1396 3423 excidit
1418 3376 1450 3401 “
1471 3374 1817 3436 Quicunque”‚
1839 3371 2004 3419 relicto
2026 3370 2179 3433 spatio
2202 3369 2325 3416 albo.

674 3459 687 3492 ¹
720 3459 904 3511 Turbat
923 3457 1087 3521 potius
1110 3460 1258 3518 quam
1282 3456 1494 3518 explicat
1515 3470 1712 3503 sensum
1736 3452 2010 3514 conjunctio
2031 3452 2152 3500 haec.
