2910 4457
220 342 416 416 com]
980 362 1055 400 nn
1079 364 1480 403 courmromo.
2018 352 2222 403 lxxxvii

290 490 350 542 P.
380 493 482 542 101
510 490 722 541 b—-102
751 490 802 540 b.
831 488 1035 557 Compl.
1061 489 1246 560 ἦρ’-α]
1289 489 1355 543 In
1391 489 1496 543 off.
1535 490 1714 555 Ebot„
1736 509 1770 544 a
1792 491 1916 561 vig.
1944 491 2072 545 Nat.
2100 492 2223 545 D’ni

218 574 490 639 inclusive,
512 576 803 627 “continue
820 593 978 644 usque
999 576 1068 627 ad
1091 577 1203 628 Oct.
1224 577 1426 647 Epiph.
1447 576 1734 648 completas,
1753 579 1909 630 etiam
1930 578 1994 647 [i.
2006 596 2050 631 e.
2070 576 2142 646 et]
2163 580 2224 632 in

218 661 359 713 Festo
384 661 574 730 Puris.
601 661 668 712 Β.
693 660 772 711 M
768 660 1251 730 .''‚—praeterquam
1275 662 1416 731 quod
1439 665 1497 716 in
1519 663 1625 716 hoc
1650 664 1798 728 sesto,
1821 666 1865 718 si
1896 665 2037 718 infra
2060 664 2222 718 LXX

214 750 459 810 evenerit,
485 746 845 800 omittendum
877 758 956 802 est
985 746 1213 815 Alleluia
1225 755 1345 812 ¹’‚—
1361 748 1516 812 An'ae,
1545 749 1811 818 Hymnus,
1836 758 1889 803 et
1922 751 2224 807 Versiculus

218 842 339 886 sunt
361 842 678 902 sequentes:

282 924 324 970 l.
373 921 506 971 Ant.
548 935 707 988 super
754 918 1016 973 Psalmos:
1064 924 1097 951 ‘⁴
1117 919 1351 973 Verbum
1395 937 1518 973 caro
1565 920 1768 974 factum
1817 930 1912 986 est,
1959 924 2183 993 Alleluja
2205 949 2217 975 :

213 1014 263 1056 et
282 1005 548 1058 habitavit
570 1007 627 1056 in
649 1005 817 1069 nobiS,
843 1006 1020 1059 All’a.''
1047 1006 1137 1073 (cf.
1169 1004 1370 1075 Compl.
1396 1005 1510 1076 ἰῇ.)

277 1095 324 1142 2.
352 1090 616 1161 Hymnus
639 1090 736 1162 (cf.
765 1091 871 1144 Off.
899 1092 1082 1146 Heres.
1108 1093 1178 1146 ad
1203 1092 1396 1156 Horas,
1422 1094 1514 1145 ubi
1537 1092 1719 1162 infra.):

216 1233 361 1280 Corde
380 1239 534 1280 natus
557 1247 619 1279 ex
641 1232 862 1279 Parentis
1248 1232 1434 1279 Psallat
1457 1232 1662 1280 altitudo
1686 1233 1815 1289 coeli,

270 1315 398 1362 Ante
420 1313 603 1362 mundi
623 1314 892 1371 exordium,
1318 1313 1541 1361 Psallant
1562 1329 1731 1361 omnes
1752 1315 1926 1376 angeli,

213 1395 363 1457 Alpha
377 1402 427 1443 et
447 1396 493 1442 O
510 1399 541 1429 ⁴*
568 1395 957 1456 cognominatuS,
1251 1393 1504 1456 Quicquid
1525 1399 1599 1441 est
1620 1394 1813 1442 virtutis
1836 1407 1993 1456 usque

270 1474 381 1537 Ipse
400 1476 511 1522 fons
535 1480 588 1521 et
609 1473 831 1520 clausula
1307 1473 1495 1520 Psallat
1516 1473 1568 1519 in
1589 1473 1790 1520 laudem
1815 1473 1942 1520 Dei:

212 1553 437 1602 Omnium
462 1570 580 1617 quae
607 1558 735 1610 sunt,
758 1553 970 1612 fuerunt,
1256 1552 1412 1600 Nulla
1431 1553 1712 1614 linguarum
1733 1552 1927 1599 silescat

271 1635 493 1697 Quaeque
517 1640 633 1697 post
652 1633 820 1681 futura
841 1641 969 1691 sunt,
1312 1632 1437 1690 Vox,
1464 1639 1513 1680 et
1532 1633 1723 1692 omnis§
1749 1636 1993 1689 consonet,

271 1715 578 1764 Saeeulorum
600 1715 809 1763 saeculis.
923 1707 933 1720 ⁸
1311 1714 1615 1762 Saeeulorum
1633 1713 1845 1761 saeculis.

217 1820 338 1869 Ecce
359 1838 509 1884 quem
532 1826 670 1868 vates
690 1820 895 1867 vetustis
1244 1819 1316 1868 Te
1337 1835 1476 1867 senes
1488 1823 1526 1881 Π,
1551 1826 1599 1867 et
1622 1827 1668 1867 te
1684 1820 1933 1881 juventus,

275 1901 610 1949 Concinebant
631 1900 842 1956 saeculis,
1313 1899 1634 1951 Parvulorum
1656 1906 1703 1948 te
1723 1901 1912 1960 chorus,

213 1977 366 2027 Quem
380 1981 736 2044 prophetarum
758 1978 925 2026 fideles
1242 1979 1408 2026 Turba
1427 1986 1643 2026 matrum
1665 1981 2020 2044 virginumque,

270 2058 461 2122 Paginae
485 2060 865 2122 spoponderant,
1310 2058 1567 2120 Simplices
1589 2059 1840 2119 puellulae,

215 2136 398 2186 Emicat
415 2138 693 2202 promissus
713 2139 848 2195 olim,
1245 2136 1382 2184 Voce
1405 2138 1664 2184 concordes
1687 2139 1879 2199 pudicis

269 2219 451 2269 Cuncta
470 2219 758 2270 collaudent
781 2220 931 2278 Deus,
946 2220 976 2278 ἦ·
1305 2217 1617 2280 Perstrepent
1637 2219 1969 2276 concentibus,

271 2301 572 2350 Saeculorum
594 2300 804 2349 saeculis.
1016 2315 1017 2320 ¹
1304 2292 1609 2347 Saeculorum
1633 2298 1866 2347 saeculis.‘

214 2402 256 2448 Ο
275 2404 436 2453 beatus
456 2412 599 2453 ortus
618 2404 720 2461 ille,
1240 2401 1353 2451 Tibi
1373 2403 1565 2450 Christe
1590 2403 1653 2450 sit
1674 2418 1789 2450 cum
1811 2404 1957 2452 Patre

272 2484 414 2547 Vstgo
434 2488 592 2545 cnmss
615 2499 855 2546 puerpera
1305 2483 1610 2545 Agiosquefff
1638 2485 1839 2546 Spiritu,

213 2561 367 2611 Edidit
386 2575 608 2614 nostram
631 2565 858 2621 salutem,
1235 2565 1484 2628 Hymnus,
1507 2566 1676 2622 melos,
1697 2566 1806 2613 laus
1829 2567 2072 2629 perennis,

276 2644 406 2693 Foeta
426 2647 609 2694 Sancto
633 2645 836 2707 Spiritu,
1306 2645 1593 2692 Gratiarum
1616 2646 1760 2702 actio,

216 2721 279 2769 Et
298 2723 419 2772 Puer
441 2726 746 2787 Redemptor
765 2724 894 2772 orbis
1243 2724 1428 2780 Honor,
1451 2725 1621 2781 virtus,
1645 2730 1694 2771 et
1710 2726 1758 2786 ἿῘ
1783 2724 1999 2783 victoria,

275 2803 339 2849 Os
358 2812 603 2853 sacratum
622 2803 842 2866 protulit,
1305 2804 1539 2865 Regnum
1563 2804 1867 2860 aeternaliter,

277 2882 575 2932 Saeculorum
600 2883 815 2931 saeculis.
1311 2882 1616 2932 Saeculorum
1641 2883 1849 2932 saeculis.

504 3025 530 3049 ὓ
559 3023 614 3061 V.
633 3034 676 3071 p.
694 3022 805 3060 lxix.
1041 3023 1062 3066 t
1089 3023 1142 3063 V.
1160 3035 1203 3072 p.
1219 3024 1356 3063 lxxvi.
1600 3024 1621 3069 τ
1648 3022 1699 3062 V.
1718 3034 1760 3072 p.
1778 3023 1898 3063 lxxv.

507 3094 526 3135 ι
555 3091 608 3130 v.
626 3102 670 3139 p.
687 3089 826 3128 lxxvi.
1043 3093 1060 3137 u
1091 3091 1201 3141 κιρ.
1219 3092 1371 3131 lxxvii.
1574 3091 1610 3137 «π
1627 3091 1663 3137 «π
1690 3091 1929 3141 v.p.1xix.

277 3198 325 3245 3.
347 3200 414 3253 Ἠ.
440 3196 772 3250 Benedictus
794 3197 887 3265 qui
905 3199 1048 3251 venit
1070 3199 1127 3250 in
1146 3199 1357 3251 nomine
1378 3199 1523 3252 D'ni.
1542 3201 1615 3254 R.
1644 3199 1793 3252 Deus
1820 3198 1950 3253 D'ns
1969 3208 2023 3255 et
2040 3202 2219 3256 illuxit

223 3280 377 3334 nobis.
405 3281 513 3350 (Ps.
545 3288 679 3345 11'7;
713 3287 803 3346 24,
826 3287 895 3335 25
919 3305 930 3335 ε
967 3301 1019 3353 p.
1053 3289 1117 3337 19
1140 3285 1215 3352 b.)
1907 3283 1910 3286 ¹

299 3439 322 3467 ν
347 3432 464 3474 Intra
479 3434 608 3482 Lxx,
627 3436 657 3474 i.
678 3446 717 3474 e.
734 3434 846 3475 inter
860 3435 970 3475 Lxx
987 3440 1032 3475 et
1048 3436 1227 3483 Pascha,
1245 3446 1331 3475 non
1347 3436 1503 3476 dicitur
1518 3438 1707 3487 Altam
1723 3436 1769 3476 in
1786 3438 1934 3488 quovis
1951 3437 2115 3479 officio.

1175 3517 1197 3555 1
1218 3505 1255 3555 2
