2910 4457
178 347 261 399 An
280 349 310 410 ὃ
331 346 441 412 115)
848 363 1052 403 nonme
1081 363 1289 403 nosram.
1314 363 1364 403 m
1389 364 1632 405 Anvmwu.
2164 348 2320 436 xlvij

181 497 281 548 “ad
312 497 442 548 alias
473 494 649 548 Horas
679 495 869 548 dicitur
893 498 1012 549 Aue
1042 498 1239 562 Maria3
1275 514 1368 564 que
1403 497 1462 549 in
1500 497 1713 563 Capella
1735 495 1979 549 dicantur
2011 513 2105 564 que
2135 498 2325 549 elicitur

182 579 416 631 “Salua.''
1403 601 1406 604 ·

269 664 372 714 Ubi
395 664 556 716 verba
578 664 762 714 ultima
795 664 862 715 ad
884 665 1051 730 ipsam
1077 662 1370 714 Ecclesiam
1398 663 1835 715 Sarisburiensem
1854 670 2119 730 spectant3
2143 666 2197 715 in
2223 681 2326 730 qua

175 746 460 810 sciliceu—
472 753 531 798 ut
545 747 750 798 rubrica
768 763 1011 813 sequens,
1031 761 1185 811 quam
1208 762 1272 795 ex
1282 746 1486 796 Missali
1499 746 1875 798 Sarisburiensi
1894 749 2159 812 exscripsi,
2178 765 2323 798 mon-

175 835 388 894 strat‚—
407 830 622 896 Capella
639 828 773 880 D'fiae
789 831 990 880 Nostrae
1011 829 1232 880 “Salva''
1258 826 1337 896 (in
1356 829 1706 880 declinatione
1723 831 1904 895 prima,
1928 831 2031 880 nisi
2048 831 2326 898 legendum

178 911 411 979 “Salve'')
448 913 513 964 ab
536 914 700 963 Missa
722 913 913 963 ibidem
943 912 1163 963 dicenda
1184 911 1498 976 vocabatur3
1527 941 1592 951 -—
1621 929 1735 977 quae
1773 920 1823 964 et
1856 915 1971 980 ipsa
2006 914 2071 964 ab
2105 913 2326 964 Introitu

177 995 399 1062 “(Salve‚
417 1003 599 1047 sancta
616 995 851 1062 parens”,
870 995 1000 1064 &c.)‚
1025 998 1115 1062 qui
1138 1013 1169 1046 a
1185 996 1553 1047 Purificatione
1571 1011 1736 1061 usque
1756 995 1822 1045 ad
1838 995 2138 1047 Adventum
2154 997 2208 1045 in
2225 1013 2326 1048 usu

175 1085 296 1142 erat,
316 1095 506 1128 nomen
526 1076 682 1129 Salve
698 1078 938 1130 habebat.

276 1160 586 1211 “Ordinatio
605 1160 773 1211 Missae
798 1160 1121 1222 Quotidianae
1139 1160 1315 1212 Beatae
1333 1159 1520 1211 Μανία»
1551 1159 1777 1227 Virginis
1804 1177 1914 1226 quae
1932 1160 2124 1212 dicitur
2150 1162 2326 1213 Salve.

178 1242 416 1294 “Pulsato
434 1243 507 1294 ad
525 1243 734 1293 Missam
750 1243 925 1294 Beatae
944 1243 1142 1306 Μανία,
1167 1244 1471 1294 conveniant
1494 1244 1683 1294 Clerici
1704 1244 1776 1295 acl
1799 1243 2013 1294 eandem
2022 1261 2125 1309 per
2141 1245 2324 1296 hebdo-

178 1326 404 1376 ‘⁸madam
420 1326 680 1391 deputati3
706 1326 805 1391 qui,
824 1326 973 1376 dictis
980 1326 1135 1391 prius
1152 1326 1312 1376 Horis
1330 1326 1507 1377 Beatae
1537 1325 1762 1391 Virqinis
1777 1326 1835 1376 in
1860 1325 2072 1392 Capella
2089 1328 2324 1393 ejzaedem,

176 1408 432 1460 “videlicet
465 1407 663 1470 Prima,
707 1407 895 1470 Tertia,
933 1406 1108 1471 Semta,
1145 1416 1192 1458 et
1225 1407 1395 1472 Nona,
1431 1408 1644 1458 Musam
1677 1408 1955 1459 solenniter
1992 1418 2324 1475 exequantur.

178 1490 316 1542 “Hoc
341 1492 540 1555 addito,
568 1491 704 1557 quod
726 1491 784 1540 in
799 1491 1082 1555 inceptione
1101 1491 1362 1558 cujuslibet
1378 1490 1540 1541 Horae
1567 1489 1617 1557 [i.
1637 1508 1677 1542 e.
1696 1490 2089 1558 uniuscujusque
2116 1508 2325 1556 emprae-

178 1575 350 1626 “dictis
376 1573 557 1640 Horis]
595 1573 786 1624 dicitur
813 1571 1070 1624 Salutatio
1089 1573 1354 1641 Anqelica,
1382 1575 1571 1626 scilicet
1588 1575 1701 1625 Ave
1726 1575 1908 1624 Maria.
1924 1575 2325 1642 qenuflectendO,

178 1658 289 1709 “cub
306 1657 556 1710 cilentio?

266 1743 395 1791 Post
414 1757 546 1806 quae,
564 1741 744 1805 paucis
761 1740 1062 1804 interjectis,
1081 1746 1392 1805 sequuntur:

271 1825 605 1877 “Celebratur
631 1824 780 1875 etiam
804 1823 964 1874 Missa
990 1823 1165 1874 Beatae
1196 1823 1421 1890 Virginis
1444 1824 1723 1876 solenniter
1750 1824 1888 1875 omni
1913 1825 1998 1877 die
2018 1840 2115 1890 per
2131 1840 2325 1874 annum

178 1909 260 1960 “in
283 1909 497 1975 Capella
514 1907 748 1974 ejusdem,
768 1907 869 1957 nisi
887 1906 1080 1956 duobus
1096 1906 1271 1957 diebus
1277 1907 1535 1972 proximis
1553 1916 1672 1959 ante
1691 1906 1940 1958 Pascha.''

268 1993 488 2055 Quoties
516 1998 688 2041 autem
716 1990 990 2040 Servitium
1016 1988 1151 2039 Dfiae
1180 1991 1384 2040 Nostrae
1409 1988 1688 2040 Servitium
1712 1990 1837 2040 Diei
1862 1996 1987 2052 erat,
2015 1992 2179 2042 Missa
2204 1991 2327 2041 Diei

177 2075 236 2125 de
260 2093 318 2126 ea
333 2077 389 2127 in
407 2077 567 2127 choro
589 2074 880 2135 dicebatur3
903 2072 1044 2122 unde
1063 2072 1246 2123 diebus
1263 2072 1368 2122 illis
1388 2073 1519 2123 duas
1544 2073 1607 2122 de
1625 2088 1688 2122 ea
1708 2073 1916 2136 Missas,
1940 2075 1995 2123 iu
2015 2074 2173 2124 choro
2199 2073 2325 2124 alte-

176 2175 296 2223 ram,
313 2161 531 2210 alteram
546 2159 602 2208 in
620 2172 779 2223 supra
794 2161 1079 2206 memorata
1096 2154 1325 2220 Capella,
1346 2156 1510 2206 dictas
1528 2156 1691 2206 fuisse
1709 2156 1963 2207 videmus.

270 2245 349 2293 De
371 2243 472 2294 hac
496 2247 668 2292 autem
689 2241 867 2303 Missa,
902 2255 1002 2290 nec
1023 2240 1196 2290 minus
1222 2239 1285 2289 de
1311 2240 1486 2290 Officii
1508 2241 1666 2290 Parvi
1687 2241 1863 2290 Prima
1886 2245 1937 2290 et
1959 2242 2119 2292 Horis
2144 2243 2325 2293 Brevi-

176 2325 287 2390 buS,
318 2327 548 2393 loquitur
571 2325 779 2376 rubrica
802 2339 1055 2389 sequens;
1089 2339 1204 2389 quae
1237 2324 1292 2373 in
1316 2323 1359 2374 L
1391 2324 1528 2375 inter
1563 2323 1657 2373 has
1691 2328 1741 2373 et
1774 2323 1918 2374 illam
1941 2324 2139 2374 Horam
2164 2324 2234 2389 (v.
2259 2324 2326 2374 ad

178 2412 206 2470 ὅ
231 2410 343 2474 120)
366 2411 583 2477 legitur:
631 2452 632 2455 ,

274 2492 374 2542 “Et
406 2491 668 2542 sciendum
700 2498 771 2541 eet
803 2490 938 2556 quod
968 2489 1203 2556 quociens
1236 2488 1340 2540 drzr
1376 2487 1521 2553 Veep.
1565 2497 1612 2541 et
1643 2488 1798 2541 Mat'e
1832 2490 1896 2541 de
1931 2488 2125 2540 Sancta
2149 2489 2327 2540 Maria

181 2573 267 2641 “[2]
268 2575 542 2640 ferialiter
565 2574 622 2622 in
646 2582 907 2637 conventu,
941 2574 1128 2626 tociens
1159 2554 1283 2643 [ἦρι
1319 2573 1420 2623 alie
1450 2572 1598 2623 Hore
1632 2572 1869 2634 eiusdem,
1895 2581 2076 2637 preter
2118 2571 2324 2636 Compl.,

181 2656 307 2708 “amr
333 2638 532 2727 [?]ante
556 2656 945 2707 celebracionem
967 2656 1120 2707 Misce
1144 2657 1305 2707 Beate
1328 2655 1499 2706 spiarie
1521 2656 1579 2705 in
1602 2654 1823 2706 eiusdem
1852 2653 2113 2719 Capella.''

272 2757 716 2819 Quemadmodum
739 2772 863 2806 vero
887 2755 1236 2822 praecedentia
1265 2754 1336 2820 (v.
1356 2771 1406 2820 p.
1425 2755 1604 2821 xxxv),
1635 2755 1713 2804 sic
1742 2760 1793 2804 et
1814 2752 1949 2804 Dfiae
1979 2754 2179 2805 Nostrae
2198 2752 2324 2803 Offi-

178 2840 269 2903 cia,
292 2840 382 2891 ubi
412 2857 545 2907 opus
572 2846 695 2903 erat,
717 2841 852 2889 inter
875 2839 1097 2888 uncinos
1123 2837 1396 2904 complevi.

270 2923 330 2973 In
358 2925 402 2973 L
422 2929 611 2986 autem,
640 2929 699 2973 ut
717 2937 874 2987 supra
900 2920 989 2987 (ad
1013 2922 1044 2981 ἓ
1072 2921 1184 2985 106)
1212 2921 1333 2983 dixi,
1365 2920 1555 2970 Officia
1577 2920 1705 2983 haec,
1736 2920 2021 2971 secundum
2047 2921 2171 2971 anni
2203 2921 2326 2970 diei-

179 3020 273 3071 que
298 3007 620 3069 varietatem,
649 3004 705 3053 in
724 3006 881 3055 variis
899 3005 1105 3071 Proprii
1129 3004 1193 3054 de
1214 3006 1470 3070 Tempore
1487 3004 1622 3054 locis
1648 3004 1916 3054 docentur.
1945 3002 2047 3069 Sic,
2074 3021 2118 3055 e.
2137 3023 2188 3071 g.
2207 3010 2327 3071 post

176 3088 430 3156 Vesperas
463 3103 579 3153 quae
607 3089 786 3154 primae
816 3088 878 3138 de
908 3087 1156 3137 Adventu
1179 3088 1293 3153 ipso
1320 3087 1577 3150 dicuntur,
1602 3086 1695 3137 ubi
1711 3088 1765 3136 in
1784 3087 1881 3137 Ed.
1906 3093 2085 3137 nostra
2103 3087 2207 3151 (Pr.
2228 3089 2256 3136 3
2276 3086 2326 3150 b)

178 3171 288 3222 duae
312 3172 375 3222 de
399 3173 643 3237 Deiparae
666 3172 897 3236 Virginis
921 3171 1167 3237 Vesperis
1191 3171 1375 3220 Parvis
1400 3170 1821 3221 Adventualibus
1855 3171 2088 3231 rubricae,
2113 3175 2163 3220 et
2188 3170 2327 3218 eimi-

176 3254 291 3305 liter
323 3260 446 3321 post
481 3254 889 3321 completorium
926 3254 989 3304 de
1024 3254 1286 3316 Adventu,
1325 3252 1413 3304 ubi
1444 3255 1499 3302 in
1533 3254 1631 3303 Ed.
1660 3259 1840 3303 nostra
1875 3252 1979 3317 (Pr.
2003 3255 2034 3300 4
2057 3253 2110 3317 a)
2134 3267 2242 3301 una
2265 3251 2327 3300 de

178 3338 406 3402 ejusdem
426 3339 778 3406 Completorio
796 3339 968 3388 Parvo
988 3336 1305 3387 Adventuali
1323 3337 1546 3399 rubrica,
1572 3337 1646 3387 ibi
1665 3337 1719 3385 in
1740 3337 1783 3385 L
1803 3335 1992 3385 Officia
2009 3337 2125 3400 ipsa
2145 3334 2328 3398 (quan-

177 3426 282 3470 tum
313 3418 415 3472 ho'c
450 3422 513 3472 de
535 3428 642 3472 tam
662 3421 890 3474 breviter
912 3421 1153 3472 indicatis
1190 3420 1490 3471 Officiorum
1516 3419 1800 3471 Ordinibus
1838 3419 1940 3469 dici
1964 3414 2156 3484 potest)
2180 3415 2327 3463 inve-

177 3504 401 3555 niuntur.

275 3589 377 3639 Sed
406 3594 458 3638 et
492 3589 546 3638 in
576 3589 807 3639 Praefixis
843 3586 886 3636 L
918 3584 991 3653 (v.
1027 3586 1094 3636 ad
1130 3591 1159 3651 ς
1187 3585 1274 3655 93)
1302 3587 1580 3637 Lectiones
1615 3586 1906 3652 plerasque,
1944 3600 2058 3634 cum
2092 3581 2328 3633 formulis

182 3672 506 3737 quibusdam,
526 3690 635 3737 quae
654 3675 708 3723 in
731 3674 814 3723 his
837 3672 1038 3724 Officiis
1058 3672 1299 3721 dicuntur
1316 3672 1582 3722 habemUS.
1607 3670 1830 3732 Etenim,
1849 3673 2033 3734 praeter
2050 3666 2327 3716 Lectiones

179 3755 241 3807 de
259 3757 449 3821 quibus
471 3758 534 3807 ad
554 3760 584 3820 ἓ
608 3742 696 3809 107
719 3757 842 3822 dixi,
873 3773 1089 3823 quarum
1107 3772 1227 3822 pars
1261 3755 1332 3821 (v.
1356 3755 1421 3805 ad
1446 3757 1476 3817 ἓ
1499 3754 1612 3818 148)
1642 3753 1850 3820 paginis
1869 3755 1927 3803 21
1947 3781 2014 3790 —
2033 3755 2093 3803 23
2111 3753 2330 3817 repetita

145 4204 494 4334 M,
729 4283 732 4289 ,
