2910 4457
511 375 624 464 viij
1150 392 1200 432 n«
1226 391 1465 434 contuse
1488 391 1632 434 ustus
1656 391 1891 434 mmm
2316 375 2411 427 An
2430 378 2463 442 s
2484 380 2687 430 26—29

613 539 898 589 manna
914 531 1035 600 Dei]
1061 533 1233 599 Huius
1254 532 1438 601 hymni
1459 537 1619 602 typus
1641 534 1892 586 metricus
1914 531 2052 584 idem
2076 536 2159 583 est
2182 533 2273 598 qui
2297 535 2352 584 in
2373 534 2443 596 ἐς
2462 539 2511 600 2,
2532 537 2583 601 5,
2603 541 2693 600 21;

516 626 678 680 Ῑοωό.
701 624 840 676 Dim.
864 625 1009 676 Aeac.
1067 624 1273 676 Similes
1296 632 1471 676 sutem
1490 640 1737 676 versuum
1757 625 2149 676 terminationes
2173 622 2344 675 lector
2364 625 2488 692 ipse
2526 634 2693 678 notet.

613 707 921 775 triumphas]
952 710 1056 771 Sic,
1092 724 1211 760 cum
1236 708 1389 759 BreV.
1413 710 1579 773 Rom„
1604 737 1672 748 —
1697 708 1753 759 in
1784 725 1891 775 quo
1915 708 2055 760 idem
2081 708 2329 775 hymnus,
2358 709 2697 775 aliquantum

515 800 744 847 mutatus
757 791 806 855 *‚
833 793 890 843 in
913 791 1181 843 Laudibus
1207 791 1486 855 invenitur,
1503 818 1570 828 —
1591 790 1842 844 librorum
1866 806 2101 845 meorum
2127 792 2448 858 scripturam
2476 793 2695 843 “trium-

516 875 717 945 phane’
741 875 959 926 correxi.

615 964 655 1035 β
682 962 838 1035 2⁷.)
863 953 1160 1043 Αυιετο]
1191 966 1292 1016 Pro
1327 965 1429 1016 hac
1461 970 1515 1016 et
1547 965 1796 1018 Oratione
1830 970 2098 1032 sequente,
2132 966 2188 1015 in
2222 964 2268 1015 L
2297 979 2466 1016 unam
2492 972 2699 1017 tantum

518 1059 796 1111 habemus:
817 1057 1047 1109 “Adesto
1066 1056 1186 1108 Dfie
1204 1056 1683 1124 supplicacionibus
1703 1058 1915 1121 nostris,
1937 1063 1998 1107 ut
2013 1057 2104 1122 qui
2120 1072 2186 1106 ex
2201 1057 2492 1122 iniquitate
2515 1065 2697 1110 nostra

522 1156 652 1194 “nos
671 1157 790 1193 reos
817 1157 933 1192 esse
961 1143 1346 1209 cognoscimus,
1373 1141 1515 1193 beati
1541 1142 1605 1193 N.
1631 1141 1861 1192 Martiris
1885 1141 1965 1191 tui
1990 1141 2375 1193 intercessione
2392 1141 2699 1194 liberemur.

525 1227 654 1277 “Per
672 1224 812 1276 Diim
833 1222 996 1291 [aec.]”

620 1308 748 1360 Alia
773 1306 988 1374 Oratim]
1021 1307 1329 1374 Ubicunque
1356 1307 1532 1374 plures
1559 1309 1839 1360 Orationes
1866 1307 2050 1359 alioeve
2074 1307 2311 1360 formula
2334 1311 2399 1360 in
2427 1310 2700 1363 Communi

522 1392 877 1454 inveniuntur,
905 1407 1141 1457 quaenam
1172 1393 1227 1442 in
1251 1407 1571 1457 unoquoque
1598 1392 1860 1458 propriam
1889 1407 1996 1441 non
2023 1390 2252 1442 habente
2286 1392 2431 1442 festo
2471 1392 2698 1444 dicenda

523 1478 606 1539 sit,
633 1477 691 1528 in
721 1473 951 1542 Proprie
977 1474 1043 1527 do
1078 1473 1284 1526 Sanctis
1310 1474 1670 1540 qwrendm;
1695 1474 1787 1526 ubi
1814 1475 1861 1524 si
1883 1474 2015 1525 nihil
2036 1474 2257 1538 dicatur,
2279 1489 2462 1539 neque
2482 1475 2696 1527 aliunde

523 1558 868 1610 distinctionis
891 1558 1185 1608 innotescat
1206 1558 1308 1619 lex,
1332 1557 1520 1608 electio
1544 1573 1637 1623 pro
1662 1557 1829 1608 libera
1849 1556 2031 1608 haberi
2051 1563 2240 1622 potest.

621 1642 798 1692 inuno
816 1638 917 1706 die]
945 1641 1032 1691 Sic
1058 1640 1241 1691 libriA
1264 1641 1544 1691 lectionem
1572 1641 1817 1691 vitiosam
1843 1640 1934 1690 “in
1946 1657 2057 1691 um
2070 1640 2281 1693 hebdo.”
2309 1657 2379 1693 ex
2396 1641 2443 1692 L
2464 1643 2696 1704 correxi3

524 1727 578 1776 in
608 1740 727 1789 quo,
749 1726 777 1751 “
789 1723 1007 1784 Quando
1025 1723 1280 1789 duosesta
1302 1724 1361 1774 in
1381 1741 1487 1774 ano
1505 1723 1589 1775 die
1621 1723 1782 1774 Unius
1799 1722 2040 1774 Martii-is
2054 1724 2207 1778 simul
2224 1725 2563 1793 contingunt,
2586 1735 2699 1777 tuno

527 1807 748 1859 “dicitur
774 1806 847 1857 ad
874 1807 1167 1857 memoriam
1190 1805 1256 1858 do
1281 1807 1385 1858 alio
1413 1815 1525 1858 ant.
1547 1808 1652 1859 Iste
1679 1808 1944 1873 cognovit.
1976 1806 2200 1873 Require
2225 1807 2365 1859 hanc
2392 1807 2564 1859 astam
2585 1815 2697 1874 post

527 1889 824 1943 “Secundae
864 1887 1033 1954 Veep's
1064 1888 1216 1955 haim
1241 1888 1488 1941 Historia.
1525 1888 1613 1951 vo,
1643 1890 1889 1940 Posuisti.
1915 1906 2028 1940 eum
2062 1888 2309 1942 Oratione
2338 1901 2403 1942 ut
2424 1892 2631 1945 decet.”

623 1975 718 2025 Est
744 1977 919 2024 autem
941 1972 1029 2023 hie
1052 1972 1303 2036 Historia,
1335 1972 1477 2024 Ordo
1504 1970 1678 2039 Officii,
1708 1988 1802 2025 seu
1827 1973 2003 2040 potius
2032 1973 2255 2040 ejusdem
2280 1974 2511 2027 Ordinis
2534 1976 2691 2028 decla-

525 2055 689 2108 ratio.-
712 2055 778 2106 cf.
798 2056 862 2118 ἃς
881 2060 908 2107 7
936 2061 989 2108 et
1010 2060 1089 2120 30,
1108 2070 1226 2107 cum
1243 2060 1444 2106 aunott.

624 2145 662 2214 δ
696 2144 850 2216 ΞΘ.)
888 2147 1241 2199 invitatorium
1265 2145 1479 2213 dupleae]
1510 2148 1593 2198 De
1621 2147 1917 2199 invitatorio
1943 2147 2187 2214 simplici,
2220 2147 2453 2214 duplici,
2487 2149 2689 2217 triplici,

526 2250 577 2284 v.
593 2234 742 2284 Fasc.
760 2231 800 2296 1,
825 2247 875 2298 p.
901 2232 986 2282 cii.

618 2315 881 2381 justorum
899 2315 1124 2382 gloriam
1146 2342 1205 2353 -—
1234 2312 1569 2380 colloquitur]
1591 2312 1655 2364 de
1665 2312 1926 2379 justorum
1944 2314 2115 2382 gloria
2128 2316 2380 2381 loquitur.

623 2399 707 2449 Tu
725 2396 914 2464 autem]
935 2398 1106 2463 Hujus
1122 2395 1358 2448 formuloe
1375 2398 1586 2460 mentio,
1605 2414 1720 2463 quae
1737 2398 1792 2447 in
1815 2399 2081 2465 impressis
2100 2415 2238 2451 nunc
2250 2401 2323 2465 fit,
2343 2416 2496 2452 nunc
2511 2402 2690 2452 omitti·

527 2489 626 2546 tur,
653 2482 709 2531 in
736 2480 780 2530 L
807 2480 916 2532 fere
943 2496 1146 2547 semper
1172 2481 1440 2532 omittitur.
1474 2481 1556 2531 De
1591 2481 1746 2531 modo
1786 2489 1958 2532 autem
1986 2482 2239 2533 lectiones
2260 2482 2625 2535 concludendi
2647 2500 2692 2533 ν.

529 2567 614 2618 Pr.
633 2564 858 2631 (Proprii
879 2563 942 2614 de
958 2564 1139 2629 Temp.
1159 2562 1293 2613 Adv.
1313 2564 1386 2629 p.)
1415 2565 1445 2614 5
1466 2580 1498 2614 a
1515 2569 1566 2615 et
1583 2562 1632 2628 b,
1657 2579 1774 2614 cum
1799 2569 2002 2615 anuott.
2023 2565 2093 2631 (p.
2111 2565 2171 2614 lii
2190 2570 2239 2615 et
2255 2564 2377 2631 liii),
2403 2567 2462 2617 in
2482 2567 2638 2617 Fasc.
2654 2566 2688 2615 Ι.

628 2646 668 2717 β
690 2646 846 2715 29.)
870 2648 973 2698 Pro
1002 2645 1315 2697 “detrectat''
1342 2646 1386 2696 L
1417 2646 1754 2698 “detractat''.

628 2734 803 2786 Lectio
830 2730 926 2801 iij]
963 2732 1036 2782 Ut
1061 2732 1115 2781 in
1143 2731 1385 2781 Editione
1421 2732 1638 2781 “Douce
1664 2730 1810 2782 Ref.”
1847 2737 1898 2782 et
1932 2730 2188 2799 Leyenclis
2221 2730 2695 2785 sariorum-imam

526 2815 600 2886 (V.
627 2819 779 2869 Fasc.
807 2816 848 2880 1,
874 2832 961 2882 pp.
992 2815 1047 2865 vi
1077 2822 1130 2864 et
1143 2812 1227 2882 lii)
1245 2814 1501 2865 lectiones
1528 2813 1692 2865 multo
1720 2814 1987 2880 longiores
2017 2814 2104 2879 (cf.
2121 2814 2264 2878 ibid„
2292 2831 2381 2881 pp.
2398 2816 2480 2865 vii
2499 2820 2554 2865 et
2580 2814 2697 2883 ciii),

530 2904 605 2953 ita
620 2904 676 2953 in
692 2901 842 2951 Msto
861 2898 905 2947 L
923 2897 1189 2949 breviores
1207 2896 1511 2962 plerumque
1536 2911 1690 2961 quam
1717 2896 1942 2963 vulgatae
1969 2897 2331 2958 inveniuntur3
2360 2896 2696 2960 quemadmo-

535 2986 656 3037 dum
679 2983 768 3034 hio
780 2981 920 3048 quod
938 2980 1102 3031 inEd.
1122 2986 1301 3031 nostra
1317 2980 1475 3031 lectio
1495 2985 1575 3030 est
1591 2980 1757 3043 tertia,
1775 2979 1819 3029 L
1831 2980 1886 3029 in
1905 2986 2010 3031 tres
2026 2979 2294 3043 lectiones,
2312 2995 2506 3045 nempe
2524 2981 2583 3030 in
2602 2986 2695 3030 ter-

532 3070 675 3130 tiam,
700 3072 947 3133 quartam,
977 3070 1028 3114 et
1055 3064 1302 3129 quintam,
1323 3062 1531 3126 dividit3
1554 3076 1771 3128 quarum
1798 3070 1981 3127 quarta
2012 3079 2045 3112 a
2065 3063 2239 3114 verbis
2265 3062 2482 3125 “Neque
2511 3059 2696 3123 enim”,

534 3153 718 3220 quinta
739 3148 804 3200 ab
827 3149 931 3199 “Ut
946 3163 1054 3198 non
1070 3146 1218 3213 ipsi'',
1233 3147 1433 3212 incipit.
1462 3146 1563 3213 (De
1584 3154 1732 3199 sexta
1749 3146 1980 3211 ejusdem
1996 3145 2222 3198 lectione
2239 3163 2289 3197 V.
2307 3144 2375 3196 ad
2394 3148 2424 3209 5
2445 3142 2555 3212 30.)

634 3233 788 3299 Quod
814 3239 987 3283 autem
1016 3230 1154 3298 apud
1182 3246 1280 3280 nos
1320 3231 1704 3281 Nocturnorum
1737 3234 1761 3281 1
1793 3237 1846 3280 et
1873 3235 1901 3280 2
1929 3232 1984 3280 in
2011 3231 2115 3281 hoc
2139 3228 2415 3279 Communi
2440 3227 2697 3281 lectiones

533 3321 675 3385 facit,
702 3318 805 3370 hoc
831 3318 939 3367 fere
966 3321 1134 3365 totum
1169 3314 1224 3363 in
1255 3314 1409 3363 Brev.
1435 3314 1583 3364 Rom.
1607 3313 1878 3377 hodierne,
1897 3342 1962 3351 —
1978 3314 2033 3362 in
2059 3328 2177 3378 que,
2212 3318 2269 3363 ut
2298 3314 2356 3363 in
2379 3313 2698 3379 supradictis

532 3404 679 3456 libris
704 3402 942 3469 (“Douce
962 3397 1107 3450 Ref.”
1131 3404 1183 3450 et
1205 3395 1462 3464 Leqenclis
1486 3395 1974 3464 Sarisburiemibus)
1999 3397 2255 3447 lectiones
2277 3396 2444 3447 multo
2470 3397 2698 3465 plerum-

601 3578 927 3643 *Postquam
953 3575 1159 3629 saeculis
1187 3572 1564 3624 recentioribus
1665 3572 2065 3634 offenderentur,
2082 3571 2578 3622 BreviariiRomani
2593 3588 2700 3623 car·

538 3643 724 3696 studiis
742 3644 976 3695 classicis
994 3658 1164 3694 novus
1184 3640 1337 3692 ardor
1355 3639 1563 3690 additus
1662 3640 1819 3701 mina,
1846 3638 1994 3689 Sedis
2025 3637 2345 3706 Apostolicae
2372 3640 2701 3701 auctoritate,

539 3717 634 3774 est,
667 3726 735 3760 ne
757 3711 1043 3761 mediorum
1070 3715 1362 3775 temporum
1384 3708 1563 3757 metris
1663 3705 1730 3756 ad
1759 3704 1905 3773 leges
1938 3707 2179 3773 antiquas
2202 3706 2401 3771 passim
2423 3706 2703 3757 emendata

541 3777 620 3844 (v,
638 3776 705 3827 ad
723 3777 754 3838 ἓ
779 3777 834 3841 2)
862 3778 937 3829 ita
964 3775 1192 3829 calentes
1222 3774 1382 3827 animi
1407 3774 1563 3826 nimis
1662 3778 1803 3826 sunt.
