2910 4457
1122 351 1193 389 An
1233 349 1560 394 miramus.
2328 332 2405 391 ΙιῚ

384 464 643 525 Quoniam
661 477 773 514 eece
789 477 934 525 reges
950 469 1094 514 terrm
1119 477 1320 525 congre-

322 530 427 588 gati
440 533 565 575 sunt
583 543 596 576 ε
618 532 964 576 convenerunt
982 527 1034 575 in
1050 539 1234 575 unum.

384 590 492 648 Ipsi
528 589 758 638 videntes
789 590 864 638 sie
898 588 1134 637 admirati
1168 594 1315 649 sunt,

320 652 610 700 conturbati
631 656 771 708 sunt,
795 651 1033 700 commoti
1053 656 1173 700 sunt
1188 665 1202 700 ι
1220 656 1320 701 tre-

320 726 435 761 mor
455 713 787 773 apprehendit
812 725 914 762 eos,
1004 753 1021 769 ,

384 775 463 824 Ibi
499 776 696 823 dolores
736 779 794 823 ut
843 775 1216 835 parturientis:
1262 774 1317 823 in

320 836 509 896 spiritu
558 836 843 886 vehementi
894 843 1118 886 conteres
1163 849 1320 887 naves

322 897 554 947 TharsiS.

388 960 530 1008 Sicut
558 957 869 1016 audivimuS‚
901 958 973 1007 sic
1005 959 1229 1009 vidimus
1263 961 1315 1009 in

324 1022 526 1070 civitate
562 1021 666 1069 Dixi
707 1020 980 1079 virtutum,
1025 1021 1078 1068 in
1120 1021 1319 1071 civitate

323 1084 419 1132 Dei
451 1082 611 1131 nostri
644 1098 659 1132 ε
695 1082 831 1131 Deus
864 1082 1094 1131 fundavit
1121 1095 1233 1131 eam
1263 1083 1317 1131 in

328 1150 595 1195 aeternum.

390 1205 719 1265 suscepimus
751 1205 887 1253 Deus
921 1203 1316 1256 misericordiam

328 1273 472 1316 tuam
492 1284 504 1317 :
526 1268 580 1315 in
598 1266 762 1315 medio
784 1266 956 1326 templi
973 1267 1066 1315 tui.

390 1329 680 1377 Secundum
698 1341 879 1375 nomen
897 1333 1044 1376 tuum
1067 1330 1221 1386 Deus,
1246 1328 1317 1378 sic

326 1394 375 1438 et
404 1391 515 1439 laus
546 1396 633 1438 tua
663 1390 717 1437 in
750 1390 873 1437 fines
900 1393 1045 1439 terrae
1081 1405 1095 1440 :
1120 1390 1316 1449 justitia

326 1452 470 1511 plena
493 1457 569 1500 est
583 1453 781 1500 dextera
804 1457 910 1498 tua.

385 1515 605 1563 Laetetur
637 1526 788 1561 mons
825 1512 975 1570 Sion,
1011 1517 1060 1561 et
1096 1515 1318 1562 exultent

325 1575 441 1624 filiae
461 1576 492 1623 J
496 1575 635 1624 udae:
655 1580 853 1634 propter
870 1574 1061 1634 judicia
1079 1579 1163 1623 tua
1186 1577 1313 1624 Diie.

388 1637 690 1685 circundate
744 1636 891 1693 Sion,
941 1642 989 1684 et
1030 1637 1316 1696 complecti-

328 1699 457 1746 mini
472 1711 584 1746 eam
605 1714 618 1747 :
643 1703 844 1746 narrate
864 1698 916 1745 in
936 1698 1164 1746 turribus
1184 1699 1313 1758 eJuS.

389 1760 566 1808 Ponite
611 1761 761 1808 corda
816 1764 982 1807 vestra
1029 1760 1082 1806 in
1132 1761 1317 1810 virtute

326 1821 466 1881 ejus:
488 1827 536 1869 et
563 1820 851 1870 distribuite
879 1821 1055 1868 domos
1081 1821 1222 1883 eJus;
1259 1827 1315 1871 ut

325 1884 569 1931 enarretis
583 1883 636 1930 in
655 1881 891 1943 progenie
904 1883 1075 1930 altera.

385 1944 643 2005 Quoniam
663 1945 745 1992 hie
766 1948 841 1991 est
870 1944 1021 2002 DeuS‚
1045 1945 1178 1992 Deus
1198 1957 1316 1993 nos-

326 2011 397 2054 ter
427 2006 479 2054 in
513 2010 779 2064 aeternum,
802 2010 849 2053 et
871 2005 924 2052 in
956 2006 1199 2054 saeculum
1221 2019 1315 2057 sae-

326 2067 425 2115 culi
442 2082 456 2117 :
478 2068 587 2126 ipse
601 2071 741 2127 reget
755 2079 846 2115 nos
859 2067 912 2115 in
927 2068 1125 2117 saeeula.

601 2185 841 2235 Psalmus
870 2189 1035 2252 xlmij.

413 2250 558 2299 udite
573 2250 679 2299 haec
692 2262 863 2298 omnes
879 2251 1058 2302 Gentes
1075 2267 1088 2302 ε
1104 2253 1316 2302 auribus

388 2312 655 2423 ὴιέετείρίῐθ
703 2324 877 2362 omnes
934 2315 1022 2375 qui
1076 2314 1314 2364 habitatis

332 2387 386 2422 or
442 2388 523 2423 m.

388 2437 616 2496 Quique,
651 2435 913 2496 terrigenae
944 2439 991 2484 et
1019 2438 1110 2486 filii
1147 2438 1314 2487 homi-

329 2511 449 2546 num
464 2515 476 2548 :
489 2498 641 2546 simul
656 2497 708 2545 in
725 2511 886 2546 unum
898 2497 1038 2548 dives
1047 2505 1094 2547 et
1105 2512 1311 2560 pauper.

386 2560 458 2608 Os
472 2572 644 2608 meum
666 2560 895 2619 loquetur
913 2562 1212 2620 sapientiam
1234 2578 1246 2611 :
1264 2567 1313 2611 et

326 2621 580 2671 meditatio
602 2622 765 2670 cordis
786 2622 886 2670 mei
911 2624 1248 2681 prudentiam.

384 2683 645 2731 Inclinabo
691 2683 745 2730 in
796 2685 1085 2742 parabolam
1131 2698 1309 2734 aurem

326 2757 489 2792 meam
510 2744 760 2804 :aperiam
793 2747 846 2795 in
871 2747 1103 2805 psalterio
1134 2760 1313 2807 propo-

325 2806 556 2854 sitionem
575 2819 762 2854 meam.

385 2868 488 2917 Cur
504 2868 688 2917 timebo
711 2871 762 2917 in
781 2869 861 2918 die
883 2869 1012 2917 mala
1027 2872 1051 2918 Ἰ
1069 2869 1313 2930 iniquitas

324 2930 541 2978 calcanei
560 2931 657 2978 mei
672 2931 987 2980 circundabit
1009 2944 1106 2980 nie.

384 2993 488 3055 Qui
518 2993 780 3042 considunt
810 2992 863 3040 in
895 2992 1079 3042 virtute
1108 3006 1232 3043 sua:
1264 2999 1313 3043 et

319 3054 373 3101 in
411 3055 739 3103 multitudine
770 3054 1067 3104 divitiarum
1098 3069 1310 3105 suarum

320 3114 621 3176 gloriantur,

382 3177 556 3226 Frater
567 3190 666 3225 non
679 3177 901 3236 redimit;
913 3179 1282 3227 redimethomo
1296 3194 1309 3228 ε

317 3251 422 3287 non
445 3240 582 3288 dabit
597 3241 702 3287 Deo
721 3240 1047 3298 placationem
1064 3254 1229 3299 suam,

379 3300 443 3349 Et
477 3301 695 3360 pretium
732 3302 1086 3363 redempt-ionis
1126 3304 1309 3351 animm

313 3375 421 3412 suae
439 3368 516 3411 :et
533 3363 782 3411 laborabit
805 3363 856 3410 in
881 3369 1142 3423 internum,
1166 3369 1212 3412 et
1235 3364 1310 3413 vi-

315 3426 575 3473 vetadbue
591 3425 646 3472 in
666 3425 841 3472 tinem.

381 3488 489 3538 Non
509 3486 973 3538 videbitinteritum
997 3485 1112 3534 cum
1131 3487 1312 3536 viderit

1416 464 1666 523 sapientes
1717 465 1988 514 morientoe
2020 481 2033 515 ε
2087 465 2242 515 simul
2290 467 2410 517 insi·

1417 526 1559 585 piens
1579 530 1628 572 et
1642 527 1830 574 stultus
1851 528 2104 587 peribunt.

1478 587 1541 636 Et
1555 587 1839 647 relinquent
1854 589 2031 637 alienis
2045 589 2248 639 divitias
2260 602 2379 640 suas
2391 607 2405 641 ε

1416 653 1465 695 et
1495 649 1758 707 sepulchra
1780 663 1955 700 eorum
1984 653 2166 700 domus
2197 652 2404 703 illorum

1416 710 1470 757 in
1489 715 1753 758 aeternum.

1480 772 1822 819 Tabernacula
1858 784 2032 820 eorum
2075 773 2128 821 in
2170 776 2407 836 progenie

1416 837 1466 880 et
1483 833 1747 892 progenie:
1767 840 2070 882 vocaverunt
2093 838 2295 886 nomina
2312 850 2404 887 sua

1415 895 1470 942 in
1490 896 1640 943 terris
1654 894 1778 943 suiS.

1479 956 1541 1005 Et
1559 957 1723 1017 home,
1740 956 1857 1006 cum
1876 957 1928 1005 in
1945 958 2132 1006 honore
2146 964 2289 1019 esset,
2304 973 2403 1009 non

1415 1018 1688 1067 intellexit:
1721 1027 2039 1080 comparatus
2059 1025 2132 1069 est
2159 1022 2405 1081 Jumentis

1414 1080 1796 1189 iflsipientibuS,
1830 1088 1879 1131 et
1914 1082 2100 1132 similis
2136 1084 2296 1132 factus
2331 1089 2406 1132 est

1414 1155 1431 1189 1
1474 1154 1535 1190 is.

1476 1205 1595 1252 Haec
1612 1204 1693 1252 via
1709 1203 1913 1253 illorum
1930 1207 2225 1255 scandalum
2245 1206 2369 1267 ipsis
2389 1223 2402 1256 :

1414 1270 1463 1313 et
1484 1270 1651 1324 postea
1683 1265 1736 1313 in
1769 1280 1853 1315 ore
1874 1280 1964 1315 suo
2003 1270 2400 1328 complacebunt.

1479 1326 1617 1375 Sicut
1639 1339 1755 1376 oves
1778 1329 1829 1376 in
1855 1327 2050 1377 inferno
2075 1331 2224 1390 positi
2244 1335 2364 1378 sunt
2390 1346 2403 1379 :

1415 1400 1555 1435 mors
1571 1389 1797 1446 depascet
1818 1402 1920 1437 eOS.

1478 1450 1542 1497 Et
1572 1449 1970 1498 dominabuntur
1993 1462 2167 1499 eorum
2193 1451 2319 1510 lusti
2350 1452 2404 1500 in

1414 1510 1667 1558 matutino
1688 1526 1700 1557 ε
1729 1517 1777 1558 et
1798 1511 2041 1559 auxilium
2078 1524 2251 1560 eorum
2275 1519 2407 1564 vete-

1415 1577 1573 1620 rascet
1599 1572 1650 1619 in
1676 1572 1872 1621 inferno
1894 1587 1921 1621 a
1947 1573 2104 1633 gloria
2127 1587 2321 1625 eorum.

1477 1634 1823 1683 Veruntamen
1866 1637 2003 1685 Deus
2041 1638 2253 1685 redimet
2292 1636 2404 1686 ani-

1414 1709 1553 1744 mam
1577 1709 1743 1745 meam
1775 1699 1837 1748 de
1873 1710 2030 1747 manu
2064 1698 2249 1749 inseri:
2283 1699 2403 1750 cum

1413 1759 1655 1817 acceperit
1677 1772 1775 1808 me.

1475 1821 1549 1869 Ne
1571 1820 1802 1870 timueris
1823 1821 1940 1871 cum
1961 1822 2101 1871 dives
2116 1823 2277 1871 sactus
2299 1822 2405 1870 sue-

1413 1882 1480 1929 rit
1498 1882 1646 1930 homo
1665 1898 1677 1929 ε
1701 1883 1883 1931 etcum
1907 1884 2237 1944 multiplicata
2256 1882 2406 1932 suerit

1415 1945 1573 2004 gloria
1591 1945 1776 1991 domus
1791 1946 1832 2003 ej
1840 1958 1918 1993 uS.

1478 2004 1732 2064 Quoniam
1756 2005 1870 2053 cum
1904 2004 2168 2063 interierit,
2197 2017 2296 2052 non
2319 2018 2407 2053 su-

1412 2071 1515 2113 met
1531 2064 1703 2111 omnia
1720 2080 1732 2112 ι
1757 2079 1919 2126 neque
1934 2067 2200 2115 descendet
2215 2078 2332 2114 eum
2350 2078 2406 2115 eo

1415 2124 1573 2187 gloria
1592 2126 1719 2185 ejus.

1478 2187 1609 2248 Quia
1628 2186 1799 2237 anima
1824 2187 1934 2248 ejus
1950 2185 2002 2236 in
2021 2187 2121 2237 vita
2147 2187 2307 2249 ipsius
2322 2188 2406 2239 be-

1415 2250 1673 2299 nedicetur
1693 2265 1705 2298 :
1729 2250 2044 2300 confitebitur
2067 2250 2160 2300 tibi
2180 2250 2298 2301 cum
2322 2252 2407 2301 be-

1414 2312 1654 2361 nefeceris
1669 2311 1734 2361 ei.

1474 2374 1710 2424 Introibit
1739 2388 1900 2437 usque
1930 2376 1984 2425 in
2018 2375 2281 2438 progenies
2318 2388 2406 2438 pa-

1412 2441 1549 2485 trum
1568 2451 1807 2487 suorum:
1832 2445 1879 2487 et
1901 2440 2134 2500 usquein
2158 2445 2403 2490 aeternum

1413 2511 1513 2547 non
1540 2500 1725 2549 videbit
1742 2501 1933 2549 lumen.

1473 2562 1656 2620 Homo,
1688 2562 1806 2609 cum
1837 2562 1889 2608 in
1915 2562 2104 2608 honore
2125 2563 2270 2617 esset,
2304 2572 2403 2605 non

1408 2621 1651 2670 intellexit
1674 2638 1686 2669 ι
1711 2627 2031 2681 comparatus
2053 2626 2127 2667 est.
2161 2620 2407 2678 jumentis

1410 2683 1782 2742 insipientibuS,
1827 2687 1876 2731 et
1907 2681 2091 2729 similis
2126 2680 2289 2729 factus
2332 2685 2408 2729 est

1410 2744 1530 2792 illis.

1472 2806 1643 2854 Gloria
1660 2805 1819 2854 Patri.
1838 2807 1900 2853 A.
1922 2804 2152 2855 Auribus
2167 2804 2405 2867 percipite

1410 2867 1499 2928 qui
1517 2868 1754 2918 habitatis
1776 2869 1966 2917 orbem.

1701 2931 1945 2980 Psalmtts
1976 2932 2109 2981 oeliae.

1500 3004 1588 3041 eus
1610 2992 1819 3042 deorum
1851 2995 1960 3044 Diis
1993 2996 2187 3045 loeutus
2216 2999 2321 3042 est:
2355 3000 2403 3041 et

1500 3056 1692 3104 vocavit
1711 3061 1915 3117 terram,

1475 3117 1522 3165 Α
1544 3118 1664 3167 solis
1677 3124 1791 3166 ortu
1809 3130 1969 3178 usque
1984 3118 2045 3165 ad
2063 3128 2294 3164 occasum
2316 3131 2328 3163 t
2347 3128 2402 3163 ex

1410 3177 1527 3227 Sion
1553 3180 1739 3239 species
1759 3179 1951 3228 decoris
1971 3180 2099 3237 ejuS.

1470 3243 1606 3289 Deus
1628 3241 1888 3290 manifeste
1910 3239 2104 3287 veniet:
2128 3239 2263 3287 Deus
2287 3252 2404 3286 nos-

1410 3306 1502 3359 ter,
1521 3308 1567 3350 et
1589 3304 1686 3350 non
1706 3302 1887 3351 silebit.

1472 3363 1675 3424 Ignisin
1694 3367 1960 3423 conspeetu
1974 3362 2083 3421 ejus
2093 3362 2370 3409 exardescet
2390 3375 2400 3406 :

1410 3432 1457 3473 et.
1480 3426 1531 3473 in
1552 3425 1765 3474 circuitu
1787 3427 1900 3484 ejus
1922 3428 2194 3482 tempestas
2217 3421 2399 3469 valida.

1474 3487 1752 3537 Advocavit
1791 3487 1973 3535 coelum
2012 3486 2315 3533 desursum:
2356 3490 2401 3530 et

1868 3590 1899 3601 ειν
