2910 4457
178 370 263 424 An
283 371 312 435 5
331 371 410 435 99,
432 369 545 436 100)
815 384 855 425 s,
882 384 1064 426 cenna
1089 384 1318 427 macom-
1333 386 1396 427 nr
1422 386 1761 429 conrassonm
2107 373 2328 463 xxxvij

177 522 240 574 de
258 521 551 589 Scripturis,
576 517 725 585 cujus
743 516 923 570 eadem
940 517 1097 570 lectio
1120 524 1197 573 est
1210 521 1337 588 Cap.
1359 520 1400 586 1,
1422 521 1490 588 1),
1510 523 1638 572 utin
1654 521 1751 573 Ed.
1770 522 1966 574 Bened.
1981 521 2330 591 (Antwerpiae,

177 605 340 671 1700),
366 604 466 655 col.
486 607 579 655 322
603 604 645 658 F
670 607 722 653 et
740 606 834 653 323
852 602 917 666 A,
942 603 1223 667 invenitur,
1241 632 1306 641 —-
1321 604 1546 671 primum
1561 606 1724 656 verba
1740 604 1975 669 quaedam
1996 621 2111 670 quse
2128 608 2185 657 in
2202 608 2324 658 Bre-

172 688 337 739 viario
361 688 555 738 omissa
572 690 731 749 erant,
748 686 882 741 inter
898 687 1120 737 uncinos
1136 687 1360 749 inscrui3
1393 687 1580 738 deinde
1597 704 1692 753 pro
1715 687 2010 753 “tempore’'
2035 689 2330 755 “tempori'',

174 776 226 821 et
260 786 357 836 pro
398 769 523 820 “nos
557 768 788 819 arando'’
824 767 1144 834 (quanquam
1182 768 1342 820 “nos’'
1377 775 1644 834 utcunque
1674 786 1770 836 per
1804 769 2220 837 “nosmetipsos”
2245 787 2331 822 ex-

173 852 361 920 plicari
394 851 589 920 potest)
618 852 896 907 lectionem
918 851 1186 903 meliorem
1212 853 1349 903 “non
1372 852 1604 904 arando’'
1626 854 1853 919 reposui.

269 935 471 988 Ibidem
492 952 633 999 vero,
656 951 750 1001 pro
775 935 966 985 nostris
993 935 1338 1000 “temporalis.
1359 963 1427 972 —
1448 936 1733 1003 spiritualis
1757 964 1820 973 ——
1842 935 1933 987 ille
1956 952 2055 989 nos
2071 964 2136 975 -
2153 937 2331 988 melio·

178 1019 330 1070 “rem.
354 1045 422 1054 —
445 1020 700 1084 extirpare
732 1018 871 1068 mala
903 1019 1103 1068 semina
1138 1047 1205 1056 —-
1240 1018 1431 1088 [istam]
1470 1020 1726 1071 culturam
1760 1022 2114 1088 acceperimus
2146 1022 2200 1073 in
2244 1037 2335 1073 cor

178 1103 457 1167 “nostrum,
493 1126 555 1137 —
594 1099 912 1164 existimus'',
944 1102 1267 1151 invenimus:
1308 1102 1640 1169 “corporalis
1665 1130 1730 1140 —
1753 1104 2001 1170 spiritalis
2023 1130 2089 1140 —
2111 1119 2209 1155 nos
2241 1104 2333 1155 ille

178 1187 204 1214 “
226 1213 297 1225 -
318 1185 611 1236 meliorem:
643 1213 706 1221 -—
731 1186 1014 1251 exstirpare
1048 1185 1246 1234 semina
1278 1185 1416 1235 mala
1438 1186 1680 1237 —istam
1714 1187 1969 1242 culturam
2001 1188 2058 1238 in
2090 1203 2179 1238 cor
2210 1204 2331 1239 nos-

176 1275 309 1319 trum
343 1270 421 1319 sic
444 1268 811 1335 acceperimus,
837 1295 901 1303 —
926 1266 1268 1332 exsistimus''.
1303 1267 1365 1317 In
1400 1268 1448 1317 A
1483 1276 1655 1319 autem
1685 1275 1808 1338 post
1842 1270 2202 1337 “temporalis'’
2235 1287 2330 1337 pro

178 1353 398 1419 simplici
422 1351 615 1418 duplex
637 1351 898 1400 invenitur
919 1356 1185 1416 punctum.

269 1439 338 1488 Et
360 1438 534 1503 ipsum
555 1432 798 1500 fructum]
823 1435 893 1484 Et
912 1435 1085 1499 ipsum
1108 1434 1251 1484 hunc
1274 1434 1516 1486 fructum.

272 1516 645 1586 acceperimus]
672 1516 712 1567 Ι.
740 1532 784 1566 c.
809 1516 1185 1567 admiserimus,

272 1602 311 1671 g
338 1597 548 1671 100.)
573 1600 635 1651 In
662 1600 785 1651 Lec.
811 1604 857 1662 2,
880 1626 945 1637 —-
969 1616 1098 1665 quae,
1122 1604 1306 1666 praeter
1339 1602 1467 1651 anni
1495 1601 1880 1666 indicationem,
1916 1618 1980 1652 ex
2013 1603 2145 1654 Ven.
2175 1602 2334 1653 Bedae

176 1689 421 1752 Historia,
445 1686 540 1738 lib.
563 1686 653 1748 Iv,
677 1699 789 1750 cap.
815 1683 894 1747 3³⁸3
918 1685 1024 1735 fere
1047 1684 1114 1734 ad
1131 1684 1347 1736 verbum
1366 1684 1436 1751 (v.
1453 1684 1610 1750 infra)
1636 1686 1979 1752 transscripta
2004 1692 2098 1750 est,
2125 1712 2182 1721 —-
2211 1690 2335 1752 post

180 1771 586 1822 “sexcentesimo
622 1765 1056 1835 septuagesimo”,
1090 1768 1227 1817 inter
1262 1769 1487 1818 uncinos
1521 1767 1819 1818 addendum
1857 1767 2179 1820 “secundo''.·
2211 1768 2334 1820 huic

178 1855 312 1904 enim
342 1870 486 1904 anno
510 1856 616 1902 tam
639 1851 904 1902 hodiernae
926 1851 980 1899 in
1017 1850 1069 1901 S.
1097 1849 1287 1901 Ceddae
1310 1852 1670 1917 Depositionis
1699 1852 1832 1902 festo
1867 1852 2124 1903 Nocturni
2151 1851 2201 1900 11
2228 1852 2332 1902 lec-

176 1936 424 2001 tiones(‘),
462 1934 621 2001 quam
656 1933 860 1984 Alfordi
883 1931 1134 1983 Ecclesiae
1165 1933 1653 2000 Anglo·Saxonicae
1674 1934 1960 1997 Annales-1·
1998 1935 2116 2000 (sub
2153 1935 2336 1987 eodem

177 2035 326 2083 ann0,
352 2020 484 2087 Cap.
512 2018 580 2085 1),
605 2017 803 2069 obitum
827 2016 939 2081 ejus
964 2019 1251 2083 assignant.

272 2120 334 2172 In
348 2121 471 2192 ipso
492 2123 663 2170 autem
682 2118 732 2167 S.
750 2116 910 2167 Bedae
931 2132 1103 2183 opere,
1134 2131 1238 2167 sec.
1256 2115 1352 2166 Ed.
1382 2132 1574 2167 novam
1597 2117 1946 2167 Parisiensem
1974 2117 2059 2183 (de
2079 2133 2182 2183 qua
2197 2134 2247 2167 v.
2265 2118 2333 2168 ad

177 2205 206 2269 ἓ
226 2207 304 2270 98,
323 2205 463 2257 inter
487 2201 863 2254 Annotationes
888 2198 1209 2268 Longiores),
1231 2200 1511 2252 habemus:
1547 2200 1720 2254 “Obiit
1744 2206 1915 2257 autem
1941 2200 2151 2253 Ceadda
2184 2208 2331 2257 sexto

182 2288 290 2339 “die
306 2318 372 2328 —-
389 2288 575 2340 crebra
592 2287 873 2338 sanitatum
901 2283 1153 2336 miracula
1180 2284 1399 2351 operari.
1418 2313 1481 2323 —-
1499 2284 1830 2350 phreneticus
1853 2312 1946 2351 —,
1971 2291 2023 2336 et
2053 2286 2129 2342 ibi
2154 2316 2221 2324 —
2250 2302 2332 2338 os-

177 2370 476 2435 tendit.’'††

272 2454 513 2506 Ceterum
542 2453 641 2506 sub
671 2450 905 2518 ejusdem
929 2450 1172 2501 lectionis
1201 2450 1373 2514 finem,
1404 2450 1887 2517 “consequeretur'’,
1917 2451 1982 2502 de
2009 2452 2232 2503 sanitate
2255 2467 2334 2502 re·

178 2552 297 2588 cens
319 2543 546 2606 recepta,
570 2552 665 2602 pro
686 2542 977 2587 consecutus
1001 2541 1128 2586 esset
1152 2535 1402 2600 scriptum
1425 2539 1520 2585 est.

270 2621 331 2673 In
348 2623 446 2688 Rio
467 2627 514 2685 2,
539 2637 632 2687 pro
661 2622 946 2685 “paruerat,
972 2616 1228 2682 Cedens'’,
1259 2617 1439 2669 Comm.
1461 2615 1534 2684 (V.
1554 2617 1736 2687 supra)
1760 2619 2100 2685 “pervenerat
2121 2619 2333 2671 sedem'’

176 2704 342 2756 habet.
364 2705 542 2755 Verba
564 2707 737 2752 autem
762 2699 1063 2767 “paruerat”
1090 2705 1141 2750 et
1167 2700 1444 2767 “dixerat'',
1471 2717 1585 2766 quae
1606 2718 1701 2768 pro
1729 2700 1958 2768 “paruit’'
1979 2708 2031 2753 et
2052 2702 2242 2754 “dixit'’
2263 2703 2331 2755 ob

177 2787 553 2838 terminationis
584 2784 975 2836 similitudinem
1011 2785 1152 2835 dicta
1185 2790 1323 2847 sunt,
1351 2785 1408 2835 in
1446 2784 1630 2836 Comm.
1666 2790 1719 2836 et
1749 2784 1880 2850 Dap.
1917 2784 2054 2837 bene
2089 2801 2208 2835 cum
2228 2787 2328 2850 Baio

178 2873 323 2921 tertio
343 2868 511 2938 (quod
535 2869 591 2918 in
614 2869 645 2928 ἓ
671 2870 762 2919 162
786 2866 933 2937 vide)
946 2869 1360 2934 conjunguntur:
1391 2865 1563 2918 “fore''
1586 2882 1712 2918 vero
1736 2868 2041 2934 intempore
2058 2874 2329 2934 praesente,

181 2959 232 3003 et
264 2950 668 3021 “praetenuerat”
712 2955 774 3001 ut
822 2960 978 3003 antea
1025 2959 1261 3003 tenuerat
1305 2950 1662 3018 intelligenda.
1697 2976 1758 2985 —
1794 2951 1894 3001 Pro
1941 2949 2115 3001 “sedi”
2159 2956 2332 3002 autem

181 3034 336 3098 (quod
368 3036 424 3086 in
468 3037 557 3085 Pr.
591 3034 635 3085 L
668 3051 776 3086 non
809 3040 931 3101 post
954 3034 1046 3085 sed
1080 3039 1200 3085 ante
1238 3033 1506 3084 “Cedens”
1539 3033 1713 3084 locum
1734 3033 1929 3098 habet),
1965 3032 2165 3098 “sede’',
2191 3034 2331 3098 quod

179 3131 357 3169 sensus
378 3117 628 3185 postulat,
654 3120 855 3185 scripsi.

252 3243 291 3309 ί)
324 3246 406 3294 Ex
446 3244 628 3295 eadem
672 3244 923 3306 Historia,
971 3259 1035 3292 ex
1077 3243 1199 3295 libri
1299 3248 1327 3294 2
1363 3248 1415 3293 et
1448 3246 1495 3305 3,
1519 3270 1586 3279 --
1608 3241 1786 3293 addita
1821 3243 2056 3294 similiter
2091 3242 2215 3292 anni
2251 3243 2330 3291 in-

179 3307 252 3358 III
286 3326 434 3377 capp.
459 3313 525 3362 23
549 3315 602 3360 et
625 3311 702 3373 28,
737 3314 789 3360 et
808 3309 932 3361 libri
952 3308 1026 3359 IV
1050 3325 1198 3376 capp.
1300 3309 1578 3374 dicatione,
1598 3335 1658 3344 —
1681 3309 2035 3361 contrahendo
2059 3309 2329 3360 confectae.

272 3407 386 3449 *ubi
413 3417 498 3459 post
524 3410 676 3459 “pouit
703 3407 926 3449 incertum?
953 3409 1011 3456 (v.
1036 3409 1073 3447 in
1101 3409 1230 3447 notula
1257 3406 1288 3456 f,
1313 3421 1347 3457 p.
1373 3406 1513 3456 xxxix)
1538 3410 1748 3447 immediate
1772 3410 1949 3458 seqnitur.

273 3458 447 3507 -1-Totius
473 3460 601 3508 operis
629 3460 756 3498 titulus
786 3467 856 3507 est,
894 3459 1092 3497 “Annales
1118 3459 1375 3497 Ecclesiasuci
1403 3465 1439 3498 et
1467 3459 1610 3497 civiles
1636 3459 1913 3505 Britannorum,
1953 3460 2157 3504 Saxonum,
2182 3457 2331 3506 Anglo-

179 3504 324 3546 “mm''
353 3512 517 3556 Quorum
544 3516 674 3549 auctor
700 3509 992 3555 eruditissimus,
1018 3509 1214 3548 societatis
1239 3509 1328 3547 Jesu
1354 3510 1556 3558 theologus
1580 3511 1744 3556 Anglus,
1771 3513 1808 3546 et
1833 3519 1899 3556 per
1923 3508 1971 3546 38
1996 3518 2113 3545 annos
2137 3508 2175 3545 in
2198 3506 2333 3554 Angli&

181 3556 445 3607 missionariun,
472 3560 674 3610 quominus
700 3559 852 3598 eosdem
878 3559 922 3597 nd
950 3559 1062 3597 finem
1087 3558 1321 3607 perduceret,
1348 3566 1482 3606 mone,
1508 3569 1590 3607 que
1609 3558 1808 3595 Andomari
1835 3558 1879 3594 Α.
1901 3557 1944 3593 D.
1963 3557 2061 3595 1653
2079 3557 2232 3604 accidit,
2257 3557 2332 3595 im-

182 3607 323 3652 peditus
347 3616 420 3648 est.
448 3613 540 3656 Qun
568 3616 692 3658 punt·
710 3610 877 3658 reliquit..
902 3610 940 3648 ia
966 3615 1138 3659 quattuor
1161 3615 1279 3646 tomos
1306 3610 1364 3655 (in
1385 3609 1495 3654 tono)
1522 3609 1657 3654 divin,
1686 3607 1811 3645 Leodii
1835 3607 1878 3644 Α.
1906 3606 1952 3644 D.
1981 3606 2078 3646 166³
2104 3607 2332 3654 prodierunt.

184 3656 341 3700 Quorum
367 3661 506 3707 primus
532 3659 714 3698 Ecclesia
742 3659 965 3698 Britannice
994 3659 1039 3696 ab
1068 3658 1174 3696 initio
1202 3659 1246 3696 ad
1271 3669 1406 3697 annum
1432 3659 1522 3707 500,
1556 3657 1745 3697 secundus
1772 3656 1957 3696 Ecclesia
1982 3657 2331 3705 mugio-saxonic-

182 3705 342 3744 Annnles
370 3709 415 3746 ab
443 3719 542 3746 anno
569 3709 644 3746 500
670 3709 715 3747 nd
739 3719 877 3746 annum
900 3709 977 3748 8oe
1002 3709 1187 3746 continet:
1218 3714 1364 3746 ceteros
1391 3719 1468 3746 non
1495 3707 1584 3745 vidi.

278 3757 343 3804 -Η-
380 3757 422 3796 ln
450 3764 578 3797 vetere
603 3758 706 3798 Ιδιο
733 3759 944 3798 Trevirensi
979 3758 1034 3806 (v.
1060 3756 1105 3794 ad
1130 3753 1160 3806 ξ
1183 3751 1248 3806 98,
1273 3759 1369 3796 inter
1394 3758 1667 3796 Annotationes
1700 3754 1945 3808 Longioret),
1971 3754 2253 3796 “freneticus'n
2289 3757 2332 3795 ln

187 3803 311 3843 eadem
336 3818 424 3846 vero
451 3808 615 3848 lectione
641 3808 901 3848 scribendum:
930 3808 1178 3846 “constructa
1202 3827 1251 3834 —
1275 3807 1460 3856 Principis
1487 3820 1564 3856 —3
1591 3813 1627 3847 et
1654 3806 1755 3846 ibi''.
