2910 4457
13 401 23 438 Γ

15 451 18 494 ἶ

15 501 16 528 l

15 533 20 570 l

15 881 22 902 t

622 370 703 432 56
1036 390 1202 431 rama
1243 390 1454 439 QUARTA
1497 389 1573 429 An
1613 389 1754 430 ΠΑΤ.»
1792 389 1862 428 13¹1·
1904 389 2128 429 uuum.

685 502 948 562 Principes
987 501 1139 563 Juda,
1182 503 1336 552 duces
1374 512 1553 553 eorum
1600 517 1614 551 ε

623 564 876 675 ρτιίυείρεε
892 564 1134 624 Zabulon,
1151 570 1199 614 et
1216 564 1467 626 principes
1483 566 1615 625 Nep—

624 631 674 675 ta
695 626 786 675 im.

686 688 876 738 Munda
889 687 1026 735 Deus
1036 686 1214 736 virtuti
1227 693 1327 737 tuae
1340 704 1353 736 z
1368 688 1616 737 confirma

624 749 718 798 hoc
734 749 869 796 Deus
884 749 1017 807 quod
1040 756 1274 808 operatus
1288 763 1341 798 es
1356 750 1410 797 in
1430 750 1576 798 nobis
1600 765 1615 800 ι

689 811 738 859 Α
761 810 945 870 templo
964 815 1053 858 tuo
1074 811 1126 859 in
1151 811 1472 860 Hierusalem
1492 827 1504 860 ε
1524 811 1616 860 tibi

625 873 836 920 offerent
858 884 999 931 reges
1020 885 1252 922 munera.

688 934 894 992 Increpa
925 934 1053 982 feras
1088 934 1374 994 arundiniS,
1406 947 1619 995 congre-

628 994 761 1056 gatio
806 999 1067 1043 taurorum
1110 996 1164 1044 in
1208 996 1370 1046 vaccis
1418 998 1619 1056 populo-

631 1070 746 1105 rum
775 1071 787 1104 :
812 1062 868 1104 ut
888 1057 1151 1106 excludant
1180 1071 1265 1108 eos
1302 1057 1391 1120 qui
1423 1058 1619 1119 probati

628 1124 751 1166 sunt
770 1122 995 1179 argeum.

692 1178 894 1238 Dissipa
918 1184 1089 1239 gentes
1108 1193 1220 1240 quae
1254 1181 1382 1230 bella
1413 1182 1618 1240 voluntg

627 1241 831 1290 venient
850 1241 999 1301 legati
1018 1254 1075 1290 ex
1097 1243 1314 1303 AEgypto
1332 1261 1344 1291 z
1362 1243 1618 1303 AEthiopia

626 1300 897 1363 praeveniet
918 1315 1104 1351 manus
1124 1304 1236 1363 eius
1256 1305 1376 1354 Deo.

627 1364 864 1472 DJlegna
879 1369 1040 1424 terrae,
1058 1371 1255 1415 cantate
1267 1367 1370 1417 Deo
1390 1383 1402 1415 ;
1421 1365 1619 1428 psallite

677 1438 772 1474 no:

688 1485 893 1536 Psallite
928 1489 1031 1538 Deo
1076 1488 1166 1550 qui
1205 1489 1430 1539 ascendit
1467 1501 1618 1549 super

626 1549 809 1597 coelum
831 1549 940 1597 coeli
967 1565 980 1598 :
1003 1551 1065 1600 ad
1088 1550 1366 1601 Orientem.

691 1610 818 1658 Ecce
837 1611 976 1659 dabit
997 1613 1105 1662 voci
1125 1626 1230 1662 suae
1252 1626 1424 1661 vocem
1457 1612 1619 1660 virtu-

626 1670 718 1730 tis;
756 1672 870 1720 date
890 1674 1103 1731 gloriam
1127 1676 1228 1723 Deo
1250 1687 1402 1734 super
1422 1674 1576 1722 Israel
1602 1686 1615 1719 τ

629 1733 1007 1791 magnificentia
1038 1735 1149 1794 ejus
1169 1741 1218 1784 et
1238 1736 1402 1785 virtus
1422 1737 1533 1795 ejus
1564 1735 1618 1783 in

630 1793 869 1840 nubibus.

689 1853 942 1904 Mirabilis
975 1855 1113 1904 Deus
1151 1855 1204 1904 in
1244 1858 1433 1906 sanctis
1468 1857 1617 1906 suis:

624 1915 762 1963 Deus
792 1917 944 1965 Israel
977 1917 1083 1976 ipse
1112 1918 1250 1966 dabit
1280 1919 1538 1977 virtutem,
1570 1924 1621 1968 et

625 1976 974 2088 rnogtitudinetn
1004 1979 1138 2040 plebi
1166 1993 1296 2042 suae3
1326 1981 1621 2031 benedictus

704 2052 783 2087 uS.

650 2144 660 2151 .
687 2099 859 2150 Gloria
880 2101 1040 2151 Patri.
1061 2104 1127 2153 A.
1151 2103 1212 2153 In
1234 2103 1454 2154 ecclesiis
1475 2104 1622 2153 bene-

625 2161 781 2212 dicite
803 2164 932 2212 Dno.

650 2285 661 2296 .
689 2222 751 2284 ψ.
787 2226 921 2275 Deus
943 2224 1101 2276 vitam
1123 2241 1291 2278 meam
1314 2227 1619 2278 annuntiavi

624 2288 737 2336 tibi.
760 2299 824 2348 13²·
848 2289 1070 2337 Posuisti
1093 2291 1376 2351 lachrymas
1399 2304 1540 2341 meas
1565 2290 1619 2339 in

626 2354 895 2409 conspectu
923 2356 1026 2399 tuo.

627 2470 845 2584 &Alfi-⁸
861 2472 1088 2591 Ιέέςῗυεε.
1114 2471 1174 2530 ψ.
1201 2473 1316 2523 Fiat
1332 2472 1620 2524 misericor-

666 2543 732 2578 ia.
777 2542 825 2590 p.
930 2568 942 2580 .

690 2592 757 2639 In
791 2592 1047 2642 Laudibus
1073 2596 1208 2644 Avia.
1246 2595 1488 2656 Amplius
1508 2597 1621 2646 lava

625 2666 708 2703 me
739 2654 875 2704 Deus
889 2658 952 2705 ab
975 2657 1228 2718 injustitia
1248 2671 1379 2708 mea.
1403 2659 1496 2707 Ps.
1519 2658 1622 2710 Mi-

626 2729 807 2766 serere.
844 2717 1003 2779 (ibid.)

687 2780 750 2826 A.
773 2779 843 2828 Te
857 2781 992 2830 decet
1009 2783 1232 2842 hymnus
1253 2784 1391 2833 Deus
1406 2781 1461 2831 in
1478 2781 1619 2832 Sion.

625 2839 716 2887 Ps.
745 2840 939 2898 Ipsum.
963 2843 1033 2903 (p.
1057 2844 1154 2897 54.)

688 2903 752 2947 A.
771 2901 929 2950 Labia
952 2917 1061 2952 mea
1086 2906 1362 2955 laudabunt
1385 2912 1432 2955 te
1447 2906 1501 2955 in
1519 2905 1621 2955 vita

627 2973 757 3018 mea,
795 2961 931 3010 Deus
969 2976 1130 3015 meus.
1174 2968 1268 3016 Ps.
1312 2969 1449 3016 Deus
1485 2968 1622 3018 Deus

630 3034 793 3070 meus.
817 3023 833 3078 ζ
839 3035 887 3081 p.
911 3022 1013 3084 12.)

692 3083 961 3131 Canticum
982 3086 1146 3133 Annae
1160 3105 1174 3133 .-
1187 3086 1221 3148 j
1241 3089 1432 3149 Requm
1451 3089 1510 3151 ''J‘-

630 3145 915 3250 Exultavit
930 3159 1014 3195 cor
1031 3148 1264 3197 meumin
1278 3150 1389 3198 Dno
1401 3166 1414 3200 ε
1426 3157 1475 3199 et
1490 3152 1621 3201 exal-

704 3211 864 3254 tatum
876 3213 950 3256 est
959 3221 1118 3257 cornu
1130 3223 1299 3259 meum
1310 3212 1361 3260 in
1376 3213 1480 3261 Deo
1489 3226 1619 3263 men.

690 3268 965 3317 Dilatatum
989 3276 1064 3319 est
1085 3284 1141 3319 os
1157 3285 1328 3321 meum
1354 3286 1505 3333 super
1522 3275 1623 3323 ini-

632 3330 790 3380 micos
812 3343 949 3380 meos
972 3333 1123 3394 :quia
1142 3334 1304 3384 laetata
1324 3348 1441 3385 sum
1463 3337 1517 3386 in
1539 3349 1622 3386 sa-

631 3392 787 3442 lutari
804 3398 908 3442 tu0.

696 3455 806 3505 Non
860 3460 936 3504 est
987 3462 1194 3506 sanctus
1245 3463 1301 3506 ut
1353 3464 1429 3508 est
1479 3461 1617 3521 Di'183

636 3529 797 3577 neque
836 3517 973 3567 enim
1005 3525 1079 3567 est
1104 3520 1237 3576 alius
1263 3525 1402 3571 extra
1442 3527 1491 3572 te
1525 3538 1537 3572 :
1570 3527 1619 3572 et

1710 514 1811 550 non
1863 506 1938 551 est
1976 501 2119 551 fortis
2158 500 2289 550 sicut
2329 501 2468 550 Deus
2509 508 2706 553 noster.

1709 618 1712 621 ,
1773 563 1936 612 Nolite
1972 563 2308 624 multiplicare
2346 564 2487 623 loqui
2528 565 2708 614 subli-

1711 624 1813 672 mia
1837 640 1851 674 ε
1875 625 2165 686 glorianteS.

1775 687 2028 734 Recedant
2061 693 2221 735 vetera
2259 687 2321 735 de
2362 699 2448 735 ore
2482 692 2654 736 vestro
2687 704 2703 737 ε

1711 748 1832 805 quia
1863 748 2001 796 Deus
2029 748 2356 797 scientiarum
2384 749 2494 796 Diis
2514 754 2619 808 est,
2654 756 2706 799 et

1711 808 1811 868 ipsi
1833 816 2180 868 praeparantur
2201 810 2544 870 cogitationes

1776 869 1946 919 Arcus
1978 871 2185 919 sortium
2217 876 2487 931 superatus
2514 877 2591 920 est
2616 887 2631 921 z
2653 878 2707 921 et

1711 930 1906 979 infirmi
1932 932 2143 981 accincti
2162 938 2284 981 sunt
2305 934 2497 982 robore.

1775 993 1969 1052 Repleti
1995 995 2160 1053 priuS,
2185 1006 2275 1055 pro
2298 995 2516 1054 panibus
2536 1007 2592 1043 se
2622 994 2707 1043 lo—

1714 1060 1954 1103 caverunt
1976 1071 1989 1104 :
2013 1061 2060 1104 et
2087 1056 2300 1104 famelici
2320 1056 2532 1105 saturati
2559 1061 2704 1105 sunt.

1774 1117 1941 1165 Donec
1968 1117 2155 1166 sterilis
2184 1119 2374 1177 peperit
2404 1118 2655 1176 plurimos
2691 1135 2705 1168 ε

1712 1183 1762 1227 et
1780 1190 1893 1237 quae
1921 1180 2109 1227 multos
2128 1180 2341 1229 babebat
2360 1179 2519 1239 filioS,
2547 1179 2706 1227 infir-

1714 1246 1850 1287 mata
1869 1245 1962 1288 est.

1776 1301 1886 1349 Diis
1915 1301 2183 1350 mortificat
2203 1307 2250 1351 et
2269 1302 2522 1353 vivificat:
2544 1304 2706 1353 dedu·

1717 1360 1784 1410 cit
1805 1363 1866 1411 ad
1886 1363 2072 1411 inferos
2092 1368 2140 1412 et
2158 1365 2368 1412 reducit.

1778 1425 1887 1473 Dns
1907 1437 2178 1485 pauperem
2209 1424 2326 1474 facit
2339 1430 2386 1475 et
2412 1427 2572 1478 ditat:
2597 1427 2710 1476 hu-

1717 1486 1882 1534 miliat
1903 1492 1952 1534 et
1968 1487 2212 1536 sublevat.

1777 1547 2040 1596 Suscitans
2065 1549 2126 1597 de
2155 1549 2360 1608 pulvere
2375 1560 2596 1608 egenum
2617 1565 2632 1598 z
2655 1555 2709 1599 et

1715 1608 1776 1657 de
1797 1614 2011 1657 stercore
2031 1611 2231 1670 erigens
2255 1622 2545 1669 pauperem.

1780 1671 1848 1718 Ut
1868 1672 2033 1719 sedeat
2050 1684 2167 1719 cum
2193 1671 2536 1732 principibus:
2560 1677 2609 1720 et
2624 1685 2710 1721 so-

1716 1730 1842 1780 lium
1864 1732 2035 1792 gloriae
2061 1738 2242 1783 teneat.

1777 1794 1880 1842 Dni
1912 1794 2050 1842 enim
2089 1799 2211 1842 sunt
2240 1793 2473 1844 cardines
2509 1799 2658 1846 terrae
2691 1811 2707 1845 ε

1715 1859 1763 1904 et
1785 1855 1952 1914 posuit
1972 1868 2121 1915 super
2138 1869 2221 1904 eos
2235 1857 2427 1904 orbem.

1779 1917 1937 1965 Pedes
1966 1921 2259 1966 sanctorum
2292 1930 2505 1965 suorum
2527 1930 2712 1966 serva-

1716 1977 1791 2025 bit.
1803 1991 1816 2023 ε
1828 1983 1874 2026 et
1889 1979 2035 2038 impii
2045 1979 2098 2026 in
2116 1979 2334 2026 tenebris
2344 1980 2683 2028 conticescent
2694 1993 2712 2041 ς

1714 2040 1834 2149 guia
1865 2053 1965 2087 non
1993 2041 2047 2090 in
2071 2040 2364 2090 fortitudine
2377 2053 2473 2090 sua
2494 2042 2714 2091 robora-

1749 2101 1852 2149 itur
1873 2102 1970 2150 vir.

1784 2164 1921 2211 Dnm
2010 2162 2359 2213 formidabunt
2423 2164 2711 2214 adversarii

1717 2224 1827 2285 ejus
1845 2241 1859 2274 ι
1876 2230 1924 2274 et
1943 2238 2095 2286 super
2116 2226 2251 2286 ipsos
2268 2226 2319 2274 in
2338 2226 2478 2276 coelis
2493 2227 2709 2277 tonabit.

1781 2287 1890 2337 Diis
1952 2288 2202 2347 jndicabit
2253 2289 2381 2336 fines
2433 2294 2605 2345 terrie,
2659 2296 2711 2339 et

1715 2349 1854 2398 dabit
1882 2350 2156 2409 imperium
2177 2350 2305 2410 Regi
2336 2362 2461 2400 suo:
2484 2356 2532 2399 et
2553 2351 2714 2399 subli-

1718 2410 1876 2459 mabit
1892 2424 2050 2458 cornu
2072 2412 2261 2460 Christi
2281 2412 2383 2468 sui,

1780 2473 1952 2521 Gloria
1997 2473 2156 2522 Patri.
2199 2475 2263 2522 A.
2306 2473 2416 2521 Dus
2457 2472 2716 2533 judicabit

1716 2533 1842 2581 fines
1861 2539 2023 2583 terrae.

1779 2598 1843 2643 A.
1865 2595 1989 2644 Coeli
2018 2597 2257 2645 coelorum
2293 2596 2492 2646 laudate
2519 2596 2710 2649 Deum.

1718 2655 1810 2705 Ps.
1834 2658 2053 2706 Laudate
2074 2659 2209 2706 Dnm
2230 2659 2291 2707 de
2311 2658 2467 2706 coeliS.
2491 2657 2563 2721 (p.
2599 2659 2708 2722 13.)

1781 2719 1841 2778 (1)
1868 2719 1992 2781 Cap.
2015 2720 2233 2780 Vigilate
2261 2725 2309 2768 et
2328 2725 2483 2768 orate.
2506 2727 2574 2780 (p.
2604 2721 2709 2779 39.)

1781 2782 1827 2828 A
1857 2781 1968 2830 Dr‘ie
1999 2794 2062 2830 ne
2110 2784 2164 2831 in
2202 2782 2277 2830 ira
2314 2794 2470 2853 usque
2497 2783 2569 2828 ad
2603 2795 2706 2842 u,

1716 2843 1920 2903 quando
1947 2844 2008 2891 de
2034 2843 2115 2905 iiij
2139 2841 2275 2902 fer-id
2303 2846 2497 2902 aqitur,
2517 2843 2715 2893 dicitur

1716 2905 1787 2951 ad
1806 2904 2004 2953 Laudes
2024 2917 2233 2966 sequens
2247 2905 2512 2964 Hymnus.

1809 2978 1868 3012 ox
1885 3001 1898 3023 ‚
1921 2972 1968 3014 et
1991 2967 2221 3024 tenebrae,
2237 2971 2285 3014 ct
2307 2965 2498 3022 nubila,

1810 3027 2026 3077 Confusa
2049 3027 2249 3085 mundi,
2275 3031 2324 3076 et
2344 3027 2580 3078 turbida:

1717 3088 1823 3136 Lux
1842 3089 2030 3148 intrat,
2048 3090 2254 3138 albescit
2276 3089 2451 3149 polus:

1718 3149 1949 3199 Christus
1969 3151 2105 3200 venit
2120 3188 2134 3210 ‚
2153 3151 2410 3200 discedite.

1778 3211 1950 3273 Caligo
1965 3219 2108 3262 terrae
2120 3212 2387 3270 scinditur,

1716 3273 1957 3323 Percussa
1979 3275 2099 3323 solis
2113 3275 2321 3334 spiculo,

1715 3335 1985 3396 Rebusque
2000 3336 2109 3396 iam
2128 3336 2259 3385 color
2277 3334 2406 3384 redit

1716 3396 1874 3446 Vultu
1892 3398 2101 3446 nitentis
2113 3398 2311 3446 sideriS.

1778 3459 1848 3507 Te
1863 3459 2076 3518 Christe,
2098 3460 2263 3507 solum
2283 3458 2557 3509 novimus:

1715 3522 1784 3570 Te
1799 3525 1965 3570 mente
1980 3533 2106 3580 pura
2127 3525 2177 3570 et
2197 3519 2445 3580 simplici,
