2910 4457
562 413 701 481 lxiv
1041 429 1090 470 m
1108 430 1338 472 omcmn
1362 429 1560 471 mavul
1583 429 1791 471 nonum
1823 428 2030 470 nosram
2295 412 2410 479 (An
2434 416 2468 478 ς
2490 416 2588 467 143
2598 417 2731 467 -145

635 565 867 631 “Regina
891 563 1074 629 Caene*
1097 564 1290 628 latare,
1315 563 1553 629 alleluja:
1755 564 2085 615 “Resurrexit
2105 562 2244 612 siout
2258 561 2414 627 dixit,
2435 563 2676 631 alleluja:

635 647 804 708 “Quia
815 664 969 712 quem
978 649 1212 699 meruisti
1223 654 1446 714 portare,
1461 647 1687 714 alleluja,
1760 649 1899 700 “Ora
1911 663 2006 713 pro
2026 646 2182 698 nobis
2193 646 2386 711 Deum,
2409 647 2679 715 alleluja.”

662 729 701 797 ξ
732 727 933 799 148.)
971 731 1030 781 ln
1058 730 1295 798 Capitulo
1322 731 1435 796 (ubi
1458 729 1790 782 scribendum
1815 729 2033 796 “[Eecl'i
2057 732 2135 779 24.
2159 726 2319 794 A.]”),
2343 758 2415 767 —
2444 735 2492 781 1.
2518 732 2729 800 Vulgata

561 811 636 880 (v.
666 815 750 878 11)
788 815 872 864 “et
897 815 955 864 in
987 814 1070 865 his
1103 813 1379 865 omnibus”
1409 813 1583 865 habet.
1606 840 1671 850 —
1696 817 1743 865 2.
1769 815 1852 863 “et
1883 811 2044 862 dixit”
2080 811 2243 877 (quod
2274 828 2311 861 a
2344 812 2547 865 Graeco
2583 817 2733 884 abest)

566 914 662 964 pro
690 898 773 947 “et
788 897 997 948 loeutus
1016 896 1126 947 est'’
1152 896 1528 963 accipiendum.
1545 923 1608 935 —
1629 900 1675 947 3.
1700 896 1803 947 Pro
1832 895 2119 960 “requievit
2140 895 2195 944 in
2218 893 2581 948 tabernaculo
2600 899 2730 949 meo‘'

568 983 806 1032 Graecum
834 977 1042 1047 (saltem
1066 985 1124 1029 ut
1147 995 1288 1030 nuno
1306 979 1518 1046 legitur)
1555 985 1637 1030 est
1664 980 2019 1044 “requiescere
2051 978 2177 1028 feeit
2201 976 2619 1032 tabernaculum
2643 1000 2733 1034 me·

571 1064 748 1127 “um’‘;
770 1065 830 1116 in
851 1063 1025 1115 eodem
1047 1062 1249 1114 seilicet
1271 1062 1390 1129 Ipae
1413 1063 1746 1128 requieocem.

668 1147 968 1214 Capitulum
1000 1151 1176 1196 autem
1197 1147 1372 1213 ipsum
1404 1148 1462 1196 in
1482 1146 1873 1212 Assumptionis
1897 1147 2020 1196 etin
2043 1161 2203 1211 supra
2227 1141 2305 1210 (p.
2331 1144 2520 1212 xlviij)
2557 1166 2734 1201 memo·

567 1237 678 1281 rato
703 1231 1015 1280 Devotionis
1035 1230 1223 1280 Officio
1249 1230 1325 1293 (in
1350 1245 1569 1294 quorum
1591 1230 1764 1295 priore
1786 1229 1854 1279 ad
1872 1230 2099 1279 Primam
2121 1235 2181 1279 ut
2202 1229 2334 1292 hi0†‚
2358 1230 2423 1278 in
2450 1234 2735 1295 posteriore

567 1314 634 1365 ad
655 1320 904 1378 utrasque
926 1311 1129 1377 Vesp'S,
1157 1313 1224 1362 ad
1247 1313 1473 1377 LaudeS,
1507 1319 1560 1363 et
1584 1313 1651 1362 ad
1673 1314 1901 1362 Tertiam
1925 1312 2131 1378 dieitur)
2167 1312 2437 1378 integrum
2459 1314 2736 1366 invenitur.

665 1395 705 1465 β
746 1393 939 1465 144.)
983 1395 1283 1462 Capitulum
1325 1397 1392 1446 ad
1432 1397 1663 1446 Tertiam
1695 1392 1849 1462 (ante
1890 1394 2032 1461 quod
2071 1394 2415 1446 scribendum
2454 1404 2546 1447 est
2589 1398 2736 1464 “Gap

572 1481 781 1550 “[Eool'i
802 1485 880 1532 24.
897 1477 1044 1547 A.]’')
1061 1481 1118 1529 in
1136 1495 1293 1546 supra
1313 1479 1383 1546 (p.
1401 1479 1575 1549 xlviij)
1590 1485 1872 1531 memorato
1891 1479 2204 1529 Devotionis
2225 1477 2422 1527 Officio
2444 1482 2501 1527 et
2519 1467 2736 1530 in'Brev.

567 1568 715 1617 Rom.
741 1567 816 1632 (in
840 1581 943 1630 quo
969 1563 1035 1613 ad
1057 1561 1242 1628 Vesp's
1266 1579 1475 1628 quoque
1497 1564 1703 1629 dicitur)
1727 1564 1990 1630 integrum
2009 1561 2354 1612 invenitur.††

668 1647 912 1714 Capitula
932 1662 1059 1697 vero
1085 1645 1153 1695 ad
1174 1645 1382 1695 Sextam
1408 1651 1461 1695 et
1483 1645 1551 1696 ad
1571 1648 1777 1698 Nonam
1799 1646 1856 1695 in
1878 1644 2267 1710 Assumptionis
2293 1647 2346 1692 et
2368 1643 2429 1692 in
2450 1643 2623 1694 modo
2645 1660 2737 1693 me·

566 1736 766 1781 morato
791 1730 1102 1779 Devotionis
1127 1728 1336 1792 officie,
1361 1729 1519 1778 etiam
1540 1730 1596 1778 in
1619 1745 1778 1795 supra
1814 1728 1903 1793 (ad
1927 1728 1956 1788 ἓ
1985 1730 2093 1790 116,
2116 1727 2174 1775 in
2199 1725 2386 1775 notula
2409 1725 2461 1790 fl)
2489 1742 2737 1776 memora·

567 1816 634 1863 tis
658 1814 816 1863 Horis
841 1811 1334 1862 constantiensibus
1360 1816 1411 1861 et
1442 1812 1598 1862 Brev,
1624 1811 1815 1875 Carth„
1849 1812 2056 1876 integra
2087 1809 2448 1859 inveniuntur.
2490 1809 2558 1858 In
2591 1810 2737 1860 Brev,

568 1904 741 1948 autem
763 1898 910 1946 Rom.
953 1895 1104 1945 ambo
1129 1895 1185 1943 in
1220 1911 1384 1945 unum
1417 1896 1699 1960 conjuncta
1723 1894 1851 1959 Cap.
1878 1893 1944 1943 ad
1968 1893 2177 1943 Sextam
2199 1891 2420 1956 faciunt,
2460 1900 2519 1943 et
2554 1893 2627 1942 ad
2648 1894 2736 1944 No-

569 1995 690 2029 nam
714 1979 901 2029 dieitur
929 1977 1018 2027 “In
1042 1977 1231 2043 plateis
1256 1978 1392 2028 siout
1415 1976 1834 2029 cinnamomum''
1859 1979 1953 2028 διο.
1975 1982 2036 2026 ut
2059 1976 2089 2037 ἓ
2118 1975 2226 2025 119.

669 2069 721 2112 et
741 2063 797 2111 in
823 2066 968 2126 parte
991 2061 1094 2110 Dei
1117 2062 1217 2111 mei
1240 2061 1500 2111 hereditas
1536 2059 1700 2127 illius]
1726 2061 1787 2111 In
1813 2061 2013 2122 Graece,
2037 2060 2092 2110 ἓν
2111 2058 2286 2130 μερίδι
2311 2063 2543 2131 Κυρίου,
2569 2064 2739 2131 κληρο-

569 2151 748 2214 νομίας
779 2144 962 2207 αὐτοῦ,
996 2144 1073 2209 (in
1098 2151 1256 2209 parte
1279 2142 1405 2204 Dm,
1441 2142 1518 2210 [in
1546 2141 1715 2209 parte]
1741 2142 2042 2194 hereditatis
2074 2141 2225 2210 ejae,)
2252 2143 2299 2193 si
2322 2143 2562 2195 litteram
2589 2162 2737 2195 unam

572 2231 822 2294 omiseris,
855 2230 913 2280 in
936 2236 1094 2294 parte
1127 2225 1239 2276 Dm
1269 2225 1528 2277 hereditas
1560 2226 1681 2292 ejus,
1717 2226 1953 2278 habebis.
1978 2228 2042 2277 In
2065 2244 2167 2292 quo
2197 2227 2394 2293 “ejus''‚
2428 2234 2497 2278 ut
2521 2228 2673 2293 quod
2693 2231 2739 2277 in

570 2315 800 2381 Vulgata
821 2313 1029 2379 legitur,
1057 2308 1258 2360 “illius''
1277 2305 1368 2374 (ef.
1394 2309 1461 2358 ad
1486 2311 1515 2370 ἓ
1540 2310 1646 2374 54),
1661 2338 1732 2347 --
1750 2309 1818 2359 ad
1844 2311 2127 2377 “populum
2147 2310 2603 2363 honorificatum'’
2622 2314 2741 2362 refe·

570 2404 712 2447 ratur
737 2401 957 2462 oportet.

666 2482 728 2529 In
752 2477 1027 2529 Fasciculo
1053 2482 1222 2527 autem
1246 2482 1426 2526 nostro
1452 2475 1784 2526 scribendum
1809 2482 1888 2526 est
1915 2477 1996 2526 “in
2015 2475 2251 2543 partes'':
2275 2477 2382 2527 hoo
2400 2480 2550 2528 enim
2569 2484 2684 2529 tam
2699 2480 2744 2527 in

571 2563 958 2628 Assumptionis
985 2577 1141 2625 quam
1163 2560 1218 2609 in
1242 2576 1402 2625 supra
1424 2560 1498 2626 (p.
1517 2559 1691 2628 xlviij>
1709 2566 1990 2611 memorato
2016 2563 2329 2612 Devotionis
2351 2562 2570 2627 officie,
2600 2566 2745 2615 etiam

570 2649 626 2696 in
650 2661 807 2711 supra
831 2644 918 2709 (ad
936 2645 967 2705 ξ
995 2646 1104 2705 116,
1127 2644 1185 2693 in
1207 2644 1390 2694 notula
1415 2645 1466 2708 ss)
1492 2646 1786 2695 memoratis
1811 2645 1970 2695 Horis
1994 2644 2499 2697 Constantiensibus
2520 2653 2582 2696 et
2599 2650 2747 2697 Brev.

574 2730 765 2791 Carth„
792 2730 1041 2793 seriptum
1059 2728 1349 2791 invenitur;
1376 2729 1580 2779 etiamsi
1597 2745 1691 2795 pro
1715 2744 1841 2779 vera
1863 2728 1969 2778 1οοί
1986 2728 2176 2778 Bibliei
2191 2728 2423 2778 lectione
2441 2729 2751 2782 habendum

573 2818 653 2863 est
677 2812 815 2876 quod
833 2813 886 2860 in
906 2812 1130 2879 Vulgata
1149 2813 1271 2862 etin
1295 2813 1450 2862 Brev.
1475 2813 1620 2861 Rom.
1647 2811 1718 2877 (v.
1737 2811 1914 2876 supra)
1934 2811 2141 2877 legitur,
2166 2810 2250 2859 “in
2267 2810 2475 2875 parte''.
2495 2813 2642 2863 Post
2658 2813 2752 2863 lec·

572 2898 769 2946 tionem
800 2910 924 2945 vero
963 2897 1044 2945 “et
1075 2897 1130 2945 in
1165 2903 1338 2961 partes
1371 2896 1473 2944 Dei
1503 2893 1653 2959 mei'',
1692 2895 1957 2945 “extendit
1990 2892 2094 2958 se'',
2128 2893 2216 2943 vel
2241 2894 2511 2957 ejusmodi
2534 2896 2755 2962 aliquid,

575 2977 901 3042 subintelligi
921 2984 1111 3043 potest.

674 3059 914 3110 Ceterum
931 3061 988 3111 in
1007 3060 1252 3127 Vulgata,
1273 3059 1519 3126 Capitula
1541 3059 1609 3110 ad
1626 3060 1870 3124 Tertiam,
1894 3059 1962 3109 ad
1981 3059 2203 3123 Sextam,
2229 3064 2283 3110 et
2299 3060 2370 3111 ad
2387 3062 2633 3129 Nonam,
2652 3080 2756 3115 ver·

576 3161 664 3197 sus
689 3149 812 3194 sunt
839 3146 914 3206 14,
942 3144 1017 3207 15,
1045 3149 1095 3192 et
1122 3147 1180 3193 16
1206 3144 1513 3210 respective.

673 3226 711 3296 δ
740 3223 940 3294 145.)
973 3227 1054 3276 De
1077 3225 1195 3275 Afla
1220 3224 1415 3276 Sancta
1438 3225 1632 3289 Maria,
1662 3242 1917 3277 succurre.
1940 3243 1991 3276 v.
2014 3241 2066 3291 p.
2088 3224 2255 3289 xlviij.
2816 3258 2817 3321 1

640 3354 672 3387 *
689 3355 1001 3415 AsterisouS,
1034 3358 1091 3401 ut
1122 3352 1175 3400 in
1212 3349 1326 3402 a‘fiis
1348 3352 1599 3401 Romanis
1763 3350 2063 3402 Notandum
2104 3354 2182 3398 est
2221 3354 2414 3413 autem,
2461 3354 2521 3403 in
2569 3355 2759 3405 Officio

576 3424 786 3491 passim,
814 3421 989 3470 locum
1013 3423 1162 3468 notat
1183 3417 1274 3468 ubi
1297 3418 1410 3467 afiae
1431 3419 1602 3483 incep·
1698 3418 1870 3467 Parvo
1895 3416 2081 3478 nullas,
2103 3431 2275 3481 neque
2306 3416 2366 3466 in
2390 3419 2660 3472 Romano
2686 3439 2761 3472 ne·

575 3490 645 3538 tio
671 3489 742 3554 (v.
764 3489 914 3538 Faso.
936 3487 977 3549 I,
1002 3503 1054 3551 p.
1078 3501 1127 3546 X,
1163 3500 1280 3533 eum
1302 3485 1449 3535 Anni
1475 3484 1600 3534 1855
1700 3500 1801 3548 que
1826 3486 1882 3533 in
1920 3482 2293 3533 sarisburiensi
2321 3484 2648 3554 Breviario,
2684 3490 2761 3539 du·

575 3555 868 3617 Addendis)
891 3550 1217 3602 terminanda
1238 3551 1321 3600 sit.
1688 3551 1888 3615 plicari
1910 3550 2054 3601 afias.

674 3638 778 3684 †Sic
805 3644 842 3673 et
866 3638 904 3673 in
932 3646 1042 3684 supra
1068 3635 1132 3682 (ad
1158 3631 1186 3685 ξ
1213 3632 1302 3681 116,
1327 3635 1363 3671 in
1392 3635 1521 3672 notula
1550 3637 1593 3684 g)
1621 3636 1833 3673 memoratis
1863 3636 1971 3672 Horis
1999 3635 2374 3674 Constantiensubua:
2411 3637 2453 3675 in
2485 3640 2652 3679 ibidem
2682 3652 2761 3679 vero

577 3693 779 3724 memorato
807 3686 918 3722 Brev.
948 3686 1075 3722 earth.
1105 3685 1149 3721 ad
1177 3687 1332 3724 Tertiam
1359 3686 1508 3722 dicitur.

676 3737 736 3783 ††
757 3737 798 3772 ln
824 3747 936 3783 supra
963 3735 1030 3783 (ud
1056 3732 1085 3785 ξ
1110 3732 1200 3781 116,
1226 3737 1263 3772 in
1292 3734 1419 3772 notula
1446 3737 1491 3784 g)
1517 3736 1729 3772 memoratis
1757 3736 1865 3773 Horis
1891 3734 2243 3774 Constantiensibus
2272 3735 2407 3772 folium
2439 3736 2480 3776 in
2511 3752 2605 3789 qno
2637 3743 2763 3779 Tertii·

579 3786 991 3873 Capitulumdscrtiptum
1019 3791 1096 3823 erat
1123 3785 1316 3833 abreptum
1342 3790 1417 3822 esu
1458 3786 1505 3823 de
1532 3785 1671 3823 ibidem
1698 3796 1785 3824 vero
1813 3794 2013 3824 memoratu
2042 3787 2155 3827 Brev.
2186 3786 2312 3823 Carth.
2341 3798 2381 3827 v.
2411 3792 2608 3829 notulam
2643 3794 2762 3841 proxi·

578 3846 638 3874 me
664 3846 788 3883 praece
818 3847 862 3873 en
882 3847 957 3872 em.
