2910 4457
626 352 701 413 ss·
1401 370 1691 412 nomnen
1732 369 1929 410 nitens

625 483 823 532 laudate
867 493 987 532 eum
1023 485 1208 532 omnes
1229 484 1443 532 virtutes
1484 484 1614 544 ejus,

688 545 909 593 Laudate
930 558 1047 594 eum
1071 547 1142 593 sol
1166 550 1214 593 et
1236 546 1354 593 luna
1382 562 1395 595 z
1419 547 1619 595 laudato

625 619 744 655 eum
766 619 943 654 omnes
958 607 1114 655 stellae
1135 612 1182 654 et
1204 607 1396 655 lumen.

688 669 912 717 Laudato
942 681 1058 716 cum
1099 670 1208 717 coeli
1244 670 1487 717 coelorum
1522 685 1534 718 ε
1572 673 1621 718 et

626 742 770 789 aquae
792 743 968 778 omnes
988 743 1100 790 quae
1122 743 1272 791 super
1295 732 1444 780 coelos
1470 736 1617 791 sunt,

629 791 835 840 laudent
858 804 1043 840 nomen
1061 792 1182 840 Dixi.

691 853 826 914 Quia
864 855 969 913 ipse
1005 855 1157 912 dixit,
1198 859 1246 902 et
1284 853 1411 903 sacta
1448 858 1571 902 sunt
1608 868 1621 903 ε

629 916 736 976 ipse
755 916 1044 973 mandavit,
1070 921 1118 963 et
1139 922 1300 965 creata
1325 921 1465 964 sunt.

694 978 881 1026 Statuit
903 990 958 1025 ea
987 978 1037 1025 in
1072 983 1345 1037 aeternum,
1370 983 1419 1026 et
1447 977 1500 1024 in
1531 988 1626 1024 sae-

631 1040 805 1087 culum
839 1040 1008 1087 saeeuli
1041 1054 1053 1088 :
1088 1046 1390 1099 praeceptum
1427 1039 1620 1099 posuit,

631 1106 681 1150 et
703 1113 802 1151 non
824 1101 1114 1161 praeteribit.

693 1164 917 1211 Laudate
939 1164 1073 1209 Dum
1091 1163 1151 1210 de
1168 1166 1299 1210 terra
1322 1163 1596 1212 :dracones
1610 1198 1624 1221 ,

631 1229 678 1273 et
700 1236 876 1272 omnes
891 1224 1058 1283 abyssi
1078 1235 1092 1281 3

693 1286 861 1345 Ignis,
888 1286 1106 1345 grando,
1142 1284 1253 1343 nix,
1287 1284 1495 1345 glacies,
1523 1285 1629 1344 spi-

633 1347 764 1395 ritus
787 1348 1117 1407 procellarum
1140 1359 1283 1407 :quae
1307 1348 1499 1396 faciunt
1517 1360 1628 1396 ver-

634 1410 756 1457 bum
782 1409 911 1469 ejus·

695 1472 923 1530 Montes,
961 1476 1010 1519 et
1042 1482 1219 1519 omnes
1250 1470 1399 1519 colles
1436 1485 1449 1519 ε
1487 1469 1627 1530 ligna

635 1533 892 1581 fructifera
905 1570 920 1593 ,
943 1539 991 1581 et
1012 1544 1190 1582 omnes
1209 1533 1345 1582 cedri
1366 1548 1379 1582 ι

698 1595 901 1652 Bestiae,
934 1601 982 1643 et
1012 1595 1251 1643 universa
1283 1606 1459 1653 pecora
1484 1609 1498 1643 ε
1524 1606 1631 1642 ser-

636 1661 833 1716 penteS‚
852 1662 901 1704 et
923 1657 1152 1704 volucres
1175 1662 1401 1716 pennatae
1427 1671 1440 1705 ε

699 1718 863 1776 Reges
897 1724 1069 1776 terrae,
1109 1722 1158 1764 et
1198 1729 1376 1765 omnes
1409 1715 1579 1777 populi
1615 1731 1628 1765 ε

636 1779 917 1839 principes,
941 1784 990 1827 et
1004 1790 1181 1827 omnes
1206 1779 1404 1837 judiees
1435 1783 1580 1826 terra:
1615 1792 1628 1825 ε

700 1840 920 1888 Juvenes
958 1845 1006 1888 et
1045 1840 1298 1899 virgineS‚
1330 1851 1475 1887 senes
1509 1851 1628 1887 cum

633 1902 945 1962 junioribus,
992 1902 1199 1949 laudent
1242 1910 1424 1949 nomen
1470 1900 1572 1948 Dni
1614 1916 1628 1951 ι

638 1963 758 2025 quia
769 1963 1040 2011 exaltatum
1052 1968 1129 2011 est
1137 1974 1320 2010 nomen
1331 1963 1443 2022 eius
1450 1963 1521 2010 sol
1529 1963 1629 2010 ius·

699 2025 957 2074 Confessio
999 2025 1110 2084 ejus
1152 2036 1302 2084 super
1354 2025 1538 2082 coelum
1582 2029 1631 2072 et

638 2093 827 2137 terram
842 2092 916 2137 :et
931 2086 1163 2136 exaltavit
1177 2099 1334 2134 cornu
1348 2087 1517 2146 populi
1529 2086 1628 2135 sui.

701 2151 942 2210 Hymnus
970 2149 1212 2197 omnibus
1247 2150 1436 2196 sanctis
1469 2149 1581 2208 ejus
1616 2163 1631 2197 z

639 2211 761 2261 filiis
780 2212 962 2271 Israel,
996 2212 1178 2272 populo
1205 2210 1633 2271 appropinquanti

630 2275 748 2323 sibi.
1203 2273 1446 2321 Psalmus
1467 2273 1628 2322 cxlix.

722 2340 890 2384 antate
926 2335 1039 2383 1)ῆο
1074 2335 1328 2383 canticum
1378 2347 1569 2383 novum
1614 2350 1626 2384 z

725 2398 835 2444 laus
852 2397 963 2456 ejus
989 2397 1041 2444 in
1061 2396 1284 2444 Ecclesia
1312 2402 1629 2444 sanctorum.

700 2459 918 2505 Laetetur
969 2459 1121 2506 lsrael
1180 2458 1232 2504 in
1277 2471 1333 2506 eo
1381 2459 1473 2517 qui
1518 2458 1631 2506 fecit

637 2531 755 2570 eum
782 2534 795 2568 t
828 2525 874 2567 et
899 2519 1001 2567 filie
1025 2519 1145 2568 Sion
1185 2520 1405 2567 exultent
1428 2521 1481 2567 in
1517 2531 1632 2579 rege

647 2593 757 2630 suo.

700 2643 931 2693 Laudent
946 2654 1128 2691 nomen
1152 2641 1265 2701 eJ'us
1290 2641 1343 2690 in
1368 2643 1552 2692 choro:
1576 2642 1630 2691 in

639 2712 878 2767 tympano
900 2710 946 2753 et
969 2705 1203 2766 psalterio
1224 2705 1441 2763 psallant
1462 2704 1526 2753 ei.

705 2768 838 2828 Quia
866 2768 1234 2827 beneplacitum
1253 2771 1325 2815 est
1344 2767 1455 2814 Dno
1475 2766 1528 2814 in
1548 2778 1635 2825 po-

643 2830 761 2936 p11¹lo
783 2841 875 2876 suo
894 2844 908 2878 t
926 2833 975 2877 et
997 2831 1230 2878 exaltavit
1256 2832 1551 2877 mansuetos
1579 2828 1634 2875 in

643 2901 698 2938 sa
723 2894 883 2936 utem.

704 2949 1017 2998 Exultabunt
1032 2951 1193 2998 sancti
1213 2951 1264 2998 in
1285 2951 1443 3011 gloria
1470 2949 1638 3000 :laeta-

645 3012 838 3061 buntur
863 3011 914 3057 in
933 3011 1185 3059 cubilibus
1210 3014 1335 3060 suis.

708 3071 1053 3121 Exultationos
1083 3073 1174 3120 Dei
1214 3073 1266 3120 in
1307 3076 1513 3134 gutture
1557 3086 1639 3122 eo-

648 3146 765 3182 rum
786 3148 799 3183 ε
820 3138 866 3182 et
885 3134 1039 3193 gladii
1057 3134 1299 3193 ancipites
1320 3136 1372 3183 in
1396 3135 1640 3183 manibus

649 3207 844 3246 eorum.

712 3256 794 3305 Ad
817 3255 1094 3304 faciendam
1116 3256 1393 3305 vindictam
1412 3256 1467 3304 in
1485 3258 1642 3306 natio-

652 3320 806 3368 nibus
830 3333 844 3366 :
868 3317 1232 3376 increpationes
1252 3319 1306 3366 in
1329 3320 1546 3378 populis.

714 3381 798 3429 Ad
847 3379 1128 3438 alligandos
1178 3393 1317 3441 reges
1359 3394 1534 3429 eorum
1586 3381 1638 3428 in

652 3441 975 3504 compedibus
1010 3457 1023 3491 :
1061 3448 1110 3491 et
1150 3444 1342 3493 nobiles
1378 3456 1554 3492 eorum
1587 3444 1639 3490 in

655 3504 870 3557 manicis
893 3504 1083 3553 ferreis,

1778 483 1849 531 Ut
1880 482 2065 530 saciant
2107 481 2161 530 in
2198 481 2274 530 eis
2297 481 2553 542 judicium
2586 494 2710 531 con-

1715 545 1962 604 scriptum
1989 559 2002 592 ε
2027 544 2185 603 gloria
2221 543 2328 592 haec
2363 548 2438 592 est
2468 544 2711 594 omnibns

1715 606 1907 654 sanctis
1928 607 2056 665 eJuS.
2376 606 2621 653 Psalmus
2641 607 2708 655 cl.

1799 668 1980 716 audate
1999 668 2136 715 Dnm
2153 666 2206 713 in
2224 667 2416 714 sanctis
2435 667 2577 726 ejus:
2599 668 2714 716 lau-

1751 791 1760 802 ·
1800 730 1915 777 date
1935 730 2127 777 eumin
2155 728 2478 777 firmamento
2501 729 2714 779 virtutis

1718 803 1845 851 ejus,

1780 852 2004 901 Laudato
2030 863 2149 899 eum
2179 851 2230 898 in
2255 852 2534 901 virtutibus
2560 852 2676 911 ejus
2701 869 2716 904 z

1720 915 1919 962 laudate
1950 924 2068 960 eum
2100 914 2381 962 secundum
2421 915 2717 964 multitudi-

1721 989 1837 1024 nem
1862 976 2238 1034 magnitudinis
2254 977 2382 1035 eius,

1783 1038 2007 1086 Laudato
2037 1049 2152 1084 eum
2188 1038 2238 1084 in
2269 1050 2393 1085 sono
2417 1037 2551 1085 tubae
2571 1038 2717 1087 :lau—

1720 1102 1835 1149 date
1852 1112 1970 1146 eum
1991 1100 2042 1146 in
2061 1099 2296 1157 psalterio
2318 1104 2364 1147 et
2383 1099 2596 1149 cithara.

1784 1161 2007 1209 Laudate
2058 1172 2176 1210 eum
2232 1161 2287 1208 in
2362 1166 2604 1221 tympano
2668 1167 2727 1212 et

1722 1223 1910 1272 choro:
1938 1223 2137 1271 laudate
2167 1234 2284 1271 eum
2335 1223 2390 1271 in
2429 1223 2632 1272 chordis
2671 1230 2722 1272 et

1705 1290 1933 1344 *organ0.

1784 1346 2008 1396 Laudato
2042 1357 2159 1394 eum
2199 1345 2252 1393 in
2291 1345 2537 1405 cymbalis
2566 1346 2721 1395 bene-

1723 1408 2052 1469 sonantibus3
2087 1408 2287 1455 laudate
2301 1419 2419 1456 eum
2443 1409 2497 1457 in
2515 1409 2725 1469 cymba-

1725 1471 1788 1519 lis
1801 1470 2122 1530 J‘ubilationis
2147 1484 2160 1518 :
2182 1469 2352 1518 omnis
2379 1470 2591 1530 spiritus
2609 1472 2723 1520 lau-

1725 1533 1808 1581 det
1828 1532 2128 1580 Dominum.

1787 1594 1959 1643 Gloria
1981 1593 2142 1642 Patri.

1908 1655 2203 1715 Capitulum
2222 1672 2236 1702 .·
2257 1655 2411 1715 Apoc.
2434 1654 2526 1716 viJ'.

1726 1717 2070 1827 Benedictio,
2085 1721 2134 1764 et
2151 1716 2371 1776 clarium,
2390 1722 2437 1765 et
2454 1718 2702 1777 sapientia
2718 1756 2733 1779 ,

1809 1783 1855 1826 et
1875 1779 2156 1839 gratiarum
2174 1779 2320 1837 acti0,
2346 1779 2523 1838 honor,
2541 1785 2589 1829 et
2612 1781 2736 1829 vir-

1727 1847 1828 1900 tus»,
1840 1845 1888 1888 et
1906 1840 2146 1888 fortitudo
2160 1840 2264 1889 Deo
2278 1846 2447 1889 nostro
2464 1842 2518 1890 in
2541 1844 2726 1892 saecula

1727 1902 2047 1952 saeeulorum.
2066 1901 2258 1951 Amen.

1789 1965 1892 2013 Deo
1916 1965 2124 2024 gratias,

1792 2026 1902 2073 Hoc
1917 2027 2041 2086 Cap.
2057 2026 2245 2073 dicitur
2253 2026 2311 2072 in
2323 2024 2555 2073 omnibus
2567 2026 2724 2077 Dom.

1727 2089 1797 2136 ad
1826 2087 2023 2135 Laudes
2057 2086 2092 2135 ὰ
2113 2088 2225 2135 Dne
2272 2100 2334 2136 ne
2364 2088 2417 2136 in
2455 2088 2532 2137 ira
2568 2102 2730 2151 usque

1727 2151 1798 2198 ad
1834 2163 1965 2209 Lxx,
2003 2154 2054 2197 et
2071 2147 2107 2197 ὰ
2130 2150 2266 2197 Deus
2298 2151 2534 2200 omnium
2571 2163 2731 2213 usque

1728 2213 1797 2260 acl
1836 2213 1972 2261 Adv.
2004 2212 2404 2274 ¹quandocwtque
2459 2212 2636 2274 agitur
2666 2212 2730 2262 de

1794 2335 1858 2382 In
1874 2334 2103 2382 omnibus
2118 2335 2268 2382 Dom.
2292 2333 2328 2383 ὰ
2347 2335 2458 2383 Dfie
2475 2348 2539 2383 ne
2554 2335 2608 2383 in
2625 2336 2728 2395 ira,

1727 2399 1931 2458 quando
1941 2399 1999 2445 de
2008 2397 2158 2444 Dom.
2169 2398 2360 2458 aqitur,
2369 2409 2524 2458 usque
2533 2399 2604 2446 ad
2619 2412 2729 2449 Lxx

1729 2459 1916 2506 dicitur
1938 2460 2008 2507 ad
2026 2459 2224 2507 Laudes
2237 2459 2315 2506 hic
2330 2471 2538 2521 sequens

2086 2521 2349 2580 Hymnus.

1733 2585 1983 2686 AEterne
2004 2594 2177 2631 rerum
2196 2582 2454 2641 Conditor,

1842 2642 2047 2692 Noctem
2064 2644 2300 2704 diemque
2315 2644 2405 2704 qui
2421 2642 2556 2703 regis
2569 2680 2582 2702 ‚

1731 2705 1796 2753 Et
1817 2708 2103 2765 temporum
2126 2706 2218 2753 das
2240 2711 2489 2766 tempora,

1731 2768 1801 2815 Ut
1819 2768 2000 2816 alleves
2018 2767 2299 2815 fastidium.

1797 2829 1965 2878 Proeco
1989 2829 2090 2877 diei
2106 2829 2217 2888 jam
2236 2833 2407 2887 sonat,

1733 2891 1905 2940 Noctis
1927 2890 2189 2950 profundae
2211 2889 2443 2951 pervigil,

1734 2951 1994 3001 Nocturna
2011 2952 2096 2999 lux
2112 2953 2374 3001 viantibus
2387 2989 2401 3011 ,

1735 3013 1785 3062 A
1804 3019 1946 3061 nocte
1969 3019 2162 3062 noctem
2185 3026 2474 3075 segregans,

1796 3075 1905 3123 Hoc
1927 3076 2170 3124 excitatus
2188 3076 2364 3125 lucifer

1737 3135 1896 3185 Solvit
1912 3138 2084 3196 polum
2102 3138 2318 3197 caligine
2331 3173 2345 3196 ,

1736 3200 1845 3246 Hoc
1861 3200 2031 3248 omnis
2048 3211 2279 3248 errorum
2302 3200 2487 3248 chorus

1738 3260 1891 3313 Viam
1916 3261 2126 3310 nocendi
2144 3262 2345 3310 deserit.

1803 3323 1911 3370 Hoc
1930 3328 2083 3371 nauta
2106 3323 2239 3371 vires
2265 3322 2478 3382 colligit,

1739 3384 1989 3444 Pontique
2011 3385 2283 3433 mitescunt
2300 3384 2425 3433 freta
2445 3399 2458 3432 :

1740 3446 1848 3493 Hoc
1866 3445 1973 3504 ipsa
1992 3452 2130 3505 petra
2152 3447 2386 3494 Ecclesiae

1746 3505 1968 3557 Canente
1989 3508 2192 3568 culpam
2208 3507 2378 3557 diluit.

2878 1751 2886 1786 l
