2910 4457
268 368 460 436 cona]
1068 384 1142 420 nn
1169 384 1447 420 marmus,
2085 371 2280 424 lxxxiii

331 516 401 568 P.
422 519 491 569 92
514 532 563 567 a.
590 516 718 567 Ant.
743 511 814 566 ad
835 512 1023 580 Mayn.
1048 514 1105 565 in
1130 512 1225 566 Br.
1252 512 1406 565 Rom.
1431 522 1510 566 est
1533 517 1565 542 “
1587 512 1889 583 Raepexisti
1910 513 2270 569 humilitatem

258 619 461 667 meam,
487 603 628 654 D’ne
655 602 805 653 Deus
828 600 1025 652 meus.”

327 689 694 759 Direptionis]
733 687 1044 757 Legendum
1077 687 1480 757 Diremptionis.
1520 689 1613 740 Br.
1650 689 1833 742 Heref.
1865 699 2046 744 autem
2083 691 2271 744 Diree-

257 775 442 839 tioniS,
467 783 523 827 et
543 792 673 827 mox
695 775 945 826 mentium
967 792 1147 840 synum
1173 771 1324 843 (sic).
1387 774 1455 826 In
1482 774 1575 826 Br.
1603 775 1760 827 Ebor.
1787 777 1980 847 Gough
2005 782 2038 829 6
2062 795 2273 847 quoque

254 862 516 913 mentium
539 860 726 913 eodem
749 877 916 912 errore
939 861 1192 929 scriptum
1218 867 1309 912 est.

333 944 514 1011 dares]
547 946 636 998 Sic
660 949 799 999 recte
834 962 958 997 cum
990 946 1085 997 Br.
1113 945 1273 997 Ebor.
1308 945 1711 1012 antiquissimus
1738 964 1768 1001 e
1800 947 1947 1001 libris
1978 952 2166 1002 nostris
2199 952 2270 1017 (v.

261 1031 337 1085 ad
363 1032 456 1085 Pr.
486 1037 554 1085 12
576 1034 654 1100 a):
691 1033 880 1101 reliqui
903 1032 1069 1084 nostri
1093 1049 1216 1085 cum
1242 1032 1337 1084 ΒΥ.
1363 1032 1550 1084 Heres.
1577 1032 1739 1085 daret.

330 1118 394 1171 P.
421 1122 493 1171 93
517 1136 569 1171 a.
597 1119 700 1170 Pro
726 1120 852 1171 Ant.
876 1118 1065 1170 “Ecce
1090 1117 1216 1170 &c.'’
1241 1120 1298 1170 in
1334 1119 1425 1171 Br.
1447 1118 1606 1171 Ebor.
1626 1121 1882 1189 posterior
1905 1119 2085 1173 versus
2109 1123 2268 1190 primi

258 1222 403 1273 pam,
430 1206 487 1258 in
513 1205 609 1257 Br.
635 1205 791 1258 Rom.
818 1222 996 1257 versus
1017 1213 1162 1257 totus
1185 1204 1394 1258 dicitur.

333 1326 387 1378 p.
413 1309 561 1373 xxvi,
582 1326 677 1378 pro
698 1325 879 1377 parag.
903 1312 957 1360 2.
982 1308 1179 1361 scribe:

326 1412 392 1464 P.
419 1416 491 1463 93
514 1412 568 1464 b.
594 1413 733 1465 Ante
758 1412 848 1464 Ps.
875 1430 1046 1463 cxxxv
1069 1413 1126 1463 in
1153 1412 1244 1464 Br.
1273 1411 1431 1465 Ebor.
1458 1412 1655 1480 legitur
1680 1412 1915 1466 Rubrica
1935 1431 2191 1483 sequens:

328 1501 364 1528 ‘⁸
382 1498 693 1551 Notandum
716 1509 790 1551 est
812 1499 953 1568 quod
976 1499 1185 1569 infesto
1223 1498 1426 1569 duplici
1455 1501 1898 1568 tantdmfinietur
1919 1501 2139 1569 quilibet
2162 1521 2273 1554 ver-

254 1586 288 1613 “
315 1603 408 1637 eus
434 1584 639 1637 Psalmi
661 1587 913 1654 sequentis
937 1604 1053 1637 cum
1084 1587 1182 1638 isto
1201 1587 1319 1656 fine
1342 1607 1359 1638 :
1401 1586 1657 1653 quoniam
1692 1587 1748 1637 in
1784 1594 2040 1639 aeternum
2075 1590 2274 1642 miseri-

258 1675 292 1700 “
321 1671 509 1725 cordia
531 1672 659 1740 ejus,
732 1671 891 1723 Alias
913 1672 1063 1723 non?

329 1758 407 1811 In
433 1758 590 1811 BreV.
617 1766 798 1811 autem
823 1757 1000 1821 Rom„
1023 1757 1476 1827 quemadmodum
1511 1759 1568 1810 in
1603 1766 1759 1813 textu
1786 1758 2012 1825 Biblico,
2037 1761 2276 1814 clausula

260 1861 542 1899 recurrens
563 1852 683 1915 post
702 1861 966 1914 quemque
991 1862 1199 1898 versum
1222 1847 1494 1898 retinetur.

340 1964 406 2017 P.
433 1970 501 2018 94
526 1983 575 2018 a.
604 1964 673 2017 In
695 1966 960 2029 Denter-sa,
983 1983 1076 2035 pro
1107 1965 1192 2017 De
1224 1965 1609 2020 restituendum
1644 1966 1878 2030 fortasse,
1901 1967 2043 2036 quod
2074 1976 2183 2020 tam
2218 1971 2275 2021 in

261 2052 416 2107 libris
441 2052 632 2105 Sarisb.
653 2055 816 2120 quam
843 2054 898 2105 in
924 2053 1124 2106 caeteris
1147 2054 1389 2105 omnibus
1406 2069 1440 2103 a
1458 2054 1609 2105 nobis
1626 2054 1891 2122 inspectiS‚
1908 2061 2098 2121 praeter
2118 2055 2276 2106 Ebor.

264 2138 476 2208 Gough
511 2142 563 2202 6,
602 2139 884 2191 Breviariis
920 2140 1143 2206 aliisque
1181 2137 1329 2190 libris
1370 2139 1604 2206 antiquis
1643 2138 1854 2207 legitur,
1891 2138 1992 2190 Di.
2036 2139 2279 2191 Dimersa

263 2234 452 2280 autem
478 2224 592 2295 (pro
617 2242 723 2293 quo
754 2233 1006 2295 quattuor
1040 2243 1069 2278 e
1100 2224 1247 2277 libris
1281 2225 1469 2276 nostris
1500 2223 1720 2276 Diversa
1740 2226 1881 2277 :—in
1920 2225 2124 2278 duobus
2159 2227 2281 2279 vero

264 2312 341 2365 ad
366 2330 417 2382 p.
447 2317 548 2364 103
571 2313 608 2364 b
631 2314 949 2377 memoratis,
974 2313 1197 2381 aliisque
1220 2311 1454 2363 melioris
1478 2319 1620 2363 notae
1644 2312 1808 2375 libris,
1833 2320 1894 2364 ut
1916 2313 1972 2364 in
1997 2312 2090 2364 Br.
2120 2312 2279 2365 Ebor.

266 2410 327 2455 et
352 2401 559 2465 Heres„
582 2400 852 2470 Dimersa)
888 2418 956 2454 ex
987 2401 1100 2470 ipso
1139 2401 1389 2452 Demersa
1415 2397 1566 2469 (quae
1605 2399 1697 2451 Br.
1738 2399 1894 2452 Ebor.
1923 2400 2120 2470 Gough
2156 2403 2190 2451 6
2227 2410 2282 2452 et

267 2488 427 2541 Rom.
452 2488 693 2541 hodierni
724 2489 880 2540 lectio
904 2489 1000 2556 est)
1024 2505 1112 2557 per
1139 2487 1476 2541 iotacismum
1503 2486 1587 2554 (ef.
1612 2505 1663 2557 p.
1688 2484 1773 2557 ix)
1801 2495 1993 2551 ortum,
2017 2496 2072 2540 et
2095 2487 2281 2541 eodem

267 2591 434 2628 sensu
456 2574 861 2645 intelligendum
885 2581 978 2627 est.

343 2661 678 2730 imprimens]
707 2662 1121 2714 Recentissimus
1144 2679 1173 2715 e
1194 2661 1340 2714 libris
1370 2662 1561 2713 nostris
1589 2660 1666 2729 (v.
1701 2660 1770 2714 ad
1795 2677 1844 2728 p.
1869 2665 1935 2711 41
1965 2657 2046 2729 a),
2072 2676 2140 2711 ex
2163 2675 2285 2711 oon-

262 2747 496 2816 jectum,
520 2757 582 2801 ut
605 2749 828 2813 videtur,
852 2751 1158 2819 exprimens,
1207 2749 1272 2801 V.
1300 2757 1480 2801 autem
1505 2747 1655 2800 infra.

346 2834 518 2903 coelis]
571 2834 639 2887 In
686 2835 820 2888 libro
867 2837 954 2888 eui
1000 2837 1188 2891 titulus
1234 2840 1267 2867 “
1285 2837 1568 2906 Expositio
1620 2836 1955 2907 Hymnomm
2000 2854 2093 2888 sec.
2137 2855 2288 2890 usum

278 2918 528 2985 Sarum''‚
565 2920 727 2973 eollo:
765 2941 816 2975 v,
842 2922 995 2975 infra.

346 3006 603 3077 irrigans]
628 3008 728 3061 Vel
751 3010 1001 3076 irroqans,
1025 3009 1167 3079 quod
1200 3011 1257 3062 in
1294 3009 1478 3063 Douoe
1507 3010 1643 3074 Ref„
1670 3010 1724 3063 in
1750 3011 2097 3082 Est-positione
2126 3013 2288 3065 modo

282 3093 588 3157 memorata,
627 3095 684 3146 in
726 3094 818 3146 Br.
865 3095 1020 3147 Ebor.
1065 3104 1119 3149 et
1165 3096 1364 3161 Heres„
1406 3105 1461 3149 et
1501 3098 1557 3163 in
1596 3097 1799 3150 duabus
1838 3098 2095 3151 Breviarii
2132 3103 2164 3129 ‘⁴
2185 3117 2285 3152 sec.

281 3195 438 3232 usum
470 3180 650 3233 Curiae
687 3180 978 3234 Romanae”
1019 3182 1353 3246 editionibus,
1388 3184 1608 3235 minoris
1644 3185 1754 3235 una
1793 3181 1868 3253 (v,
1907 3201 1957 3252 p.
1994 3184 2128 3236 lxvii
2163 3201 2288 3236 oum

282 3264 418 3319 Add.
454 3274 509 3320 et
542 3266 688 3322 Corr.
722 3267 963 3334 ultimis),
988 3268 1153 3320 altera
1191 3268 1370 3321 formae
1405 3270 1633 3338 majoriS‚
1657 3269 2038 3338 benignissime
2074 3271 2225 3322 nobis
2259 3288 2293 3322 a

285 3350 634 3405 Bollandistis
674 3353 1023 3406 commodatis
1056 3354 1250 3425 legitur
1263 3357 1403 3407 :—-in
1444 3356 1494 3408 G
1572 3355 1644 3425 gh
1682 3359 1769 3418 43,
1806 3358 1892 3417 68,
1929 3363 1981 3407 et
2023 3357 2104 3417 16,
2141 3364 2196 3407 et
2236 3356 2292 3405 in

280 3438 427 3497 libris
475 3437 684 3501 nostris»,
720 3439 963 3508 irriqans.
1038 3441 1341 3511 Utrumque
1400 3450 1495 3494 aut
1527 3459 1578 3493 m
1621 3440 1787 3508 (quod
1841 3441 1966 3493 sane
2015 3439 2298 3493 mirabitur
