2910 4457
226 445 412 517 cona]
988 462 1064 501 nn
1089 461 1488 501 comm-tomo.
2053 452 2240 505 lxxxix

222 594 258 619 “
285 592 391 643 inv.
421 589 490 643 In
516 598 571 643 te
598 589 736 641 D'ne
758 606 832 657 sp.
869 588 977 650 Qui
1009 588 1062 640 h.
1092 588 1232 641 Ecce
1266 606 1321 641 n.
1352 590 1482 659 Cap.
1509 589 1594 642 Tu
1618 589 1673 641 in
1709 606 1759 641 n.
1785 595 1861 649 ΞΒ..
1898 590 1967 643 In
1999 608 2145 661 pace.
2182 606 2239 646 ae

218 678 254 703 “
282 694 456 745 supra,
493 693 614 727 cum
651 673 815 726 tribus
853 673 1092 737 versibus,
1116 677 1185 730 Ἡ.
1211 674 1298 726 Ne
1333 675 1463 743 proj.
1500 677 1571 730 Ἡ.
1600 674 1708 735 Qui
1734 693 1888 744 cogn.
1924 679 1993 732 Ἡ.
2020 678 2148 731 Noli
2174 681 2236 731 cl.

215 764 251 787 ‘⁴
279 760 531 814 Dicatur.
561 760 727 829 Kyrie
751 762 813 813 el.
842 765 928 824 ἀς.
952 762 1063 813 εἰπε
1078 762 1426 830 prostratione
1450 770 1498 812 et
1521 763 1632 812 eine
1654 762 1747 814 Pr.
1769 763 2019 819 Miserere
2044 783 2117 818 m.
2141 766 2238 818 D.'‘

297 846 420 898 Hoc
434 856 620 899 autem
631 846 837 916 Compl.
856 848 915 899 in
936 846 1026 898 ΒΓ.
1050 846 1208 899 Ebot.
1230 845 1437 913 (saltem
1453 848 1509 899 in
1526 848 1727 917 Gough
1741 850 1814 917 6),
1832 851 1982 903 aliter
2002 853 2164 921 quam
2178 855 2234 907 in

219 930 318 983 Br.
347 932 544 984 Sarisb.
572 940 627 984 et
649 932 825 996 Rom„
842 939 961 1000 post
985 931 1154 983 Feriae
1178 936 1211 982 5
1237 932 1399 1001 Vesp.
1425 934 1638 1002 primas,
1668 934 1861 1002 Compl.
1885 938 1948 1007 xj
1969 939 2091 991 vero
2115 949 2235 1009 post

212 1027 474 1087 utrasque
501 1018 818 1072 Parasceues
841 1019 1000 1087 Vesp.
1036 1017 1328 1070 dicendum
1356 1027 1449 1071 est.
1526 1020 1611 1073 De
1643 1022 1812 1090 primo
1843 1033 2025 1077 autem
2061 1024 2161 1078 Fer
2198 1032 2231 1077 5

215 1105 438 1173 Compl.
466 1104 753 1169 Sarisb.,in
780 1105 866 1157 Pr.
892 1105 958 1157 de
977 1104 1039 1156 T.
1067 1114 1309 1158 notatum
1333 1113 1429 1169 est,
1449 1105 1639 1159 An’am
1663 1125 1818 1178 super
1836 1110 2076 1164 Psalmos
2099 1114 2231 1166 inci-

213 1190 476 1258 piendam
490 1198 544 1242 et
557 1190 712 1259 Resp.
728 1190 1011 1243 dicendum
1029 1194 1061 1219 ‘⁴
1075 1191 1135 1241 in
1140 1190 1325 1259 forma
1337 1192 1383 1261 ij
1393 1191 1435 1254 ”,
1449 1193 1637 1245 An'am
1651 1202 1832 1247 autem
1846 1195 1916 1248 ad
1930 1196 2090 1250 Nunc
2103 1198 2229 1250 dim.

214 1281 249 1306 “
270 1280 333 1329 in
340 1279 518 1345 gradu
535 1279 790 1347 superiori
799 1278 825 1298 ''
840 1277 1198 1347 incipiendam
1212 1296 1347 1331 esse:
1366 1281 1496 1332 item
1511 1298 1685 1350 neque
1700 1283 1810 1335 fieri
1824 1288 2231 1353 prostrationem

213 1380 393 1433 neque
419 1364 507 1416 Ps.
532 1364 786 1416 Miserere
808 1364 947 1428 dici3
981 1373 1036 1417 et
1058 1373 1269 1435 propter
1305 1365 1491 1418 Coenae
1525 1369 1897 1421 solennitatem
1935 1369 2024 1422 Pe.
2062 1372 2152 1423 Ad
2186 1384 2232 1424 te

211 1448 379 1501 levavi
402 1467 528 1501 cum
551 1450 615 1502 iis
638 1467 757 1518 quae
781 1458 1073 1519 sequuntur
1097 1450 1289 1515 omitti,
1308 1451 1763 1518 quemadmodum
1789 1454 1951 1506 etiam
1974 1472 2139 1523 usque
2164 1456 2233 1508 ad

209 1536 575 1603 inceptionem
598 1535 828 1587 historiae
851 1536 995 1587 Deus
1019 1536 1276 1587 omnium:
1315 1553 1365 1587 v·
1391 1553 1443 1604 p.
1472 1537 1583 1599 viii,
1607 1538 1680 1588 ix.

286 1619 360 1672 In
405 1620 499 1671 Br.
541 1619 695 1671 Rom.
745 1620 911 1672 Feriae
952 1626 985 1672 5
1034 1622 1090 1672 in
1139 1620 1309 1672 Coena
1358 1621 1484 1673 D'ni
1527 1621 1737 1692 Compl.
1781 1624 1972 1693 incipit
2015 1642 2052 1678 a
2091 1626 2232 1680 Con-

210 1709 444 1761 fessione
476 1716 531 1760 et
564 1708 1013 1772 Absolutionibus,
1045 1725 1175 1777 quas
1205 1712 1388 1762 statim
1421 1720 1711 1779 sequuntur
1749 1712 1945 1766 Psalmi
1981 1722 2035 1767 et
2069 1716 2232 1769 Nunc

210 1793 369 1844 dim.:
398 1790 589 1844 deinde
609 1800 788 1844 autem
813 1810 935 1846 cum
960 1793 1342 1862 genuflectione
1367 1799 1480 1852 ΨΒ.
1506 1794 1648 1849 Xtus
1670 1796 1841 1850 factus
1864 1807 1943 1851 est
1962 1817 2057 1869 pro
2081 1802 2234 1854 nobis

207 1878 465 1933 obediens
486 1896 654 1947 usque
676 1879 741 1931 ad
767 1879 1040 1932 mortem.”
1114 1880 1380 1949 Sequitur,
1405 1887 1438 1913 “
1457 1882 1616 1935 Pater
1638 1892 1828 1936 noster.
1857 1894 2021 1938 totum
2043 1886 2136 1939 sub
2160 1889 2230 1939 si-

206 1967 393 2032 lentio,
403 1978 583 2038 postea
607 1968 697 2019 Ps.
719 1968 971 2022 Miserere
988 1971 1093 2022 mei
1115 1969 1281 2022 Deua.
1302 1970 1691 2040 aliquantulum
1708 1971 1873 2024 altiioe
1888 1995 1905 2025 .·
1933 1992 2032 2042 quo
2043 1977 2227 2043 finito,

205 2056 329 2105 sine
345 2052 587 2117 OremuS,
601 2054 799 2106 dieitur
812 2054 982 2107 simili
995 2073 1108 2108 voce
1121 2056 1306 2108 Oratio
1322 2079 1340 2109 .·
1370 2057 2006 2126 Respice—tormentum.
2017 2059 2104 2111 sed
2119 2059 2228 2120 Qui

207 2147 392 2191 tecum
430 2138 629 2191 dicitur
657 2138 751 2191 sub
787 2139 1011 2192 silentio.
1083 2140 1274 2193 Finita
1302 2141 1568 2204 Oratione,
1579 2143 1656 2211 fit
1676 2141 1866 2209 sraqor
1899 2153 1950 2194 et
1983 2144 2227 2212 strepitus

202 2225 606 2296 aliquantalum
624 2248 643 2280 .-
669 2245 790 2279 mox
813 2228 1079 2297 profertur
1102 2227 1316 2280 candela
1339 2245 1548 2280 accensa
1572 2227 1634 2278 de
1654 2224 1747 2278 mh
1772 2226 1962 2292 Allari,
1986 2238 2036 2280 et
2061 2247 2229 2282 omnes

200 2322 432 2381 suryunt
467 2322 516 2364 et
551 2331 667 2364 eum
700 2312 908 2365 silentio
945 2312 1261 2365 discedunt.'’
1295 2316 1362 2369 Ἡ.
1397 2320 1582 2365 autem
1614 2316 1646 2342 “
1666 2313 1813 2367 Xtus
1845 2313 1970 2367 &c.”
1996 2331 2117 2368 cum
2142 2332 2221 2368 se-

200 2400 499 2469 quentibus
523 2398 594 2451 ad
618 2399 780 2451 finem
806 2399 1045 2451 omnium
1072 2398 1341 2450 Horarum
1366 2397 1578 2450 dicitur.

281 2485 349 2538 P.
379 2489 479 2536 104
504 2485 554 2537 b.
595 2484 662 2537 In
691 2485 782 2536 Br.
811 2484 970 2536 Ebor.
1001 2483 1199 2550 Compl.
1224 2482 1288 2550 ,τῇ
1310 2491 1423 2535 est:

277 2577 313 2603 ‘⁴
337 2572 459 2622 Fer.
485 2571 535 2641 τῃ·
559 2571 617 2622 in
643 2571 729 2622 die
752 2570 1063 2622 Parasi-mes
1096 2571 1165 2621 ad
1204 2567 1400 2636 Compl.
1426 2579 1545 2635 post
1568 2571 1860 2636 prandium
1890 2570 2069 2622 dicant
2106 2570 2220 2623 bini

200 2664 234 2690 ‘⁶
258 2669 312 2710 et
337 2658 450 2710 bini
467 2658 717 2722 privatim
740 2657 911 2709 an'am
936 2657 1068 2708 D’ns
1090 2664 1349 2723 tanquam
1374 2657 1487 2708 ovis
1510 2654 1580 2707 ad
1604 2656 1880 2707 victimam
1904 2655 2097 2707 ductus
2127 2663 2222 2718 est,

198 2751 233 2775 “
264 2752 322 2796 et
344 2760 451 2796 non
476 2743 682 2812 aperuit
706 2760 762 2795 os
786 2759 961 2795 suum.
990 2742 1103 2794 Pas.
1139 2742 1282 2795 Cum
1313 2743 1422 2793 inv·
1463 2740 1531 2793 In
1563 2749 1616 2793 te
1642 2742 1779 2793 D'ne
1802 2759 1878 2810 sp.
1907 2741 2048 2794 Ecce
2071 2758 2124 2793 n.
2148 2747 2216 2799 Ἡ.

198 2836 232 2863 “
265 2830 819 2883 Christus—mortem.
832 2835 910 2887 313..
928 2829 1010 2880 M.
1027 2829 1156 2881 a.C.
1175 2827 1272 2898 [V.
1296 2826 1496 2894 Compl.
1512 2826 1844 2893 mnostrum]
1876 2826 2035 2880 Pater
2047 2836 2219 2882 noster

197 2923 231 2947 ‘⁴
265 2926 315 2967 et
337 2918 449 2969 Ave
474 2915 556 2967 M.
597 2916 672 2967 Et
693 2932 761 2967 ne
785 2932 895 2968 nos.
922 2915 1043 2984 Ego
1068 2914 1179 2967 dixi
1207 2919 1291 2978 ‹yc-
1317 2923 1378 2965 αἱ
1400 2931 1558 2980 supra
1581 2914 1817 2983 inferiis
1840 2915 1909 2966 ad
1934 2913 2070 2967 Mat.
2097 2932 2215 2968 cum

200 3008 234 3033 ‘⁴
266 3002 356 3054 Ps.
383 3002 635 3054 Miserere
657 3001 765 3052 mei
799 3000 966 3063 Deus,
989 2999 1268 3070 subjuncta
1303 3000 1552 3051 continuo
1574 3009 1692 3065 post
1715 2999 1806 3052 Ps.
1836 2999 2084 3053 Oratione
2108 2999 2213 3054 Re-

199 3094 233 3119 “
264 3089 421 3157 spice,
438 3087 709 3152 proemisso
737 3086 941 3137 tantam
965 3084 1203 3138 Oremus.
1244 3083 1413 3151 Siqua
1434 3104 1542 3137 non
1555 3084 1874 3151 pulsentur.’'

278 3172 346 3224 In
372 3171 466 3224 Br.
494 3172 651 3224 Rom.
677 3169 885 3237 Compl.
914 3169 1081 3222 Feriae
1117 3172 1167 3219 6.
1205 3169 1262 3220 in
1298 3168 1383 3220 die
1418 3169 1628 3222 Parasc.
1653 3169 1796 3221 idem
1831 3177 1912 3222 est
1946 3167 2090 3236 quod
2125 3168 2212 3221 die

200 3256 549 3327 praecedente‚
573 3262 921 3323 praeterquam
959 3253 1105 3323 quod
1128 3253 1401 3306 Versiculo
1435 3258 1468 3283 ‘⁴
1486 3250 1964 3306 Xtus—-mortem.’'
1996 3251 2211 3306 additur

199 3349 234 3374 ‘⁶
252 3342 483 3396 Mortem
506 3349 689 3393 autem
709 3340 970 3403 Crucis.'';
1004 3347 1067 3393 ut
1088 3339 1156 3392 ad
1179 3339 1534 3409 praecedentes
1557 3341 1715 3393 etiam
1741 3338 1944 3400 Horas;
1980 3338 2050 3391 ad
2073 3355 2208 3407 quas

199 3428 421 3496 quidem
446 3426 681 3478 Sabbato
702 3425 917 3478 additur
934 3427 1095 3479 etiam
1118 3427 1418 3478 membrum
1441 3425 1657 3478 tertium
1691 3427 1725 3453 ‘⁴
1745 3423 1964 3492 Propter
1986 3423 2128 3491 quod
2152 3430 2207 3475 et

201 3512 354 3567 Deus
369 3510 626 3566 exaltavit
638 3510 806 3575 illum,
821 3518 875 3565 et
892 3509 1039 3563 dedit
1051 3510 1128 3563 illi
1141 3526 1334 3563 nomen
1351 3509 1499 3579 quod
1513 3517 1594 3564 est
1610 3525 1765 3577 super
1780 3524 1936 3562 omne
1949 3505 2192 3560 nomen.”

1248 3611 1270 3646 1
1294 3598 1327 3647 3
