2910 4457
933 366 1008 406 nn
1034 364 1428 408 comm-:Toum
2012 356 2180 408 xxxiii

236 488 401 551 Omni
439 497 530 550 die
567 494 693 562 δια]
734 496 820 549 De
853 495 1062 550 Psalmo
1104 506 1157 552 et
1189 498 1441 553 Precibus
1482 501 1822 568 sequentibus
1862 494 2017 571 plura
2057 500 2177 555 vide

159 585 229 638 ad
255 603 307 655 p.
337 590 407 638 15
432 587 488 637 b.
521 628 536 641 .

229 672 365 725 Post
388 672 537 724 Mat.
565 672 629 724 de
652 672 739 724 die
764 672 962 743 Gough
986 677 1055 726 67
1079 676 1132 727 e't
1166 674 1353 728 Douce
1387 675 1503 729 Res.
1530 676 1656 729 ibid.
1682 679 1922 731 inserunt
1945 687 1994 730 et
2028 676 2173 732 Mat.

154 763 217 813 de
245 762 310 816 S.
334 761 554 814 Maria.

224 850 261 901 l.
287 850 389 902 ult.
429 849 539 902 Pro
577 868 696 901 cum
721 850 1079 919 qenufleaeione
1112 853 1223 903 sine
1258 853 1385 904 nota
1419 855 1515 905 iste
1538 855 1628 907 Ps.
1665 855 1830 907 scribe
1866 868 1981 907 cum
2016 873 2171 923 yena-

140 936 416 1001 fleetione,
440 937 558 987 eine
580 935 725 999 nota,
923 936 1032 988 Iste
1055 935 1297 989 Psalmus
1336 936 1551 1008 [σκευὴ]

230 1022 362 1076 Post
397 1021 593 1075 Gloria
626 1023 785 1074 Patri
819 1040 848 1075 e
883 1023 1082 1092 Gough
1116 1026 1184 1076 68
1219 1032 1272 1076 et
1305 1024 1489 1078 Douoe
1522 1026 1639 1079 Res.
1668 1027 1725 1078 in
1759 1025 2014 1079 Psalterio
2039 1028 2170 1079 inse-

160 1109 385 1162 rendum
406 1132 418 1161 :
853 1113 886 1139 “
904 1110 1087 1163 Finito
1114 1110 1323 1163 Psalmo
1347 1116 1588 1181 sequatur
1611 1113 1675 1166 .·”.

161 1195 231 1250 In
255 1197 346 1250 Pr.
372 1198 439 1251 de
466 1197 530 1250 T.
557 1198 693 1250 Adv.
722 1198 918 1268 Gough
942 1201 1011 1251 67
1035 1208 1089 1252 et
1115 1199 1300 1253 Douee
1324 1201 1439 1254 Ref.
1467 1202 1682 1265 habent,
1706 1206 1824 1240 “—
1846 1203 2077 1272 sequitur
2097 1202 2137 1254 :⁰

230 1283 291 1335 P.
328 1289 432 1338 108
470 1284 523 1337 b.
563 1284 613 1336 E
649 1284 904 1337 librorum
939 1293 1230 1338 nostrorum
1270 1289 1634 1356 antiquissimo
1670 1286 1736 1354 (v.
1775 1288 1844 1341 ad
1877 1288 1962 1341 Pr.
1999 1293 2061 1341 12
2099 1292 2169 1357 a),

159 1389 387 1439 quocum
425 1372 772 1424 consentiunt
806 1372 964 1424 etiam
991 1372 1190 1442 Gough
1215 1377 1283 1426 68
1309 1382 1362 1427 et
1386 1374 1570 1427 Douce
1596 1374 1711 1427 Res.
1738 1376 1794 1426 in
1833 1375 2014 1439 Psalt.‚
2046 1387 2170 1429 ante

159 1461 190 1486 “
209 1457 286 1511 Et
309 1476 378 1511 ne
403 1458 521 1523 ἄτθ’
544 1458 900 1525 inserendum,

199 1548 229 1573 “
244 1544 455 1596 Deinde
478 1545 622 1596 dieat
649 1543 897 1598 Sacerdos
920 1557 1156 1599 executor
1184 1546 1368 1615 Officii
1392 1550 1452 1600 in
1476 1548 1751 1601 audienti&
1772 1549 1884 1601 eine
1906 1548 2031 1602 nota
2055 1549 2117 1603 :”.

237 1632 341 1686 Pro
372 1637 406 1663 “
432 1633 533 1700 [Et
568 1632 774 1703 cum.]”
799 1635 964 1688 scribe
988 1653 1110 1688 cum
1138 1635 1338 1705 Gough
1363 1640 1431 1690 68
1459 1641 1491 1667 “
1514 1636 1588 1690 Et
1623 1654 1744 1690 cum
1771 1654 1845 1708 sp.
1872 1637 2010 1691 tuo.”
2081 1637 2162 1691 Cs.

170 1718 240 1770 ad
260 1736 310 1789 p.
339 1725 439 1774 108
466 1738 514 1772 a.

242 1804 339 1859 Pro
373 1812 407 1837 “
428 1807 643 1860 Oratio”
684 1800 848 1862 soribe
880 1827 1004 1863 cum
1048 1811 1243 1881 Gough
1279 1815 1347 1865 68
1382 1816 1413 1842 “
1433 1811 1691 1865 oroma-cf
1750 1811 1818 1865 In
1854 1812 2050 1882 Gough
2095 1815 2165 1864 67

172 1904 340 1948 autem
379 1904 434 1949 et
466 1895 656 1949 Douce
691 1896 807 1949 Res.
835 1898 892 1949 in
927 1897 1013 1950 Pr.
1049 1898 1114 1951 de
1145 1899 1208 1950 T.
1234 1898 1396 1952 Adv.:
1442 1904 1475 1930 “
1507 1900 1707 1953 Deinde
1738 1900 1878 1952 dicat
1914 1900 2164 1954 Sacerdos

172 1992 396 2035 executor
422 1982 606 2050 Officii
631 1983 691 2034 in
715 1983 1004 2047 audientia,
1028 1986 1114 2036 sed
1137 1986 1247 2036 sine
1269 1985 1411 2049 noto,
1437 1986 1702 2039 Oremu8.”

239 2068 306 2120 In
336 2074 367 2099 “
394 2069 587 2138 [D’nm
623 2077 880 2123 nostrum.
953 2068 1209 2142 Amen.]''
1245 2070 1361 2124 dele
1401 2074 1626 2124 uncinos
1669 2089 1790 2124 cum
1831 2070 2030 2138 Gough
2074 2074 2159 2122 68.

178 2153 260 2205 Cf.
285 2155 350 2207 ad
371 2174 423 2224 p.
450 2160 550 2210 108
577 2170 626 2209 a.

245 2241 480 2297 Ecciesiae
506 2244 605 2297 ὅτε.
632 2243 698 2296 V.
719 2244 787 2297 ad
812 2261 863 2313 p.
888 2247 988 2297 113
1012 2241 1048 2295 b
1074 2243 1144 2314 (p.
1171 2246 1354 2310 xxxv).

245 2328 329 2380 Ad
358 2329 504 2383 finem
535 2330 661 2384 vero
696 2330 1038 2400 completorii
1070 2349 1100 2383 e
1133 2329 1351 2400 Proprio
1385 2330 1450 2383 de
1483 2330 1743 2401 Tempore
1780 2330 1935 2384 Dom.
1978 2336 2000 2384 l
2030 2332 2160 2384 Λᾶν.

179 2413 244 2483 (p.
267 2420 298 2468 4
320 2433 365 2469 a.
391 2419 476 2470 ubi
499 2435 547 2470 v.
574 2418 738 2472 etiam
764 2420 1159 2472 annotationem
1185 2421 1437 2488 nostram)
1462 2418 1794 2472 addendum:

240 2504 295 2573 [“
319 2504 440 2557 Post
492 2503 693 2575 Compi.
744 2505 943 2557 dieitur
987 2504 1095 2557 sola
1135 2504 1335 2571 Oratio,
1374 2505 1639 2560 Fidelium
1686 2508 1879 2560 animae
1926 2522 2019 2576 per
2056 2506 2161 2559 Dei

174 2593 560 2648 misericordiam
585 2596 645 2648 in
670 2611 804 2664 pace
829 2597 1170 2663 requiescant.
1244 2593 1487 2661 Amen.'']

237 2686 347 2749 Qua
372 2699 547 2744 tamen
577 2687 926 2742 annotatione
949 2690 1003 2741 in
1032 2690 1216 2744 Douce
1241 2691 1358 2743 Res.
1384 2690 1512 2742 ibid.
1540 2689 1754 2752 omissa,
1775 2690 1833 2741 in
1871 2688 2070 2754 Gough
2094 2692 2160 2741 67

174 2776 277 2828 vero
304 2795 394 2847 per
427 2779 567 2848 conj.
607 2786 658 2829 et
698 2774 806 2846 (Et
837 2775 981 2846 post)
1018 2776 1338 2844 introducta,
1377 2786 1499 2848 post
1538 2775 1885 2847 “sor-mulas?
1924 2778 1980 2830 in
2016 2777 2163 2831 libris

177 2862 402 2918 ambobus
427 2867 617 2919 statim
644 2862 914 2931 sequitur:

228 2950 394 3004 “Item
416 2951 664 3022 quotidie
694 2968 794 3020 per
817 2969 1010 3003 annum
1038 2962 1153 3018 post
1178 2950 1387 3004 Nonam
1411 2952 1622 3005 dicatur
1646 2951 1735 3005 Ps.
1765 2952 1850 3005 De
1882 2952 2157 3022 profundis

174 3039 198 3061 ‘⁴
218 3038 309 3091 nisi
329 3040 388 3091 in
400 3038 694 3107 praedictis
723 3037 1047 3102 temporibus,
1068 3058 1186 3091 cum
1208 3039 1313 3090 ista
1336 3038 1448 3091 sold
1477 3038 1742 3104 Oratione,
1765 3042 1869 3092 viz.

221 3128 496 3192 “Absolve,
535 3140 875 3195 quaesumuS‚
918 3125 1058 3190 Dne,
1094 3126 1297 3178 animas
1328 3127 1572 3178 omnium
1609 3125 1847 3179 fidelium
1885 3127 2154 3181 defuncto-

164 3215 188 3238 “
206 3214 351 3278 rum‚''
375 3215 477 3267 &a
506 3221 576 3266 ut
605 3211 699 3263 Pr.
735 3213 795 3260 11
825 3226 883 3261 a:
921 3229 968 3280 q.
996 3229 1043 3264 v.
1070 3229 1192 3264 oum
1217 3220 1394 3265 annot.
1422 3216 1616 3266 nostra.

215 3306 239 3329 ‘⁴
255 3301 373 3356 Non
399 3297 655 3354 dieituff
684 3296 788 3349 &a
814 3305 873 3349 ut
895 3297 980 3350 Pr.
1006 3303 1037 3351 4
1063 3316 1121 3351 a:
1161 3316 1210 3367 q.
1237 3318 1283 3352 ν.
1308 3317 1435 3355 cum
1460 3311 1639 3355 annot.
1665 3303 1857 3357 nostra.
