2910 4457
529 353 572 415 8
1183 370 1455 414 »ommes
1496 370 1670 412 emm
1712 369 1992 410 screares

532 499 591 540 ac
616 485 831 536 barbara
854 482 1011 535 totius
1039 483 1178 534 orbis
1210 485 1317 535 loca
1353 482 1523 546 (quasi

531 555 707 597 contra
723 546 870 608 positi
886 545 1075 595 castelli
1093 548 1295 606 moenia)
1310 559 1524 607 euange-

533 611 730 660 lizando
763 613 1104 670 penetrarent,
1137 609 1427 658 destinavit.
1458 608 1524 658 Et

533 673 706 721 statim
732 668 1001 720 invenietis
1021 670 1222 719 asinam
1261 669 1521 731 alligatam

531 740 581 786 et
605 733 797 794 pullum
821 746 936 781 cum
958 743 1016 781 ea
1039 747 1053 780 ι
1076 732 1268 792 solvite,
1292 738 1341 781 et
1361 732 1525 780 addu-

533 796 628 845 cite
644 794 791 843 mihi.
802 796 1120 843 introeuntes
1132 795 1386 843 mundum
1403 806 1525 853 prae·

533 858 782 907 dii-atores
803 855 965 906 sancti
992 855 1295 904 invenerunt
1324 856 1523 916 pullum

534 920 801 968 nationum
844 920 1063 979 perfidiae
1099 918 1317 965 rineulis
1357 917 1527 966 irreti-

531 986 643 1029 tum
652 980 933 1029 .Funiculis
940 983 1076 1028 enim
1089 985 1403 1039 peccatorum
1415 992 1527 1027 suo-

534 1055 652 1092 rum
686 1044 1034 1103 unusquisque
1064 1041 1365 1089 constrictus
1399 1045 1524 1089 erat.

535 1107 637 1156 Nec
656 1106 821 1154 solum
853 1104 1135 1162 nationum,
1171 1115 1348 1150 verum
1370 1102 1523 1151 etiam

533 1167 848 1218 Judaeorum.
884 1166 1077 1214 Omnes
1121 1164 1259 1212 enim
1295 1176 1527 1223 peccave-.-

534 1235 674 1287 runt‚
698 1235 746 1282 et
765 1235 911 1287 egent
944 1226 1100 1286 gloria
1134 1226 1243 1275 Dei.
1282 1225 1377 1287 [Tu
1407 1225 1518 1288 etc.]

596 1301 644 1353 ιγ
659 1293 709 1340 8.
730 1290 873 1347 Ecce,
888 1289 1031 1349 virgo
1046 1288 1286 1348 concipiet
1301 1293 1348 1335 et
1363 1288 1526 1347 pariet

534 1352 718 1410 filium,
740 1351 863 1400 dicit
887 1352 996 1400 Diis
1021 1366 1033 1398 :
1057 1350 1120 1399 Et
1148 1350 1406 1398 vocabitur
1432 1363 1525 1398 no-

535 1426 652 1465 men
683 1413 796 1475 eJus
817 1411 1168 1469 Admirabili5‚
1201 1413 1337 1477 Deus
1360 1411 1521 1461 fortis.

534 1475 598 1538 ψ.
614 1478 773 1537 Super
792 1474 976 1525 solium
992 1474 1154 1523 David
1171 1479 1220 1522 et
1240 1487 1391 1534 super
1418 1486 1526 1534 reg-

536 1551 662 1588 num
695 1539 807 1599 ejus
841 1536 1034 1587 sedebit
1073 1535 1127 1584 in
1159 1541 1428 1585 aeternum.
1459 1536 1525 1585 Et

535 1601 796 1650 vocabitur
825 1597 952 1661 [eta]

597 1663 763 1711 Lectio
781 1663 857 1709 iat.
890 1658 1052 1710 Asina
1069 1660 1254 1721 quippe
1274 1672 1387 1719 quae
1408 1659 1526 1708 sub-

529 1724 721 1786 jugalis
754 1723 849 1771 suit
869 1729 917 1770 et
947 1724 1186 1779 edomita,
1211 1733 1523 1781 synagogam

534 1798 647 1846 quae
672 1786 858 1845 jugum
901 1782 1026 1843 legis
1073 1787 1310 1840 traxerat,
1353 1782 1525 1841 pullus

534 1847 689 1896 asinae
712 1846 932 1894 lascivus
947 1850 995 1894 et
1012 1846 1154 1902 liber,
1180 1843 1420 1903 populum
1438 1856 1525 1892 na-

535 1910 732 1958 tionum
755 1906 1026 1966 significat.
1058 1907 1216 1967 Super
1238 1917 1387 1965 quem
1412 1906 1525 1953 nul-

534 1971 616 2020 lus
663 1969 828 2018 adbuc
882 1968 1150 2017 hominum
1194 1967 1349 2028 sedit;
1401 1967 1524 2027 quia

535 2045 683 2082 nemo
710 2030 1089 2079 rationabilium
1119 2031 1383 2079 doctorum
1409 2029 1524 2079 frat-

534 2107 662 2144 num
685 2091 1022 2152 correctionis,
1043 2093 1175 2153 quod
1199 2093 1273 2142 vel
1292 2091 1528 2152 linguam

534 2157 784 2209 cohiberet
802 2169 830 2204 a
857 2156 1006 2214 malo,
1026 2156 1102 2204 vel
1116 2155 1168 2202 in
1192 2159 1383 2203 arctam
1406 2154 1524 2203 vitae

536 2220 671 2272 viam
700 2217 774 2268 ire
806 2222 1025 2278 cogeret3
1050 2231 1198 2267 nemo
1222 2216 1524 2266 indumenta

534 2282 738 2340 salutis,
784 2281 972 2341 quibus
1011 2279 1339 2340 spiritualiter
1387 2278 1525 2327 cale-

534 2345 692 2402 fieret,
729 2343 909 2403 populo
952 2345 1181 2403 gentium
1226 2341 1369 2389 utilia
1406 2353 1526 2388 sua-

534 2406 698 2459 dendo
739 2404 1034 2456 contulerat.
1078 2405 1276 2454 Sederet
1321 2414 1526 2462 nanque

534 2479 685 2527 super
700 2465 848 2515 illum
862 2465 1039 2522 homo,
1061 2465 1107 2516 si
1127 2465 1312 2525 aliquis
1331 2463 1532 2515 ratione.

536 2534 715 2588 utenS,
749 2527 860 2585 ejus
897 2526 1166 2577 stultitiam
1197 2525 1525 2587 deprimendo

522 2589 822 2650 corrigeret.
850 2589 944 2650 [Tu
966 2588 1077 2651 etc.]
1457 2634 1460 2635 γ

597 2662 645 2715 132
675 2653 725 2701 9.
759 2651 1013 2700 Laetentur
1060 2650 1188 2709 coeli,
1241 2655 1290 2700 et
1339 2649 1527 2700 exultet

535 2720 670 2766 terra
710 2713 965 2774 :jubilate
1013 2720 1211 2762 montes
1270 2713 1471 2761 laudem
1511 2725 1524 2759 ε

535 2777 656 2840 quia
685 2777 795 2826 Diis
831 2780 999 2824 noster
1035 2775 1226 2835 veniet,
1253 2775 1317 2823 Et
1346 2786 1527 2834 paupe-

534 2853 655 2890 rum
676 2850 886 2888 suorum
922 2837 1262 2886 miserebitur.
1295 2833 1356 2895 ἣν.
1379 2835 1527 2885 Orie-

535 2908 621 2950 tur
644 2900 697 2947 in
722 2899 900 2948 diebus
928 2899 1039 2957 eJ'us
1057 2899 1259 2959 justitia
1280 2904 1330 2948 et
1363 2899 1526 2949 abun-

534 2960 709 3013 dantia
732 2959 885 3018 pacis.
907 2959 972 3007 Et
988 2972 1266 3018 pauperum
1296 2960 1525 3020 [suorum

536 3020 900 3081 miserebitur].
917 3019 1089 3072 Gloria
1116 3020 1291 3082 [Patri‚
1311 3026 1359 3069 et
1375 3020 1523 3078 Filio,

536 3091 586 3135 et
618 3082 831 3144 Spiritui
869 3081 1093 3143 Sancto].
1134 3082 1199 3130 Et
1243 3094 1523 3140 pauperum

560 3159 770 3198 suorum
782 3142 1120 3207 miserebitur]
1132 3179 1144 3191 .
1157 3150 1187 3197 *ll
1199 3142 1313 3192 Non
1322 3144 1526 3191 dicatur

584 3223 611 3259 e
630 3209 791 3257 Deum
820 3220 913 3268 per
940 3210 1100 3254 totum
1129 3207 1439 3263 Adventum,
1463 3206 1523 3254 de

538 3283 827 3335 quocunque
858 3268 953 3330 fiat
980 3269 1273 3324 servitium;
1308 3268 1394 3315 sed
1430 3280 1525 3315 no-

540 3346 669 3382 num
682 3345 814 3393 resp.
826 3331 1160 3392 reincipiatur
1172 3350 1189 3387 ;
1203 3335 1252 3379 et
1261 3331 1350 3378 hoc
1359 3329 1452 3390 fiat
1465 3330 1525 3377 in

539 3394 821 3446 Dominicis
845 3399 895 3442 et
916 3394 973 3440 in
997 3392 1142 3453 festis
1169 3393 1228 3440 ix
1253 3393 1525 3441 lectionum

543 3462 766 3509 tantum.
789 3456 904 3506 Non
931 3456 1131 3504 dicatur
1158 3455 1312 3503 etiam
1329 3468 1424 3515 per
1448 3460 1524 3501 to-

542 3526 651 3571 tum
672 3532 869 3569 annum
893 3518 963 3566 Te
986 3518 1151 3568 Deum
1176 3518 1445 3583 laudamus
1463 3516 1522 3562 in

1614 483 1819 545 viviliis,
1839 484 2011 532 necin
2033 487 2254 545 quatuor
2278 484 2605 545 temnamus,

1616 546 1722 594 nisi
1755 546 1815 592 in
1849 546 2026 606 viyilia
2055 546 2359 606 Epiphanioe
2395 549 2606 608 quando

1619 607 1679 656 in
1711 607 1981 655 Dominica
2009 608 2290 669 contulerit,
2318 613 2368 655 et
2394 615 2608 669 praeter-

1618 682 1771 731 quam
1790 670 1848 716 in
1869 674 2087 730 quatuor
2109 668 2413 732 temporibus
2433 670 2608 721 hebdo—

1618 732 1783 778 madoe
1802 730 2135 779 Pentecostes.

1683 799 1714 847 π
1748 792 1871 840 Haec
1898 793 2223 853 responsoria
2249 801 2359 854 qu'oe
2387 806 2611 855 sequun—

1623 858 1708 902 tur
1728 855 1969 902 dicantur
1987 853 2194 914 ferialia
2208 891 2221 914 ,
2243 855 2365 917 quia
2382 855 2440 903 in
2457 854 2609 916 feriis

1612 928 1709 976 per
1742 915 2101 964 hebdomadam
2133 918 2393 973 dicuntur,
2423 923 2482 964 ut
2508 931 2610 978 po-

1620 983 1729 1025 stea
1764 978 1829 1037 (p.
1862 977 1958 1036 16.)
1987 976 2257 1027 docebitur.
2293 989 2358 1039 132.
2384 978 2608 1029 Obsecro

1621 1038 1856 1088 Domine.
1879 1038 1939 1099 if.
1964 1038 2013 1087 A
2035 1040 2156 1088 solis
2171 1046 2303 1088 ortu.
2320 1052 2385 1118 ly.
2410 1040 2606 1091 Alieni.

1619 1098 1833 1210 fullEgo
1865 1102 2085 1150 veniam.
2123 1102 2278 1152 Nam.
2309 1103 2503 1152 Gloria.
2540 1103 2609 1153 Et

1618 1174 1674 1211 co
1714 1176 1783 1210 eS.

1683 1231 1714 1278 *n
1739 1225 1916 1273 Finito
1935 1238 2069 1286 resp.
2087 1226 2226 1274 dicat
2239 1228 2488 1289 sacerdos,
2499 1228 2609 1276 loco

1617 1298 1709 1333 nec
1727 1286 1900 1333 habitu
1919 1292 2118 1335 mutato
2132 1324 2145 1346 ,
2167 1289 2301 1335 hunc
2315 1300 2538 1337 versum.

1680 1347 1834 1396 ANTE
1854 1349 2063 1397 Laenas
2079 1347 2138 1408 Ῠ.
2158 1349 2348 1399 Emitte
2368 1350 2606 1412 Agnum,

1618 1410 1753 1467 Bne,
1797 1410 2170 1460 dominatorem
2213 1417 2375 1461 terrae.
2417 1424 2483 1474 Β).
2531 1414 2610 1464 De

1617 1476 1756 1531 petra
1777 1471 1958 1520 deserti
1990 1472 2052 1520 ad
2077 1478 2300 1522 montem
2324 1474 2438 1524 flliae
2460 1474 2609 1525 Sion.

1619 1533 1862 1581 Sacerdos
1877 1535 2030 1593 dicat,
2053 1535 2201 1592 DeuS,
2216 1536 2268 1583 in
2291 1533 2610 1596 adiutorium'

1620 1607 1791 1643 meum
1809 1596 2030 1644 intende.
2055 1595 2136 1659 [132.
2153 1598 2262 1647 Due
2275 1597 2340 1647 ad
2355 1599 2611 1658 adjuvan-

1617 1657 1743 1705 dum
1765 1656 1874 1718 eta]
1903 1664 1963 1705 ut
1979 1672 2157 1719 supra.

1674 1719 1734 1765 ln
1757 1719 2011 1766 Laudibus
2025 1723 2144 1767 Ana
2163 1721 2212 1769 1.
2229 1722 2287 1769 In
2308 1721 2392 1770 illa
2408 1722 2490 1771 die
2503 1723 2616 1771 stil-

1620 1780 1795 1828 labunt
1811 1786 2007 1830 montes
2027 1782 2362 1842 dulcedinem,
2390 1790 2439 1833 et
2459 1784 2617 1833 eolles

1619 1841 1779 1890 fluent
1801 1842 1875 1891 lae
1896 1848 1944 1891 et
1965 1844 2091 1902 mel,
2121 1843 2359 1905 Alleluja.
2382 1846 2475 1894 Ps.
2498 1847 2616 1895 Diis

1615 1904 1864 1964 regnavit.
1879 1906 1941 1953 A.
1956 1905 2005 1953 2.
2023 1906 2322 1964 Jocundare,
2339 1908 2442 1955 filia
2460 1907 2607 1969 Sion3

1618 1968 1781 2014 exulta
1804 1968 1945 2026 satis,
1969 1967 2070 2015 filia
2093 1968 2426 2026 Hierusalem,
2445 1969 2610 2019 All’a.

1619 2027 1711 2076 Ps.
1738 2028 1955 2078 Jubilate
1969 2029 2086 2086 Deo,
2109 2028 2276 2076 omnis
2290 2033 2439 2077 terra.
2462 2032 2530 2078 Α.
2551 2032 2608 2080 3.

1618 2088 1761 2148 Ecce,
1794 2090 1903 2139 Diis
1931 2090 2112 2148 veniet,
2143 2094 2192 2138 et
2225 2103 2401 2139 omnes
2435 2093 2611 2141 sancti

1619 2151 1731 2210 ejiis
1760 2165 1877 2200 cum
1908 2165 1988 2208 eo:
2011 2158 2059 2200 et
2089 2150 2184 2201 erit
2211 2152 2262 2200 in
2299 2152 2380 2202 die
2401 2153 2488 2203 illa
2519 2154 2609 2204 lux

1619 2225 1824 2275 magna,
1849 2212 2001 2264 All’a.
2024 2214 2116 2264 Ps.
2139 2215 2274 2265 Deus
2296 2215 2430 2265 Deus
2457 2227 2611 2267 meus

1620 2280 1670 2323 et
1709 2277 1800 2324 Ps.
1844 2278 1981 2325 Deus
2022 2278 2320 2328 misereatur
2362 2276 2454 2327 sub
2497 2292 2607 2327 uno

1620 2337 1791 2387 Gloria
1825 2338 1964 2387 Patri
1996 2340 2237 2387 dicantur
2263 2358 2277 2386 .·
2298 2341 2430 2401 quod
2448 2341 2609 2388 etiam

1615 2413 1712 2460 per
1735 2405 1892 2447 totum
1914 2414 2115 2448 annum
2131 2400 2432 2463 observetur,
2446 2415 2609 2463 quan·

1619 2463 1683 2508 do
1696 2461 1866 2509 Gloria
1881 2462 2021 2510 Patri
2045 2463 2251 2510 dicitur.
2267 2465 2330 2511 A.
2349 2463 2397 2512 4.
2414 2463 2611 2513 Omnes

1620 2523 1873 2579 sitienteS,
1900 2525 2064 2572 venite
2091 2525 2154 2572 ad
2183 2538 2372 2584 aquas:
2396 2527 2611 2586 quoeritc

1622 2584 1755 2632 Dum
1800 2585 1924 2632 dum
1957 2584 2178 2633 inveniri
2221 2592 2402 2646 potest,
2447 2586 2606 2636 All'a.

1620 2645 1713 2693 Ps.
1751 2646 2038 2695 Benedicite
2073 2647 2264 2696 omnia.
2297 2649 2370 2696 Et
2400 2649 2610 2697 dicatur

1620 2708 1728 2755 sine
1747 2708 1918 2756 Gloria
1938 2709 2078 2757 Patri
2090 2722 2185 2769 per
2205 2715 2367 2757 totum
2386 2724 2609 2770 annum,

1619 2771 2013 2832 quandocunque
2041 2771 2245 2820 dicitur.
2272 2773 2335 2821 A.
2372 2774 2422 2823 ὅ.
2459 2773 2607 2833 Ecce,

1621 2833 1789 2880 veniet
1809 2833 2042 2893 propheta
2066 2845 2314 2895 magnus3
2337 2835 2512 2893 etipse
2527 2848 2612 2884 re-

1622 2895 1827 2943 novabit
1881 2896 2226 2952 Hierusalem,
2300 2894 2453 2943 All’a.
2507 2896 2609 2946 Ps.

1620 2957 1844 3006 Laudate
1857 2957 1992 3006 Dum
2011 2959 2071 3007 de
2092 2958 2246 3005 coeliS.
2263 2956 2353 3003 Ps.
2372 2956 2610 3008 Cantate.

1621 3023 1670 3067 et
1689 3018 1781 3066 Ps.
1806 3020 2026 3069 Laudato
2046 3020 2179 3066 Dsim
2204 3016 2254 3064 in
2278 3018 2487 3067 sanctis,
2513 3019 2611 3068 sub

1620 3094 1724 3129 uno
1759 3080 1929 3128 Gloria
1965 3080 2104 3128 Patri
2132 3079 2373 3126 dieantur
2397 3080 2458 3127 in
2491 3081 2609 3129 lau-

1621 3141 1764 3189 dibus
1798 3155 1894 3202 per
1947 3146 2107 3188 totum
2158 3154 2358 3188 annum
2397 3145 2608 3203 quando

1621 3204 1793 3252 Gloria
1822 3202 1962 3252 Patri
1993 3203 2196 3251 dicitur.
2232 3210 2263 3257 π
2298 3203 2374 3250 Hi
2409 3205 2609 3265 psalmi

1605 3266 1848 3326 proedicti
1877 3267 2116 3313 dicantur
2150 3266 2207 3312 in
2234 3264 2467 3314 laudibus
2502 3279 2607 3314 om-

1621 3327 1770 3375 nibus
1791 3328 2072 3376 Dominicis
2103 3341 2198 3389 per
2230 3340 2450 3388 annum,
2468 3341 2607 3388 proe-

1622 3396 1847 3450 ter-quam
1898 3388 1933 3438 ὰ
1964 3403 2069 3439 Lxx
2118 3402 2271 3450 usque
2307 3390 2378 3436 ad
2409 3391 2605 3451 pascha

1622 3457 1708 3498 tan
1718 3456 1843 3499 tum.
1863 3451 2118 3501 Dic-antur
2132 3452 2283 3499 etiam
2298 3451 2355 3498 in
2371 3450 2605 3499 omnibu-s

1617 3511 1764 3572 sest-is
1794 3519 2088 3561 sanctorum
2122 3512 2319 3577 tam-iij
2352 3526 2506 3574 quam
2541 3514 2602 3561 ix
