<?xml version="1.0" encoding="UTF-8"?>
<!DOCTYPE html PUBLIC "-//W3C//DTD XHTML 1.0 Transitional//EN"
    "http://www.w3.org/TR/xhtml1/DTD/xhtml1-transitional.dtd">
<html xmlns="http://www.w3.org/1999/xhtml" xml:lang="en" lang="en">
 <head>
  <title>
</title>
<meta http-equiv="Content-Type" content="text/html;charset=utf-8" />
  <meta name='ocr-system' content='tesseract 3.04.00' />
  <meta name='ocr-capabilities' content='ocr_page ocr_carea ocr_par ocr_line ocrx_word'/>
</head>
<body>
  <div class='ocr_page' id='page_1' title='image "./portiforiiseubr00cathgoog_0105.png"; bbox 0 0 2910 4457; ppageno 0'>
   <div class='ocr_carea' id='block_1_1' title="bbox 194 348 2197 418">
    <p class='ocr_par' dir='ltr' id='par_1_1' title="bbox 194 348 2197 418">
     <span class='ocr_line' id='line_1_1' title="bbox 194 348 2197 418; baseline 0 -16"><span class='ocrx_word' id='word_1_1' title='bbox 194 348 373 418; x_wconf 59' lang='lat' dir='ltr'><strong>cona]</strong></span> <span class='ocrx_word' id='word_1_2' title='bbox 939 364 1013 401; x_wconf 79' lang='lat' dir='ltr'><strong>DE</strong></span> <span class='ocrx_word' id='word_1_3' title='bbox 1039 364 1439 403; x_wconf 69' lang='lat' dir='ltr'><strong>com’LE&#39;romo.</strong></span> <span class='ocrx_word' id='word_1_4' title='bbox 2069 353 2197 404; x_wconf 85' lang='lat' dir='ltr'><strong>xciii</strong></span> 
     </span>
    </p>
   </div>
   <div class='ocr_carea' id='block_1_2' title="bbox 192 486 2201 3341">
    <p class='ocr_par' dir='ltr' id='par_1_2' title="bbox 192 486 2195 1080">
     <span class='ocr_line' id='line_1_2' title="bbox 194 486 2195 559; baseline 0 -15"><span class='ocrx_word' id='word_1_5' title='bbox 194 491 387 544; x_wconf 86' lang='lat' dir='ltr'><strong>dicitur</strong></span> <span class='ocrx_word' id='word_1_6' title='bbox 437 489 727 558; x_wconf 81' lang='lat' dir='ltr'><strong>Sequentia</strong></span> <span class='ocrx_word' id='word_1_7' title='bbox 772 486 929 539; x_wconf 81' lang='lat' dir='ltr'><strong>Alma</strong></span> <span class='ocrx_word' id='word_1_8' title='bbox 978 489 1159 540; x_wconf 68' lang='lat' dir='ltr'><strong>chorus</strong></span> <span class='ocrx_word' id='word_1_9' title='bbox 1205 488 1271 556; x_wconf 76' lang='lat' dir='ltr'><strong>(v,</strong></span> <span class='ocrx_word' id='word_1_10' title='bbox 1320 488 1521 559; x_wconf 83' lang='lat' dir='ltr'><strong>Compl.</strong></span> <span class='ocrx_word' id='word_1_11' title='bbox 1565 487 1748 559; x_wconf 64' lang='grc' dir='ltr'><strong>τευῇ)Χ</strong></span> <span class='ocrx_word' id='word_1_12' title='bbox 1771 509 1783 552; x_wconf 92' lang='lat'>;</span> <span class='ocrx_word' id='word_1_13' title='bbox 1829 490 2195 544; x_wconf 87' lang='lat' dir='ltr'><strong>substituendo</strong></span> 
     </span>
     <span class='ocr_line' id='line_1_3' title="bbox 193 573 2187 646; baseline 0 -16"><span class='ocrx_word' id='word_1_14' title='bbox 193 587 369 630; x_wconf 89' lang='lat' dir='ltr'><strong>tamen</strong></span> <span class='ocrx_word' id='word_1_15' title='bbox 406 593 499 646; x_wconf 89' lang='lat' dir='ltr'><strong>pro</strong></span> <span class='ocrx_word' id='word_1_16' title='bbox 533 580 565 605; x_wconf 94' lang='lat'>“</span> <span class='ocrx_word' id='word_1_17' title='bbox 588 573 1190 638; x_wconf 87' lang='lat' dir='ltr'><strong>Salvificet—Amen.’&#39;,</strong></span> <span class='ocrx_word' id='word_1_18' title='bbox 1215 575 1579 629; x_wconf 88' lang='lat' dir='ltr'><strong>“Nominibus</strong></span> <span class='ocrx_word' id='word_1_19' title='bbox 1613 576 1697 628; x_wconf 87' lang='lat' dir='ltr'><strong>his</strong></span> <span class='ocrx_word' id='word_1_20' title='bbox 1734 576 1991 645; x_wconf 86' lang='lat' dir='ltr'><strong>Signatur</strong></span> <span class='ocrx_word' id='word_1_21' title='bbox 2011 577 2187 630; x_wconf 82' lang='lat' dir='ltr'><strong>JesuS.</strong></span> 
     </span>
     <span class='ocr_line' id='line_1_4' title="bbox 192 659 2195 728; baseline -0.001 -12"><span class='ocrx_word' id='word_1_22' title='bbox 192 664 311 716; x_wconf 86' lang='lat' dir='ltr'><strong>Sint</strong></span> <span class='ocrx_word' id='word_1_23' title='bbox 329 663 566 714; x_wconf 91' lang='lat' dir='ltr'><strong>Domino</strong></span> <span class='ocrx_word' id='word_1_24' title='bbox 583 660 783 713; x_wconf 89' lang='lat' dir='ltr'><strong>laudes.</strong></span> <span class='ocrx_word' id='word_1_25' title='bbox 800 660 1016 712; x_wconf 90' lang='lat' dir='ltr'><strong>Amen.&#39;&#39;</strong></span> <span class='ocrx_word' id='word_1_26' title='bbox 1035 664 1084 710; x_wconf 83' lang='lat'><strong>3.</strong></span> <span class='ocrx_word' id='word_1_27' title='bbox 1100 659 1235 712; x_wconf 86' lang='lat' dir='ltr'><strong>An&#39;a</strong></span> <span class='ocrx_word' id='word_1_28' title='bbox 1247 678 1401 728; x_wconf 89' lang='lat' dir='ltr'><strong>super</strong></span> <span class='ocrx_word' id='word_1_29' title='bbox 1416 661 1575 713; x_wconf 81' lang='lat' dir='ltr'><strong>Nunc</strong></span> <span class='ocrx_word' id='word_1_30' title='bbox 1592 663 1718 713; x_wconf 87' lang='lat' dir='ltr'><strong>dim.</strong></span> <span class='ocrx_word' id='word_1_31' title='bbox 1739 667 1860 714; x_wconf 87' lang='lat' dir='ltr'><strong>est“</strong></span> <span class='ocrx_word' id='word_1_32' title='bbox 1872 659 1920 713; x_wconf 95' lang='grc' dir='ltr'><strong>Ο</strong></span> <span class='ocrx_word' id='word_1_33' title='bbox 1936 662 2053 714; x_wconf 82' lang='lat' dir='ltr'><strong>Rex</strong></span> <span class='ocrx_word' id='word_1_34' title='bbox 2067 663 2195 716; x_wconf 90' lang='lat' dir='ltr'><strong>&amp;c.&#39;&#39;</strong></span> 
     </span>
     <span class='ocr_line' id='line_1_5' title="bbox 194 747 2191 817; baseline 0.001 -15"><span class='ocrx_word' id='word_1_35' title='bbox 194 760 250 802; x_wconf 90' lang='lat' dir='ltr'><strong>ut</strong></span> <span class='ocrx_word' id='word_1_36' title='bbox 274 751 329 802; x_wconf 88' lang='lat' dir='ltr'><strong>in</strong></span> <span class='ocrx_word' id='word_1_37' title='bbox 371 747 569 817; x_wconf 85' lang='lat' dir='ltr'><strong>Compl.</strong></span> <span class='ocrx_word' id='word_1_38' title='bbox 607 747 830 799; x_wconf 59' lang='lat' dir='ltr'><strong>ica—In</strong></span> <span class='ocrx_word' id='word_1_39' title='bbox 867 747 957 798; x_wconf 66' lang='grc' dir='ltr'><strong>ΒΥ.</strong></span> <span class='ocrx_word' id='word_1_40' title='bbox 993 756 1173 798; x_wconf 85' lang='lat' dir='ltr'><strong>autem</strong></span> <span class='ocrx_word' id='word_1_41' title='bbox 1215 747 1391 811; x_wconf 69' lang='lat' dir='ltr'><strong>Ebot„</strong></span> <span class='ocrx_word' id='word_1_42' title='bbox 1417 765 1649 815; x_wconf 89' lang='lat' dir='ltr'><strong>quocum</strong></span> <span class='ocrx_word' id='word_1_43' title='bbox 1683 749 1968 802; x_wconf 85' lang='lat' dir='ltr'><strong>concordat</strong></span> <span class='ocrx_word' id='word_1_44' title='bbox 2000 750 2086 803; x_wconf 89' lang='lat' dir='ltr'><strong>Pr.</strong></span> <span class='ocrx_word' id='word_1_45' title='bbox 2126 752 2191 803; x_wconf 89' lang='lat' dir='ltr'><strong>de</strong></span> 
     </span>
     <span class='ocr_line' id='line_1_6' title="bbox 193 831 2195 904; baseline 0.001 -17"><span class='ocrx_word' id='word_1_46' title='bbox 193 836 254 887; x_wconf 91' lang='lat' dir='ltr'><strong>T.</strong></span> <span class='ocrx_word' id='word_1_47' title='bbox 285 836 500 898; x_wconf 87' lang='lat' dir='ltr'><strong>Sarisb.,</strong></span> <span class='ocrx_word' id='word_1_48' title='bbox 517 839 550 863; x_wconf 76' lang='lat'><strong>‘⁴</strong></span> <span class='ocrx_word' id='word_1_49' title='bbox 567 834 660 885; x_wconf 75' lang='lat' dir='ltr'><strong>hoc</strong></span> <span class='ocrx_word' id='word_1_50' title='bbox 684 831 880 898; x_wconf 81' lang='lat' dir='ltr'><strong>Compl.</strong></span> <span class='ocrx_word' id='word_1_51' title='bbox 899 851 1003 883; x_wconf 80' lang='lat' dir='ltr'><strong>non</strong></span> <span class='ocrx_word' id='word_1_52' title='bbox 1026 841 1262 884; x_wconf 79' lang='lat' dir='ltr'><strong>mutatur</strong></span> <span class='ocrx_word' id='word_1_53' title='bbox 1282 851 1375 901; x_wconf 82' lang='lat' dir='ltr'><strong>per</strong></span> <span class='ocrx_word' id='word_1_54' title='bbox 1398 843 1493 885; x_wconf 75' lang='lat' dir='ltr'><strong>oct.</strong></span> <span class='ocrx_word' id='word_1_55' title='bbox 1521 835 1724 902; x_wconf 78' lang='lat' dir='ltr'><strong>quando</strong></span> <span class='ocrx_word' id='word_1_56' title='bbox 1744 835 1805 886; x_wconf 87' lang='lat' dir='ltr'><strong>de</strong></span> <span class='ocrx_word' id='word_1_57' title='bbox 1823 844 1917 887; x_wconf 84' lang='lat' dir='ltr'><strong>oct.</strong></span> <span class='ocrx_word' id='word_1_58' title='bbox 1942 836 2119 904; x_wconf 76' lang='lat' dir='ltr'><strong>ayitur</strong></span> <span class='ocrx_word' id='word_1_59' title='bbox 2129 838 2195 888; x_wconf 75' lang='lat'><strong><em>7.’&#39;</em></strong></span> 
     </span>
     <span class='ocr_line' id='line_1_7' title="bbox 194 918 2195 990; baseline -0.002 -12"><span class='ocrx_word' id='word_1_60' title='bbox 194 927 260 978; x_wconf 90' lang='lat' dir='ltr'><strong>In</strong></span> <span class='ocrx_word' id='word_1_61' title='bbox 298 926 390 976; x_wconf 87' lang='lat' dir='ltr'><strong>Br.</strong></span> <span class='ocrx_word' id='word_1_62' title='bbox 427 922 608 975; x_wconf 88' lang='lat' dir='ltr'><strong>Heres.</strong></span> <span class='ocrx_word' id='word_1_63' title='bbox 643 926 675 951; x_wconf 94' lang='lat'><strong>“</strong></span> <span class='ocrx_word' id='word_1_64' title='bbox 695 921 789 972; x_wconf 78' lang='grc' dir='ltr'><strong><em>Ῐιοι·</em></strong></span> <span class='ocrx_word' id='word_1_65' title='bbox 817 919 1012 989; x_wconf 83' lang='lat' dir='ltr'><strong>Compl.</strong></span> <span class='ocrx_word' id='word_1_66' title='bbox 1037 938 1143 971; x_wconf 80' lang='lat' dir='ltr'><strong>non</strong></span> <span class='ocrx_word' id='word_1_67' title='bbox 1165 918 1458 971; x_wconf 81' lang='lat' dir='ltr'><strong><em>mutabitur</em></strong></span> <span class='ocrx_word' id='word_1_68' title='bbox 1471 939 1571 990; x_wconf 80' lang='lat' dir='ltr'><strong>per</strong></span> <span class='ocrx_word' id='word_1_69' title='bbox 1604 930 1732 972; x_wconf 78' lang='lat' dir='ltr'><strong>totas</strong></span> <span class='ocrx_word' id='word_1_70' title='bbox 1764 931 1860 973; x_wconf 81' lang='lat' dir='ltr'><strong>oct.</strong></span> <span class='ocrx_word' id='word_1_71' title='bbox 1885 922 1946 973; x_wconf 87' lang='lat' dir='ltr'><strong>de</strong></span> <span class='ocrx_word' id='word_1_72' title='bbox 1968 939 2195 990; x_wconf 78' lang='lat' dir='ltr'><strong>quocun-</strong></span> 
     </span>
     <span class='ocr_line' id='line_1_8' title="bbox 192 1006 809 1080; baseline -0.008 -18"><span class='ocrx_word' id='word_1_73' title='bbox 192 1030 286 1080; x_wconf 84' lang='lat' dir='ltr'><strong>que</strong></span> <span class='ocrx_word' id='word_1_74' title='bbox 298 1010 474 1080; x_wconf 79' lang='lat' dir='ltr'><strong>fuerit</strong></span> <span class='ocrx_word' id='word_1_75' title='bbox 496 1006 809 1065; x_wconf 69' lang='lat' dir='ltr'><strong>servitium.”</strong></span> 
     </span>
    </p>

    <p class='ocr_par' dir='ltr' id='par_1_3' title="bbox 262 1109 1354 1179">
     <span class='ocr_line' id='line_1_9' title="bbox 262 1109 1354 1179; baseline -0.009 -12"><span class='ocrx_word' id='word_1_76' title='bbox 262 1116 401 1166; x_wconf 79' lang='lat' dir='ltr'><strong>sicut</strong></span> <span class='ocrx_word' id='word_1_77' title='bbox 424 1109 671 1179; x_wconf 79' lang='lat' dir='ltr'><strong>habetur]</strong></span> <span class='ocrx_word' id='word_1_78' title='bbox 703 1109 748 1161; x_wconf 92' lang='grc' dir='ltr'><strong>Ι.</strong></span> <span class='ocrx_word' id='word_1_79' title='bbox 776 1126 822 1161; x_wconf 91' lang='lat' dir='ltr'><strong>e.</strong></span> <span class='ocrx_word' id='word_1_80' title='bbox 847 1109 984 1160; x_wconf 77' lang='lat' dir='ltr'><strong>sieut</strong></span> <span class='ocrx_word' id='word_1_81' title='bbox 1005 1116 1242 1159; x_wconf 80' lang='lat' dir='ltr'><strong>notatum</strong></span> <span class='ocrx_word' id='word_1_82' title='bbox 1267 1116 1354 1158; x_wconf 84' lang='lat' dir='ltr'><strong>est.</strong></span> 
     </span>
    </p>

    <p class='ocr_par' dir='ltr' id='par_1_4' title="bbox 267 1193 1623 1269">
     <span class='ocr_line' id='line_1_10' title="bbox 267 1193 1623 1269; baseline -0.005 -16"><span class='ocrx_word' id='word_1_83' title='bbox 267 1198 469 1269; x_wconf 83' lang='lat' dir='ltr'><strong>Compl.</strong></span> <span class='ocrx_word' id='word_1_84' title='bbox 493 1197 642 1266; x_wconf 59' lang='lat' dir='ltr'><strong>mim]</strong></span> <span class='ocrx_word' id='word_1_85' title='bbox 671 1197 755 1248; x_wconf 93' lang='lat' dir='ltr'><strong>De</strong></span> <span class='ocrx_word' id='word_1_86' title='bbox 781 1195 872 1247; x_wconf 92' lang='lat' dir='ltr'><strong>Br.</strong></span> <span class='ocrx_word' id='word_1_87' title='bbox 901 1196 1058 1247; x_wconf 88' lang='lat' dir='ltr'><strong>Ebor.</strong></span> <span class='ocrx_word' id='word_1_88' title='bbox 1085 1202 1138 1246; x_wconf 93' lang='lat' dir='ltr'><strong>et</strong></span> <span class='ocrx_word' id='word_1_89' title='bbox 1164 1193 1344 1246; x_wconf 88' lang='lat' dir='ltr'><strong>Heres.</strong></span> <span class='ocrx_word' id='word_1_90' title='bbox 1372 1211 1422 1246; x_wconf 87' lang='lat' dir='ltr'><strong>v.</strong></span> <span class='ocrx_word' id='word_1_91' title='bbox 1448 1211 1623 1264; x_wconf 87' lang='lat' dir='ltr'><strong>supra.</strong></span> 
     </span>
    </p>

    <p class='ocr_par' dir='ltr' id='par_1_5' title="bbox 262 1279 2193 1351">
     <span class='ocr_line' id='line_1_11' title="bbox 262 1279 2193 1351; baseline -0.003 -13"><span class='ocrx_word' id='word_1_92' title='bbox 262 1287 324 1338; x_wconf 94' lang='lat' dir='ltr'><strong>P.</strong></span> <span class='ocrx_word' id='word_1_93' title='bbox 349 1290 451 1339; x_wconf 91' lang='grc'><strong>106</strong></span> <span class='ocrx_word' id='word_1_94' title='bbox 471 1286 524 1348; x_wconf 92' lang='lat' dir='ltr'><strong>b,</strong></span> <span class='ocrx_word' id='word_1_95' title='bbox 547 1288 649 1336; x_wconf 78' lang='lat'>10¹7</span> <span class='ocrx_word' id='word_1_96' title='bbox 663 1301 710 1335; x_wconf 89' lang='lat' dir='ltr'><strong>a.</strong></span> <span class='ocrx_word' id='word_1_97' title='bbox 739 1283 842 1334; x_wconf 93' lang='lat' dir='ltr'><strong>Pro</strong></span> <span class='ocrx_word' id='word_1_98' title='bbox 862 1279 1059 1351; x_wconf 83' lang='lat' dir='ltr'><strong>Compl.</strong></span> <span class='ocrx_word' id='word_1_99' title='bbox 1078 1282 1347 1350; x_wconf 60' lang='lat' dir='ltr'><strong>oeoe—oexzjj</strong></span> <span class='ocrx_word' id='word_1_100' title='bbox 1366 1282 1459 1333; x_wconf 82' lang='lat' dir='ltr'><strong>Br.</strong></span> <span class='ocrx_word' id='word_1_101' title='bbox 1482 1281 1644 1334; x_wconf 90' lang='lat' dir='ltr'><strong>Ebor.</strong></span> <span class='ocrx_word' id='word_1_102' title='bbox 1666 1282 1864 1351; x_wconf 86' lang='lat' dir='ltr'><strong>Gough</strong></span> <span class='ocrx_word' id='word_1_103' title='bbox 1883 1286 1984 1334; x_wconf 76' lang='lat'><strong>59,</strong></span> <span class='ocrx_word' id='word_1_104' title='bbox 2001 1282 2193 1335; x_wconf 88' lang='lat' dir='ltr'><strong>habet:</strong></span> 
     </span>
    </p>

    <p class='ocr_par' dir='ltr' id='par_1_6' title="bbox 195 1366 2201 2051">
     <span class='ocr_line' id='line_1_12' title="bbox 264 1366 2197 1436; baseline -0.003 -13"><span class='ocrx_word' id='word_1_105' title='bbox 264 1376 296 1402; x_wconf 90' lang='lat'><strong>“</strong></span> <span class='ocrx_word' id='word_1_106' title='bbox 314 1371 390 1423; x_wconf 84' lang='lat' dir='ltr'><strong>In</strong></span> <span class='ocrx_word' id='word_1_107' title='bbox 435 1369 907 1422; x_wconf 79' lang='lat' dir='ltr'><em>commemoratione</em></span> <span class='ocrx_word' id='word_1_108' title='bbox 950 1367 1023 1434; x_wconf 73' lang='lat' dir='ltr'><strong>[V.</strong></span> <span class='ocrx_word' id='word_1_109' title='bbox 1073 1366 1143 1419; x_wconf 87' lang='lat' dir='ltr'><strong>ad</strong></span> <span class='ocrx_word' id='word_1_110' title='bbox 1181 1385 1233 1435; x_wconf 87' lang='lat' dir='ltr'><strong>p.</strong></span> <span class='ocrx_word' id='word_1_111' title='bbox 1276 1371 1379 1419; x_wconf 83' lang='lat'><strong>102</strong></span> <span class='ocrx_word' id='word_1_112' title='bbox 1418 1367 1486 1436; x_wconf 92' lang='lat' dir='ltr'><strong>b]</strong></span> <span class='ocrx_word' id='word_1_113' title='bbox 1531 1369 1596 1419; x_wconf 96' lang='grc' dir='ltr'><strong>Β.</strong></span> <span class='ocrx_word' id='word_1_114' title='bbox 1622 1368 1708 1419; x_wconf 88' lang='lat' dir='ltr'><strong>M.</strong></span> <span class='ocrx_word' id='word_1_115' title='bbox 1743 1368 1800 1418; x_wconf 91' lang='lat' dir='ltr'><strong>V.</strong></span> <span class='ocrx_word' id='word_1_116' title='bbox 1848 1369 1908 1419; x_wconf 79' lang='lat' dir='ltr'><strong>in</strong></span> <span class='ocrx_word' id='word_1_117' title='bbox 1954 1367 2085 1418; x_wconf 80' lang='lat' dir='ltr'><strong><em>Adv.</em></strong></span> <span class='ocrx_word' id='word_1_118' title='bbox 2128 1369 2197 1417; x_wconf 81' lang='lat' dir='ltr'><strong>ad</strong></span> 
     </span>
     <span class='ocr_line' id='line_1_13' title="bbox 195 1456 2196 1527; baseline -0.003 -14"><span class='ocrx_word' id='word_1_119' title='bbox 195 1466 225 1491; x_wconf 87' lang='lat'><strong>“</strong></span> <span class='ocrx_word' id='word_1_120' title='bbox 254 1458 456 1526; x_wconf 83' lang='lat' dir='ltr'><strong>Compl.</strong></span> <span class='ocrx_word' id='word_1_121' title='bbox 475 1459 539 1509; x_wconf 80' lang='lat' dir='ltr'><strong>A.</strong></span> <span class='ocrx_word' id='word_1_122' title='bbox 578 1459 717 1510; x_wconf 83' lang='lat' dir='ltr'><strong>Cum</strong></span> <span class='ocrx_word' id='word_1_123' title='bbox 731 1456 1064 1527; x_wconf 84' lang='lat' dir='ltr'><strong>jocunditate</strong></span> <span class='ocrx_word' id='word_1_124' title='bbox 1088 1457 1637 1508; x_wconf 84' lang='lat' dir='ltr'><strong>commemorationem</strong></span> <span class='ocrx_word' id='word_1_125' title='bbox 1663 1457 1729 1508; x_wconf 93' lang='lat' dir='ltr'><strong>B.</strong></span> <span class='ocrx_word' id='word_1_126' title='bbox 1751 1456 1831 1507; x_wconf 91' lang='lat' dir='ltr'><strong>M.</strong></span> <span class='ocrx_word' id='word_1_127' title='bbox 1858 1457 2196 1516; x_wconf 66' lang='lat' dir='ltr'><strong>celebremm,</strong></span> 
     </span>
     <span class='ocr_line' id='line_1_14' title="bbox 199 1542 2197 1616; baseline -0.005 -15"><span class='ocrx_word' id='word_1_128' title='bbox 199 1553 228 1576; x_wconf 92' lang='lat'><strong>“</strong></span> <span class='ocrx_word' id='word_1_129' title='bbox 251 1556 316 1601; x_wconf 88' lang='lat' dir='ltr'><strong>ut</strong></span> <span class='ocrx_word' id='word_1_130' title='bbox 337 1548 453 1616; x_wconf 88' lang='lat' dir='ltr'><strong>ipsa</strong></span> <span class='ocrx_word' id='word_1_131' title='bbox 476 1562 567 1614; x_wconf 85' lang='lat' dir='ltr'><strong>pro</strong></span> <span class='ocrx_word' id='word_1_132' title='bbox 590 1545 742 1597; x_wconf 89' lang='lat' dir='ltr'><strong>nobis</strong></span> <span class='ocrx_word' id='word_1_133' title='bbox 776 1542 1063 1596; x_wconf 85' lang='lat' dir='ltr'><strong>intercedat</strong></span> <span class='ocrx_word' id='word_1_134' title='bbox 1095 1542 1163 1594; x_wconf 86' lang='lat' dir='ltr'><strong>ad</strong></span> <span class='ocrx_word' id='word_1_135' title='bbox 1200 1543 1360 1595; x_wconf 87' lang='lat' dir='ltr'><strong>D&#39;um</strong></span> <span class='ocrx_word' id='word_1_136' title='bbox 1400 1542 1579 1595; x_wconf 91' lang='lat' dir='ltr'><strong>Deum</strong></span> <span class='ocrx_word' id='word_1_137' title='bbox 1615 1551 1873 1594; x_wconf 87' lang='lat' dir='ltr'><strong>nostrum.</strong></span> <span class='ocrx_word' id='word_1_138' title='bbox 1923 1542 2012 1593; x_wconf 70' lang='lat' dir='ltr'><strong>Ps.</strong></span> <span class='ocrx_word' id='word_1_139' title='bbox 2052 1543 2197 1593; x_wconf 87' lang='lat' dir='ltr'><strong>Cum</strong></span> 
     </span>
     <span class='ocr_line' id='line_1_15' title="bbox 197 1628 2196 1701; baseline -0.003 -14"><span class='ocrx_word' id='word_1_140' title='bbox 197 1641 226 1665; x_wconf 78' lang='lat'><strong>‘⁶</strong></span> <span class='ocrx_word' id='word_1_141' title='bbox 250 1637 362 1687; x_wconf 75' lang='lat' dir='ltr'><strong>inv,</strong></span> <span class='ocrx_word' id='word_1_142' title='bbox 391 1638 478 1698; x_wconf 62' lang='grc' dir='ltr'><strong>ᾂο.</strong></span> <span class='ocrx_word' id='word_1_143' title='bbox 509 1632 636 1701; x_wconf 79' lang='lat' dir='ltr'><strong>Cap.</strong></span> <span class='ocrx_word' id='word_1_144' title='bbox 663 1631 748 1684; x_wconf 93' lang='lat' dir='ltr'><strong>Tu</strong></span> <span class='ocrx_word' id='word_1_145' title='bbox 772 1632 829 1682; x_wconf 90' lang='lat' dir='ltr'><strong>in</strong></span> <span class='ocrx_word' id='word_1_146' title='bbox 855 1648 906 1682; x_wconf 91' lang='lat' dir='ltr'><strong>n.</strong></span> <span class='ocrx_word' id='word_1_147' title='bbox 944 1630 1108 1699; x_wconf 80' lang='lat' dir='ltr'><strong>Hym.</strong></span> <span class='ocrx_word' id='word_1_148' title='bbox 1135 1630 1213 1682; x_wconf 92' lang='lat' dir='ltr'><strong>Te</strong></span> <span class='ocrx_word' id='word_1_149' title='bbox 1233 1630 1386 1682; x_wconf 76' lang='lat' dir='ltr'><strong>lucis,</strong></span> <span class='ocrx_word' id='word_1_150' title='bbox 1409 1648 1525 1682; x_wconf 82' lang='lat' dir='ltr'><strong>cum</strong></span> <span class='ocrx_word' id='word_1_151' title='bbox 1548 1649 1591 1682; x_wconf 87' lang='grc' dir='ltr'><strong>υ.</strong></span> <span class='ocrx_word' id='word_1_152' title='bbox 1614 1630 1800 1683; x_wconf 87' lang='lat' dir='ltr'><strong>Gloria</strong></span> <span class='ocrx_word' id='word_1_153' title='bbox 1822 1630 1921 1682; x_wconf 90' lang='lat' dir='ltr'><strong>tibi</strong></span> <span class='ocrx_word' id='word_1_154' title='bbox 1945 1628 2097 1681; x_wconf 86' lang='lat' dir='ltr'><strong>D’ne.</strong></span> <span class='ocrx_word' id='word_1_155' title='bbox 2122 1632 2196 1685; x_wconf 75' lang='grc' dir='ltr'><strong>Ἡ.</strong></span> 
     </span>
     <span class='ocr_line' id='line_1_16' title="bbox 198 1714 2198 1785; baseline -0.004 -12"><span class='ocrx_word' id='word_1_156' title='bbox 198 1726 227 1749; x_wconf 89' lang='lat'><strong>“</strong></span> <span class='ocrx_word' id='word_1_157' title='bbox 253 1719 479 1773; x_wconf 82' lang='lat' dir='ltr'><strong>Custodi</strong></span> <span class='ocrx_word' id='word_1_158' title='bbox 501 1735 612 1769; x_wconf 76' lang='lat' dir='ltr'><strong>nos,</strong></span> <span class='ocrx_word' id='word_1_159' title='bbox 645 1716 855 1768; x_wconf 80' lang='lat' dir='ltr'><strong>Deinde</strong></span> <span class='ocrx_word' id='word_1_160' title='bbox 884 1715 952 1766; x_wconf 89' lang='lat' dir='ltr'><strong>A.</strong></span> <span class='ocrx_word' id='word_1_161' title='bbox 981 1714 1092 1768; x_wconf 90' lang='lat' dir='ltr'><strong>Sub</strong></span> <span class='ocrx_word' id='word_1_162' title='bbox 1125 1725 1282 1768; x_wconf 90' lang='lat' dir='ltr'><strong>tuum</strong></span> <span class='ocrx_word' id='word_1_163' title='bbox 1307 1715 1610 1785; x_wconf 68' lang='lat' dir='ltr'><strong>praesidium</strong></span> <span class='ocrx_word' id='word_1_164' title='bbox 1634 1714 1990 1785; x_wconf 78' lang='lat' dir='ltr'><strong>confugimuS‚</strong></span> <span class='ocrx_word' id='word_1_165' title='bbox 2016 1722 2198 1767; x_wconf 84' lang='lat' dir='ltr'><strong>sancta</strong></span> 
     </span>
     <span class='ocr_line' id='line_1_17' title="bbox 198 1802 2201 1874; baseline -0.003 -15"><span class='ocrx_word' id='word_1_166' title='bbox 198 1813 227 1836; x_wconf 76' lang='lat'><strong>‘⁶</strong></span> <span class='ocrx_word' id='word_1_167' title='bbox 246 1807 351 1859; x_wconf 88' lang='lat' dir='ltr'><strong>Dei</strong></span> <span class='ocrx_word' id='word_1_168' title='bbox 378 1805 639 1874; x_wconf 83' lang='lat' dir='ltr'><strong>genitrix:</strong></span> <span class='ocrx_word' id='word_1_169' title='bbox 677 1810 880 1855; x_wconf 84' lang='lat' dir='ltr'><strong>nostras</strong></span> <span class='ocrx_word' id='word_1_170' title='bbox 904 1802 1294 1871; x_wconf 86' lang='lat' dir='ltr'><strong>deprecationes</strong></span> <span class='ocrx_word' id='word_1_171' title='bbox 1320 1821 1386 1856; x_wconf 89' lang='lat' dir='ltr'><strong>ne</strong></span> <span class='ocrx_word' id='word_1_172' title='bbox 1411 1803 1668 1873; x_wconf 85' lang='lat' dir='ltr'><strong>despicias</strong></span> <span class='ocrx_word' id='word_1_173' title='bbox 1691 1804 1746 1855; x_wconf 90' lang='lat' dir='ltr'><strong>in</strong></span> <span class='ocrx_word' id='word_1_174' title='bbox 1771 1803 2201 1865; x_wconf 88' lang='lat' dir='ltr'><strong>necessitatibus;</strong></span> 
     </span>
     <span class='ocr_line' id='line_1_18' title="bbox 199 1888 2198 1961; baseline -0.002 -16"><span class='ocrx_word' id='word_1_175' title='bbox 199 1898 229 1922; x_wconf 90' lang='lat'><strong>“</strong></span> <span class='ocrx_word' id='word_1_176' title='bbox 249 1892 342 1945; x_wconf 86' lang='lat' dir='ltr'><strong>sed</strong></span> <span class='ocrx_word' id='word_1_177' title='bbox 359 1909 393 1944; x_wconf 83' lang='lat' dir='ltr'><strong>a</strong></span> <span class='ocrx_word' id='word_1_178' title='bbox 408 1891 653 1961; x_wconf 89' lang='lat' dir='ltr'><strong>periculis</strong></span> <span class='ocrx_word' id='word_1_179' title='bbox 666 1890 832 1942; x_wconf 87' lang='lat' dir='ltr'><strong>libera</strong></span> <span class='ocrx_word' id='word_1_180' title='bbox 850 1906 944 1941; x_wconf 90' lang='lat' dir='ltr'><strong>nos</strong></span> <span class='ocrx_word' id='word_1_181' title='bbox 952 1905 1173 1958; x_wconf 88' lang='lat' dir='ltr'><strong>semper,</strong></span> <span class='ocrx_word' id='word_1_182' title='bbox 1186 1889 1353 1957; x_wconf 89' lang='lat' dir='ltr'><strong>Virgo</strong></span> <span class='ocrx_word' id='word_1_183' title='bbox 1367 1890 1661 1942; x_wconf 87' lang='lat' dir='ltr'><strong>benedicta.</strong></span> <span class='ocrx_word' id='word_1_184' title='bbox 1680 1890 1769 1941; x_wconf 78' lang='lat' dir='ltr'><strong>Ps.</strong></span> <span class='ocrx_word' id='word_1_185' title='bbox 1786 1889 1946 1941; x_wconf 90' lang='lat' dir='ltr'><strong>Nunc</strong></span> <span class='ocrx_word' id='word_1_186' title='bbox 1961 1888 2012 1941; x_wconf 86' lang='lat' dir='ltr'><strong>d.</strong></span> <span class='ocrx_word' id='word_1_187' title='bbox 2033 1890 2198 1958; x_wconf 84' lang='lat' dir='ltr'><strong>Kyrie</strong></span> 
     </span>
     <span class='ocr_line' id='line_1_19' title="bbox 199 1977 2193 2051; baseline -0.001 -19"><span class='ocrx_word' id='word_1_188' title='bbox 199 1986 229 2010; x_wconf 73' lang='lat'><strong>‘⁶</strong></span> <span class='ocrx_word' id='word_1_189' title='bbox 250 1981 315 2032; x_wconf 90' lang='lat' dir='ltr'><strong>el.</strong></span> <span class='ocrx_word' id='word_1_190' title='bbox 333 1984 422 2047; x_wconf 74' lang='lat'><strong>550.</strong></span> <span class='ocrx_word' id='word_1_191' title='bbox 442 1980 501 2030; x_wconf 85' lang='lat' dir='ltr'><strong>in</strong></span> <span class='ocrx_word' id='word_1_192' title='bbox 518 1977 756 2030; x_wconf 78' lang='lat' dir='ltr'><strong>omnibus</strong></span> <span class='ocrx_word' id='word_1_193' title='bbox 775 1978 1351 2029; x_wconf 81' lang='lat' dir='ltr'><strong>commemorationibus.</strong></span> <span class='ocrx_word' id='word_1_194' title='bbox 1376 1980 1486 2048; x_wconf 94' lang='lat' dir='ltr'><strong>[De</strong></span> <span class='ocrx_word' id='word_1_195' title='bbox 1506 1978 1611 2031; x_wconf 85' lang='lat' dir='ltr'><strong>Off.</strong></span> <span class='ocrx_word' id='word_1_196' title='bbox 1635 1980 1747 2031; x_wconf 89' lang='lat' dir='ltr'><strong>Sar.</strong></span> <span class='ocrx_word' id='word_1_197' title='bbox 1766 1998 1813 2033; x_wconf 89' lang='lat' dir='ltr'><strong>v.</strong></span> <span class='ocrx_word' id='word_1_198' title='bbox 1832 1981 1891 2031; x_wconf 89' lang='lat' dir='ltr'><strong>in</strong></span> <span class='ocrx_word' id='word_1_199' title='bbox 1915 1979 2193 2051; x_wconf 83' lang='lat' dir='ltr'><strong>Compl.j.]</strong></span> 
     </span>
    </p>

    <p class='ocr_par' dir='ltr' id='par_1_7' title="bbox 203 2061 2200 2393">
     <span class='ocr_line' id='line_1_20' title="bbox 269 2061 2196 2131; baseline 0 -15"><span class='ocrx_word' id='word_1_200' title='bbox 269 2070 300 2095; x_wconf 80' lang='lat'><strong>‘⁶</strong></span> <span class='ocrx_word' id='word_1_201' title='bbox 326 2065 398 2116; x_wconf 85' lang='lat' dir='ltr'><strong>In</strong></span> <span class='ocrx_word' id='word_1_202' title='bbox 433 2081 609 2116; x_wconf 90' lang='lat' dir='ltr'><strong>comm.</strong></span> <span class='ocrx_word' id='word_1_203' title='bbox 647 2064 713 2114; x_wconf 92' lang='grc' dir='ltr'><strong>Β.</strong></span> <span class='ocrx_word' id='word_1_204' title='bbox 740 2061 825 2113; x_wconf 91' lang='lat' dir='ltr'><strong>M.</strong></span> <span class='ocrx_word' id='word_1_205' title='bbox 852 2062 912 2113; x_wconf 82' lang='lat' dir='ltr'><strong>in</strong></span> <span class='ocrx_word' id='word_1_206' title='bbox 939 2071 1156 2131; x_wconf 85' lang='lat' dir='ltr'><strong>tempore</strong></span> <span class='ocrx_word' id='word_1_207' title='bbox 1179 2063 1426 2115; x_wconf 64' lang='lat' dir='ltr'><strong>Pasa-hali</strong></span> <span class='ocrx_word' id='word_1_208' title='bbox 1464 2064 1531 2115; x_wconf 91' lang='lat' dir='ltr'><strong>A.</strong></span> <span class='ocrx_word' id='word_1_209' title='bbox 1573 2065 1719 2127; x_wconf 87' lang='lat' dir='ltr'><strong>All&#39;a,</strong></span> <span class='ocrx_word' id='word_1_210' title='bbox 1744 2064 1879 2127; x_wconf 86' lang='lat' dir='ltr'><strong>all&#39;a,</strong></span> <span class='ocrx_word' id='word_1_211' title='bbox 1903 2064 2037 2128; x_wconf 84' lang='lat' dir='ltr'><strong>all’a,</strong></span> <span class='ocrx_word' id='word_1_212' title='bbox 2062 2064 2196 2116; x_wconf 87' lang='lat' dir='ltr'><strong>all’a.</strong></span> 
     </span>
     <span class='ocr_line' id='line_1_21' title="bbox 203 2147 2198 2218; baseline -0.001 -16"><span class='ocrx_word' id='word_1_213' title='bbox 203 2157 233 2181; x_wconf 88' lang='lat'>“</span> <span class='ocrx_word' id='word_1_214' title='bbox 261 2152 350 2202; x_wconf 83' lang='lat' dir='ltr'><strong>Ps.</strong></span> <span class='ocrx_word' id='word_1_215' title='bbox 385 2151 524 2202; x_wconf 89' lang='lat' dir='ltr'><strong>Cum</strong></span> <span class='ocrx_word' id='word_1_216' title='bbox 563 2151 665 2201; x_wconf 79' lang='lat' dir='ltr'><strong>inv,</strong></span> <span class='ocrx_word' id='word_1_217' title='bbox 698 2153 784 2212; x_wconf 59' lang='grc' dir='ltr'><strong>ἀρ.</strong></span> <span class='ocrx_word' id='word_1_218' title='bbox 828 2147 956 2216; x_wconf 80' lang='lat' dir='ltr'><strong>Cap.</strong></span> <span class='ocrx_word' id='word_1_219' title='bbox 993 2149 1080 2199; x_wconf 88' lang='lat' dir='ltr'><strong>Tu</strong></span> <span class='ocrx_word' id='word_1_220' title='bbox 1113 2149 1168 2199; x_wconf 91' lang='lat' dir='ltr'><strong>in</strong></span> <span class='ocrx_word' id='word_1_221' title='bbox 1203 2165 1255 2199; x_wconf 91' lang='lat' dir='ltr'><strong>n.</strong></span> <span class='ocrx_word' id='word_1_222' title='bbox 1288 2149 1449 2218; x_wconf 79' lang='lat' dir='ltr'><strong>Hym.</strong></span> <span class='ocrx_word' id='word_1_223' title='bbox 1486 2148 1617 2200; x_wconf 86' lang='lat' dir='ltr'><strong>Jesu</strong></span> <span class='ocrx_word' id='word_1_224' title='bbox 1642 2149 1766 2201; x_wconf 61' lang='lat' dir='ltr'><strong>salit.</strong></span> <span class='ocrx_word' id='word_1_225' title='bbox 1794 2165 1912 2201; x_wconf 82' lang='lat' dir='ltr'><strong>soec.</strong></span> <span class='ocrx_word' id='word_1_226' title='bbox 1936 2153 2056 2214; x_wconf 66' lang='grc' dir='ltr'><strong>ὅςας</strong></span> <span class='ocrx_word' id='word_1_227' title='bbox 2094 2168 2198 2201; x_wconf 80' lang='lat' dir='ltr'><strong>non</strong></span> 
     </span>
     <span class='ocr_line' id='line_1_22' title="bbox 203 2235 2200 2306; baseline -0.001 -17"><span class='ocrx_word' id='word_1_228' title='bbox 203 2245 232 2268; x_wconf 77' lang='lat'><strong>‘⁴</strong></span> <span class='ocrx_word' id='word_1_229' title='bbox 258 2247 492 2289; x_wconf 77' lang='lat' dir='ltr'><strong>mutatur</strong></span> <span class='ocrx_word' id='word_1_230' title='bbox 523 2237 716 2306; x_wconf 82' lang='lat' dir='ltr'><strong>Compl.</strong></span> <span class='ocrx_word' id='word_1_231' title='bbox 752 2236 860 2287; x_wconf 78' lang='lat' dir='ltr'><strong>nisi</strong></span> <span class='ocrx_word' id='word_1_232' title='bbox 899 2236 1102 2287; x_wconf 62' lang='lat' dir='ltr'><strong>tantam</strong></span> <span class='ocrx_word' id='word_1_233' title='bbox 1137 2254 1179 2286; x_wconf 86' lang='lat' dir='ltr'><strong>v.</strong></span> <span class='ocrx_word' id='word_1_234' title='bbox 1220 2237 1402 2289; x_wconf 88' lang='lat' dir='ltr'><strong>Gloria</strong></span> <span class='ocrx_word' id='word_1_235' title='bbox 1426 2237 1541 2300; x_wconf 89' lang='lat' dir='ltr'><strong>tibi,</strong></span> <span class='ocrx_word' id='word_1_236' title='bbox 1569 2237 1719 2300; x_wconf 90' lang='lat' dir='ltr'><strong>D’ne,</strong></span> <span class='ocrx_word' id='word_1_237' title='bbox 1746 2235 1851 2297; x_wconf 89' lang='lat' dir='ltr'><strong>Qui</strong></span> <span class='ocrx_word' id='word_1_238' title='bbox 1876 2246 2035 2289; x_wconf 84' lang='lat' dir='ltr'><strong>natus</strong></span> <span class='ocrx_word' id='word_1_239' title='bbox 2055 2254 2110 2289; x_wconf 89' lang='lat' dir='ltr'><strong>es</strong></span> <span class='ocrx_word' id='word_1_240' title='bbox 2135 2237 2200 2290; x_wconf 89' lang='lat' dir='ltr'><strong>de</strong></span> 
     </span>
     <span class='ocr_line' id='line_1_23' title="bbox 204 2320 2061 2393; baseline 0.001 -21"><span class='ocrx_word' id='word_1_241' title='bbox 204 2329 231 2353; x_wconf 89' lang='lat'><strong>“</strong></span> <span class='ocrx_word' id='word_1_242' title='bbox 260 2323 479 2391; x_wconf 89' lang='lat' dir='ltr'><strong>Virgine</strong></span> <span class='ocrx_word' id='word_1_243' title='bbox 499 2332 612 2391; x_wconf 78' lang='lat' dir='ltr'><strong>post</strong></span> <span class='ocrx_word' id='word_1_244' title='bbox 633 2340 676 2373; x_wconf 87' lang='lat' dir='ltr'><strong>v.</strong></span> <span class='ocrx_word' id='word_1_245' title='bbox 704 2321 1031 2383; x_wconf 72' lang='lat' dir='ltr'><strong>Quaesumus</strong></span> <span class='ocrx_word' id='word_1_246' title='bbox 1053 2330 1236 2374; x_wconf 85' lang='lat' dir='ltr'><strong>auctor</strong></span> <span class='ocrx_word' id='word_1_247' title='bbox 1259 2324 1514 2374; x_wconf 88' lang='lat' dir='ltr'><strong>omnium.</strong></span> <span class='ocrx_word' id='word_1_248' title='bbox 1545 2322 1633 2390; x_wconf 88' lang='lat' dir='ltr'><strong>[V.</strong></span> <span class='ocrx_word' id='word_1_249' title='bbox 1665 2320 1862 2391; x_wconf 87' lang='lat' dir='ltr'><strong>Compl.</strong></span> <span class='ocrx_word' id='word_1_250' title='bbox 1888 2322 2061 2393; x_wconf 55' lang='lat' dir='ltr'><strong>xiiij]</strong></span> 
     </span>
    </p>

    <p class='ocr_par' dir='ltr' id='par_1_8' title="bbox 205 2407 2199 2654">
     <span class='ocr_line' id='line_1_24' title="bbox 272 2407 2199 2478; baseline 0.002 -18"><span class='ocrx_word' id='word_1_251' title='bbox 272 2409 391 2460; x_wconf 80' lang='lat' dir='ltr'><strong>“In</strong></span> <span class='ocrx_word' id='word_1_252' title='bbox 417 2408 597 2478; x_wconf 82' lang='lat' dir='ltr'><strong>Puris.</strong></span> <span class='ocrx_word' id='word_1_253' title='bbox 622 2409 689 2460; x_wconf 93' lang='grc' dir='ltr'><strong>Β.</strong></span> <span class='ocrx_word' id='word_1_254' title='bbox 715 2408 800 2459; x_wconf 89' lang='lat' dir='ltr'><strong>M.</strong></span> <span class='ocrx_word' id='word_1_255' title='bbox 837 2408 896 2459; x_wconf 94' lang='lat' dir='ltr'><strong>V.</strong></span> <span class='ocrx_word' id='word_1_256' title='bbox 921 2409 990 2459; x_wconf 76' lang='lat' dir='ltr'><strong>acl</strong></span> <span class='ocrx_word' id='word_1_257' title='bbox 1017 2407 1212 2478; x_wconf 84' lang='lat' dir='ltr'><strong>Compl.</strong></span> <span class='ocrx_word' id='word_1_258' title='bbox 1240 2408 1304 2460; x_wconf 86' lang='lat' dir='ltr'><strong>A.</strong></span> <span class='ocrx_word' id='word_1_259' title='bbox 1344 2409 1577 2462; x_wconf 89' lang='lat' dir='ltr'><strong>Verbum</strong></span> <span class='ocrx_word' id='word_1_260' title='bbox 1617 2428 1737 2463; x_wconf 89' lang='lat' dir='ltr'><strong>caro</strong></span> <span class='ocrx_word' id='word_1_261' title='bbox 1772 2410 1972 2463; x_wconf 82' lang='lat' dir='ltr'><strong>factum</strong></span> <span class='ocrx_word' id='word_1_262' title='bbox 2010 2420 2101 2464; x_wconf 89' lang='lat' dir='ltr'><strong>est.</strong></span> <span class='ocrx_word' id='word_1_263' title='bbox 2140 2424 2199 2464; x_wconf 78' lang='lat' dir='ltr'><strong>ut</strong></span> 
     </span>
     <span class='ocr_line' id='line_1_25' title="bbox 205 2493 2199 2567; baseline 0.003 -21"><span class='ocrx_word' id='word_1_264' title='bbox 205 2498 233 2525; x_wconf 83' lang='lat'><strong>‘⁴</strong></span> <span class='ocrx_word' id='word_1_265' title='bbox 259 2512 413 2564; x_wconf 66' lang='lat' dir='ltr'><strong>supra</strong></span> <span class='ocrx_word' id='word_1_266' title='bbox 439 2495 498 2546; x_wconf 86' lang='lat' dir='ltr'><strong>in</strong></span> <span class='ocrx_word' id='word_1_267' title='bbox 521 2494 647 2545; x_wconf 85' lang='lat' dir='ltr'><strong>Nat.</strong></span> <span class='ocrx_word' id='word_1_268' title='bbox 673 2493 823 2546; x_wconf 82' lang='lat' dir='ltr'><strong>D&#39;ni.</strong></span> <span class='ocrx_word' id='word_1_269' title='bbox 861 2494 950 2546; x_wconf 76' lang='lat' dir='ltr'><strong>Ps.</strong></span> <span class='ocrx_word' id='word_1_270' title='bbox 979 2495 1117 2548; x_wconf 88' lang='lat' dir='ltr'><strong>Cum</strong></span> <span class='ocrx_word' id='word_1_271' title='bbox 1141 2496 1251 2547; x_wconf 77' lang='lat' dir='ltr'><strong>inv,</strong></span> <span class='ocrx_word' id='word_1_272' title='bbox 1280 2500 1365 2559; x_wconf 60' lang='grc' dir='ltr'><strong>ἀρ.</strong></span> <span class='ocrx_word' id='word_1_273' title='bbox 1397 2497 1523 2566; x_wconf 80' lang='lat' dir='ltr'><strong>Cap.</strong></span> <span class='ocrx_word' id='word_1_274' title='bbox 1563 2498 1647 2550; x_wconf 90' lang='lat' dir='ltr'><strong>Tu</strong></span> <span class='ocrx_word' id='word_1_275' title='bbox 1672 2499 1728 2549; x_wconf 88' lang='lat' dir='ltr'><strong>in</strong></span> <span class='ocrx_word' id='word_1_276' title='bbox 1754 2515 1805 2549; x_wconf 89' lang='lat' dir='ltr'><strong>n.</strong></span> <span class='ocrx_word' id='word_1_277' title='bbox 1835 2497 1998 2567; x_wconf 81' lang='lat' dir='ltr'><strong>Hym.</strong></span> <span class='ocrx_word' id='word_1_278' title='bbox 2026 2499 2199 2552; x_wconf 88' lang='lat' dir='ltr'><strong>Corde</strong></span> 
     </span>
     <span class='ocr_line' id='line_1_26' title="bbox 205 2579 2199 2654; baseline 0.002 -22"><span class='ocrx_word' id='word_1_279' title='bbox 205 2586 233 2609; x_wconf 93' lang='lat'>“</span> <span class='ocrx_word' id='word_1_280' title='bbox 256 2588 427 2633; x_wconf 89' lang='lat' dir='ltr'><strong>natus.</strong></span> <span class='ocrx_word' id='word_1_281' title='bbox 441 2584 527 2647; x_wconf 77' lang='lat'><strong>850.</strong></span> <span class='ocrx_word' id='word_1_282' title='bbox 550 2579 619 2633; x_wconf 86' lang='lat' dir='ltr'><strong>Si</strong></span> <span class='ocrx_word' id='word_1_283' title='bbox 633 2580 779 2649; x_wconf 81' lang='lat' dir='ltr'><strong>infra</strong></span> <span class='ocrx_word' id='word_1_284' title='bbox 791 2580 949 2631; x_wconf 88' lang='lat' dir='ltr'><strong>LXX</strong></span> <span class='ocrx_word' id='word_1_285' title='bbox 965 2583 1198 2645; x_wconf 81' lang='lat' dir='ltr'><strong>evenerit,</strong></span> <span class='ocrx_word' id='word_1_286' title='bbox 1208 2582 1533 2634; x_wconf 81' lang='lat' dir='ltr'><strong>dicatursine</strong></span> <span class='ocrx_word' id='word_1_287' title='bbox 1544 2584 1687 2635; x_wconf 85' lang='lat' dir='ltr'><strong>All’a.</strong></span> <span class='ocrx_word' id='word_1_288' title='bbox 1707 2584 1795 2653; x_wconf 89' lang='lat' dir='ltr'><strong>[V.</strong></span> <span class='ocrx_word' id='word_1_289' title='bbox 1812 2582 1881 2635; x_wconf 83' lang='lat' dir='ltr'><strong>ad</strong></span> <span class='ocrx_word' id='word_1_290' title='bbox 1899 2584 2093 2654; x_wconf 83' lang='lat' dir='ltr'><strong>Compl.</strong></span> <span class='ocrx_word' id='word_1_291' title='bbox 2106 2585 2199 2654; x_wconf 73' lang='lat' dir='ltr'><strong>2j.]</strong></span> 
     </span>
    </p>

    <p class='ocr_par' dir='ltr' id='par_1_9' title="bbox 204 2665 2200 2995">
     <span class='ocr_line' id='line_1_27' title="bbox 271 2665 2196 2737; baseline 0.002 -19"><span class='ocrx_word' id='word_1_292' title='bbox 271 2672 303 2696; x_wconf 91' lang='grc'>“</span> <span class='ocrx_word' id='word_1_293' title='bbox 320 2666 394 2718; x_wconf 82' lang='lat' dir='ltr'><strong>In</strong></span> <span class='ocrx_word' id='word_1_294' title='bbox 404 2665 554 2718; x_wconf 81' lang='lat' dir='ltr'><strong>Festo</strong></span> <span class='ocrx_word' id='word_1_295' title='bbox 573 2666 818 2717; x_wconf 81' lang='lat' dir='ltr'><strong>Annunc.</strong></span> <span class='ocrx_word' id='word_1_296' title='bbox 834 2667 902 2718; x_wconf 89' lang='grc' dir='ltr'><strong>Β.</strong></span> <span class='ocrx_word' id='word_1_297' title='bbox 923 2666 1007 2719; x_wconf 90' lang='lat' dir='ltr'><strong>M.</strong></span> <span class='ocrx_word' id='word_1_298' title='bbox 1033 2666 1090 2718; x_wconf 93' lang='lat' dir='ltr'><strong>V.</strong></span> <span class='ocrx_word' id='word_1_299' title='bbox 1107 2667 1176 2718; x_wconf 82' lang='lat' dir='ltr'><strong>ad</strong></span> <span class='ocrx_word' id='word_1_300' title='bbox 1198 2666 1395 2735; x_wconf 83' lang='lat' dir='ltr'><strong>Compl.</strong></span> <span class='ocrx_word' id='word_1_301' title='bbox 1415 2677 1475 2718; x_wconf 83' lang='lat' dir='ltr'><strong>ut</strong></span> <span class='ocrx_word' id='word_1_302' title='bbox 1497 2677 1691 2737; x_wconf 79' lang='lat' dir='ltr'><strong>tempus</strong></span> <span class='ocrx_word' id='word_1_303' title='bbox 1709 2670 1945 2735; x_wconf 70' lang='lat' dir='ltr'><strong>eaeeyerit.</strong></span> <span class='ocrx_word' id='word_1_304' title='bbox 1983 2669 2062 2720; x_wconf 83' lang='lat' dir='ltr'><strong>Et</strong></span> <span class='ocrx_word' id='word_1_305' title='bbox 2075 2680 2196 2722; x_wconf 82' lang='lat' dir='ltr'><strong>nota</strong></span> 
     </span>
     <span class='ocr_line' id='line_1_28' title="bbox 204 2752 2200 2823; baseline 0.002 -18"><span class='ocrx_word' id='word_1_306' title='bbox 204 2759 233 2782; x_wconf 78' lang='lat'><strong>‘⁶</strong></span> <span class='ocrx_word' id='word_1_307' title='bbox 258 2753 392 2821; x_wconf 81' lang='lat' dir='ltr'><strong>quod</strong></span> <span class='ocrx_word' id='word_1_308' title='bbox 419 2752 665 2822; x_wconf 72' lang='lat' dir='ltr'><strong>[tmpore</strong></span> <span class='ocrx_word' id='word_1_309' title='bbox 688 2753 960 2822; x_wconf 68' lang='lat' dir='ltr'><strong>Pas-ebali]</strong></span> <span class='ocrx_word' id='word_1_310' title='bbox 990 2755 1048 2805; x_wconf 82' lang='lat' dir='ltr'><strong>in</strong></span> <span class='ocrx_word' id='word_1_311' title='bbox 1059 2755 1177 2823; x_wconf 84' lang='lat' dir='ltr'><strong>fine</strong></span> <span class='ocrx_word' id='word_1_312' title='bbox 1193 2753 1529 2822; x_wconf 76' lang='lat' dir='ltr'><strong>Hymnorum</strong></span> <span class='ocrx_word' id='word_1_313' title='bbox 1551 2771 1768 2822; x_wconf 80' lang='lat' dir='ltr'><strong>quorum</strong></span> <span class='ocrx_word' id='word_1_314' title='bbox 1792 2765 1948 2807; x_wconf 79' lang='lat' dir='ltr'><strong>metro</strong></span> <span class='ocrx_word' id='word_1_315' title='bbox 1968 2758 2200 2808; x_wconf 79' lang='lat' dir='ltr'><strong>convenit</strong></span> 
     </span>
     <span class='ocr_line' id='line_1_29' title="bbox 204 2837 2198 2905; baseline 0.003 -16"><span class='ocrx_word' id='word_1_316' title='bbox 204 2844 234 2867; x_wconf 84' lang='lat'><strong>“</strong></span> <span class='ocrx_word' id='word_1_317' title='bbox 258 2839 456 2891; x_wconf 80' lang='lat' dir='ltr'><strong>dicitur</strong></span> <span class='ocrx_word' id='word_1_318' title='bbox 476 2858 519 2889; x_wconf 86' lang='lat' dir='ltr'><strong>v.</strong></span> <span class='ocrx_word' id='word_1_319' title='bbox 548 2837 867 2898; x_wconf 76' lang='lat' dir='ltr'><strong>Quaesumus</strong></span> <span class='ocrx_word' id='word_1_320' title='bbox 890 2847 1073 2891; x_wconf 85' lang='lat' dir='ltr'><strong>auctor</strong></span> <span class='ocrx_word' id='word_1_321' title='bbox 1097 2840 1335 2891; x_wconf 88' lang='lat' dir='ltr'><strong>omnium</strong></span> <span class='ocrx_word' id='word_1_322' title='bbox 1361 2849 1481 2890; x_wconf 80' lang='lat' dir='ltr'><strong>ante</strong></span> <span class='ocrx_word' id='word_1_323' title='bbox 1501 2858 1545 2890; x_wconf 85' lang='lat' dir='ltr'><strong>v.</strong></span> <span class='ocrx_word' id='word_1_324' title='bbox 1575 2840 1760 2891; x_wconf 85' lang='lat' dir='ltr'><strong>Gloria</strong></span> <span class='ocrx_word' id='word_1_325' title='bbox 1782 2841 1896 2904; x_wconf 88' lang='lat' dir='ltr'><strong>tibi,</strong></span> <span class='ocrx_word' id='word_1_326' title='bbox 1918 2840 2071 2904; x_wconf 87' lang='lat' dir='ltr'><strong>D&#39;ne‚</strong></span> <span class='ocrx_word' id='word_1_327' title='bbox 2092 2842 2198 2905; x_wconf 86' lang='lat' dir='ltr'><strong>Qui</strong></span> 
     </span>
     <span class='ocr_line' id='line_1_30' title="bbox 205 2924 2118 2995; baseline 0.003 -20"><span class='ocrx_word' id='word_1_328' title='bbox 205 2930 235 2953; x_wconf 89' lang='lat'>“</span> <span class='ocrx_word' id='word_1_329' title='bbox 256 2933 410 2978; x_wconf 87' lang='lat' dir='ltr'><strong>natus</strong></span> <span class='ocrx_word' id='word_1_330' title='bbox 436 2925 536 2977; x_wconf 86' lang='lat' dir='ltr'><strong>&amp;c.</strong></span> <span class='ocrx_word' id='word_1_331' title='bbox 569 2924 686 2995; x_wconf 77' lang='lat' dir='ltr'><strong>[qui</strong></span> <span class='ocrx_word' id='word_1_332' title='bbox 709 2925 770 2975; x_wconf 83' lang='lat' dir='ltr'><strong>in</strong></span> <span class='ocrx_word' id='word_1_333' title='bbox 792 2925 886 2975; x_wconf 73' lang='lat' dir='ltr'><strong>Br.</strong></span> <span class='ocrx_word' id='word_1_334' title='bbox 914 2925 1078 2977; x_wconf 79' lang='lat' dir='ltr'><strong>Ebor.</strong></span> <span class='ocrx_word' id='word_1_335' title='bbox 1103 2927 1259 2976; x_wconf 81' lang='lat' dir='ltr'><strong>etiam</strong></span> <span class='ocrx_word' id='word_1_336' title='bbox 1284 2925 1429 2994; x_wconf 82' lang='lat' dir='ltr'><strong>infra</strong></span> <span class='ocrx_word' id='word_1_337' title='bbox 1457 2926 1756 2977; x_wconf 80' lang='lat' dir='ltr'><strong>Passionem</strong></span> <span class='ocrx_word' id='word_1_338' title='bbox 1778 2927 2019 2995; x_wconf 64' lang='lat' dir='ltr'><strong>dicitur]</strong></span> <span class='ocrx_word' id='word_1_339' title='bbox 2115 2953 2118 2954; x_wconf 41' lang='lat'><em>⁷</em></span> 
     </span>
    </p>

    <p class='ocr_par' dir='ltr' id='par_1_10' title="bbox 202 3009 2201 3341">
     <span class='ocr_line' id='line_1_31' title="bbox 270 3009 2200 3082; baseline 0.002 -20"><span class='ocrx_word' id='word_1_340' title='bbox 270 3015 300 3038; x_wconf 92' lang='lat'><strong>“</strong></span> <span class='ocrx_word' id='word_1_341' title='bbox 324 3011 396 3062; x_wconf 81' lang='lat' dir='ltr'><strong>In</strong></span> <span class='ocrx_word' id='word_1_342' title='bbox 420 3010 569 3062; x_wconf 80' lang='lat' dir='ltr'><strong>Festo</strong></span> <span class='ocrx_word' id='word_1_343' title='bbox 593 3009 979 3077; x_wconf 76' lang='lat' dir='ltr'><strong>Assumptz&#39;onis</strong></span> <span class='ocrx_word' id='word_1_344' title='bbox 1004 3011 1069 3061; x_wconf 89' lang='lat' dir='ltr'><strong>B.</strong></span> <span class='ocrx_word' id='word_1_345' title='bbox 1095 3010 1183 3062; x_wconf 89' lang='lat' dir='ltr'><strong>M.</strong></span> <span class='ocrx_word' id='word_1_346' title='bbox 1211 3011 1269 3062; x_wconf 94' lang='lat' dir='ltr'><strong>V.</strong></span> <span class='ocrx_word' id='word_1_347' title='bbox 1295 3012 1363 3062; x_wconf 86' lang='lat' dir='ltr'><strong>ad</strong></span> <span class='ocrx_word' id='word_1_348' title='bbox 1390 3011 1585 3081; x_wconf 68' lang='lat' dir='ltr'><strong>Compi.</strong></span> <span class='ocrx_word' id='word_1_349' title='bbox 1613 3011 1681 3064; x_wconf 85' lang='lat' dir='ltr'><strong>A.</strong></span> <span class='ocrx_word' id='word_1_350' title='bbox 1710 3014 1851 3065; x_wconf 91' lang='lat' dir='ltr'><strong>Cum</strong></span> <span class='ocrx_word' id='word_1_351' title='bbox 1868 3013 2200 3082; x_wconf 84' lang='lat' dir='ltr'><strong>jocunditate</strong></span> 
     </span>
     <span class='ocr_line' id='line_1_32' title="bbox 202 3096 2199 3168; baseline 0.002 -19"><span class='ocrx_word' id='word_1_352' title='bbox 202 3103 231 3126; x_wconf 91' lang='lat'>“</span> <span class='ocrx_word' id='word_1_353' title='bbox 257 3099 689 3168; x_wconf 61' lang='lat' dir='ltr'><strong>Assumptionem</strong></span> <span class='ocrx_word' id='word_1_354' title='bbox 713 3098 776 3149; x_wconf 91' lang='lat' dir='ltr'><strong>B.</strong></span> <span class='ocrx_word' id='word_1_355' title='bbox 798 3096 1206 3150; x_wconf 88' lang='lat' dir='ltr'><strong>M.—-nostrum.</strong></span> <span class='ocrx_word' id='word_1_356' title='bbox 1229 3100 1302 3166; x_wconf 86' lang='lat' dir='ltr'><strong>[v.</strong></span> <span class='ocrx_word' id='word_1_357' title='bbox 1323 3100 1520 3167; x_wconf 65' lang='lat' dir='ltr'><strong>supra]</strong></span> <span class='ocrx_word' id='word_1_358' title='bbox 1550 3100 1627 3149; x_wconf 80' lang='lat' dir='ltr'><strong>Et</strong></span> <span class='ocrx_word' id='word_1_359' title='bbox 1645 3101 1704 3151; x_wconf 79' lang='lat' dir='ltr'><strong>in</strong></span> <span class='ocrx_word' id='word_1_360' title='bbox 1723 3100 1847 3152; x_wconf 77' lang='lat' dir='ltr'><strong>aliis</strong></span> <span class='ocrx_word' id='word_1_361' title='bbox 1858 3100 2016 3168; x_wconf 74' lang='lat' dir='ltr'><strong>sestis</strong></span> <span class='ocrx_word' id='word_1_362' title='bbox 2035 3101 2102 3157; x_wconf 93' lang='grc' dir='ltr'><strong>Β.</strong></span> <span class='ocrx_word' id='word_1_363' title='bbox 2116 3101 2199 3152; x_wconf 89' lang='grc' dir='ltr'><strong>Μ.</strong></span> 
     </span>
     <span class='ocr_line' id='line_1_33' title="bbox 204 3183 2201 3253; baseline 0.002 -18"><span class='ocrx_word' id='word_1_364' title='bbox 204 3188 233 3213; x_wconf 89' lang='lat'>“</span> <span class='ocrx_word' id='word_1_365' title='bbox 256 3194 449 3236; x_wconf 82' lang='lat' dir='ltr'><strong>mutato</strong></span> <span class='ocrx_word' id='word_1_366' title='bbox 474 3186 573 3236; x_wconf 82' lang='lat' dir='ltr'><strong>isto</strong></span> <span class='ocrx_word' id='word_1_367' title='bbox 597 3184 742 3235; x_wconf 85' lang='lat' dir='ltr'><strong>verbo</strong></span> <span class='ocrx_word' id='word_1_368' title='bbox 767 3185 881 3235; x_wconf 76' lang='lat' dir='ltr'><strong>Ass·</strong></span> <span class='ocrx_word' id='word_1_369' title='bbox 908 3186 968 3235; x_wconf 78' lang='lat' dir='ltr'><strong>in</strong></span> <span class='ocrx_word' id='word_1_370' title='bbox 993 3184 1358 3248; x_wconf 88' lang='lat' dir='ltr'><strong>Nativitatem,</strong></span> <span class='ocrx_word' id='word_1_371' title='bbox 1377 3183 1455 3235; x_wconf 86' lang='lat' dir='ltr'><strong>vel</strong></span> <span class='ocrx_word' id='word_1_372' title='bbox 1475 3185 1905 3253; x_wconf 77' lang='lat' dir='ltr'><strong>conceptionem,</strong></span> <span class='ocrx_word' id='word_1_373' title='bbox 1930 3185 2201 3238; x_wconf 87' lang='lat' dir='ltr'><strong>Visitatio-</strong></span> 
     </span>
     <span class='ocr_line' id='line_1_34' title="bbox 205 3270 1953 3341; baseline 0.001 -20"><span class='ocrx_word' id='word_1_374' title='bbox 205 3274 232 3298; x_wconf 91' lang='lat'>“</span> <span class='ocrx_word' id='word_1_375' title='bbox 260 3286 398 3333; x_wconf 90' lang='lat' dir='ltr'><strong>nem,</strong></span> <span class='ocrx_word' id='word_1_376' title='bbox 426 3274 511 3334; x_wconf 64' lang='grc' dir='ltr'><strong>ᾇτ’.</strong></span> <span class='ocrx_word' id='word_1_377' title='bbox 531 3280 692 3340; x_wconf 78' lang='lat' dir='ltr'><strong>prout</strong></span> <span class='ocrx_word' id='word_1_378' title='bbox 704 3270 905 3339; x_wconf 80' lang='lat' dir='ltr'><strong>festum</strong></span> <span class='ocrx_word' id='word_1_379' title='bbox 928 3271 1149 3338; x_wconf 75' lang='lat' dir='ltr'><strong>eaeeyerit</strong></span> <span class='ocrx_word' id='word_1_380' title='bbox 1175 3270 1335 3339; x_wconf 88' lang='lat' dir='ltr'><strong>[liber</strong></span> <span class='ocrx_word' id='word_1_381' title='bbox 1359 3272 1638 3339; x_wconf 89' lang='lat' dir='ltr'><strong>impressus</strong></span> <span class='ocrx_word' id='word_1_382' title='bbox 1660 3271 1953 3341; x_wconf 55' lang='lat' dir='ltr'><strong>eoeiyeritJ&#39;</strong></span> 
     </span>
    </p>
   </div>
   <div class='ocr_carea' id='block_1_3' title="bbox 263 3419 2197 3488">
    <p class='ocr_par' dir='ltr' id='par_1_11' title="bbox 263 3419 2197 3488">
     <span class='ocr_line' id='line_1_35' title="bbox 263 3419 2197 3488; baseline 0.001 -18"><span class='ocrx_word' id='word_1_383' title='bbox 263 3429 283 3452; x_wconf 85' lang='lat'>¹</span> <span class='ocrx_word' id='word_1_384' title='bbox 306 3422 367 3470; x_wconf 89' lang='lat' dir='ltr'><strong>Iu</strong></span> <span class='ocrx_word' id='word_1_385' title='bbox 390 3423 482 3470; x_wconf 80' lang='lat' dir='ltr'><strong>hac</strong></span> <span class='ocrx_word' id='word_1_386' title='bbox 509 3422 617 3484; x_wconf 88' lang='lat' dir='ltr'><strong>Seq.</strong></span> <span class='ocrx_word' id='word_1_387' title='bbox 643 3421 724 3470; x_wconf 90' lang='lat' dir='ltr'><strong>Br.</strong></span> <span class='ocrx_word' id='word_1_388' title='bbox 746 3422 934 3471; x_wconf 73' lang='lat' dir='ltr'><strong>Herefi:</strong></span> <span class='ocrx_word' id='word_1_389' title='bbox 956 3423 1142 3469; x_wconf 88' lang='lat' dir='ltr'><strong>“theon</strong></span> <span class='ocrx_word' id='word_1_390' title='bbox 1165 3429 1348 3485; x_wconf 80' lang='lat' dir='ltr'><strong>panton</strong></span> <span class='ocrx_word' id='word_1_391' title='bbox 1371 3426 1596 3472; x_wconf 84' lang='lat' dir='ltr'><strong>craton’&#39;.</strong></span> <span class='ocrx_word' id='word_1_392' title='bbox 1664 3419 1688 3452; x_wconf 68' lang='grc' dir='ltr'>Υ</span> <span class='ocrx_word' id='word_1_393' title='bbox 1712 3423 1770 3471; x_wconf 78' lang='lat' dir='ltr'><strong>V.</strong></span> <span class='ocrx_word' id='word_1_394' title='bbox 1793 3438 1840 3488; x_wconf 85' lang='lat' dir='ltr'><strong>p.</strong></span> <span class='ocrx_word' id='word_1_395' title='bbox 1863 3422 2047 3470; x_wconf 80' lang='lat' dir='ltr'><strong>lxxxvi.</strong></span> <span class='ocrx_word' id='word_1_396' title='bbox 2070 3424 2100 3471; x_wconf 90' lang='lat' dir='ltr'><strong>l.</strong></span> <span class='ocrx_word' id='word_1_397' title='bbox 2121 3425 2197 3472; x_wconf 87' lang='grc'><strong>28.</strong></span> 
     </span>
    </p>
   </div>
   <div class='ocr_carea' id='block_1_4' title="bbox 44 4009 2588 4389">
    <p class='ocr_par' dir='ltr' id='par_1_12' title="bbox 44 4009 2588 4389">
     <span class='ocr_line' id='line_1_36' title="bbox 44 4009 2588 4389; baseline -0.001 0"><span class='ocrx_word' id='word_1_398' title='bbox 44 4139 45 4150; x_wconf 0' lang='grc' dir='ltr'><strong>Β</strong></span> <span class='ocrx_word' id='word_1_399' title='bbox 102 4267 269 4389; x_wconf 67' lang='grc' dir='ltr'><strong>ιι.</strong></span> <span class='ocrx_word' id='word_1_400' title='bbox 2003 4349 2008 4352; x_wconf 59' lang='lat'><em>,</em></span> <span class='ocrx_word' id='word_1_401' title='bbox 2193 4009 2588 4389; x_wconf 42' lang='lat' dir='ltr'><strong>..Af</strong></span> 
     </span>
    </p>
   </div>
  </div>
 </body>
</html>
