2910 4457
597 449 799 539 xxviij
1394 464 1442 502 m
1471 463 1709 505 connum-3
1737 464 1881 505 umus
2384 446 2499 517 (An
2518 453 2548 516 5
2565 452 2734 504 82-84

598 604 717 654 Non
727 602 986 670 Virgines,
1005 600 1061 651 in
1073 599 1238 666 primo
1259 603 1310 650 et
1326 599 1559 651 secundo
1576 602 1778 650 tantum
1789 599 2071 651 Nocturnis
2092 599 2507 667 distinguuntur,
2517 629 2582 638 —
2592 601 2738 650 Euan-

599 686 796 755 gelium
809 684 1017 737 “Simile
1028 713 1095 723 -—
1105 701 1249 752 agro·
1268 685 1338 734 Et
1348 682 1597 748 reliqua.”
1608 698 1725 734 cum
1738 684 2080 749 Expositione
2094 699 2191 734 sua
2205 685 2263 733 iu
2274 682 2399 734 Non
2412 683 2687 751 Vir-finum,
2700 686 2742 734 in

616 770 883 838 Viryinum
900 773 1069 818 autem
1089 767 1363 821 Communi
1378 766 1572 832 legitur
1588 771 1679 817 aut
1695 768 1900 834 Euang.
1923 766 2133 817 “Simile
2144 767 2483 833 -sponsae.”
2503 784 2623 819 cum
2637 770 2744 833 Exp.

605 868 699 904 sua
722 851 795 918 (v.
816 853 846 913 ὅ
865 853 928 903 89
948 866 1067 902 cum
1091 850 1292 916 annot.)
1318 855 1408 900 aut
1425 849 1569 900 aliud
1593 849 1734 914 quod
1758 866 1878 901 cum
1894 851 2026 916 Exp.
2052 866 2149 901 sua
2171 849 2369 900 ibidem
2392 850 2565 901 videri
2585 859 2747 919 potest.

700 953 761 1002 In
784 952 889 1002 hoc
911 956 1083 1001 autem
1104 950 1260 1000 Brev.
1279 949 1559 1015 Euangelii
1580 948 1787 1000 “Simile
1802 978 1873 986 —
1891 948 2068 1017 agrn.”
2087 951 2367 1016 Expositio
2388 950 2516 1002 talis
2537 957 2645 1002 est:

707 1035 1002 1087 “Coelorum
1022 1049 1258 1103 regnum,
1280 1059 1344 1070 --
1364 1033 1563 1095 didicit,
1598 1033 1749 1098 quasi
1781 1033 2100 1084 confricatus
2122 1060 2187 1071 —
2213 1032 2357 1098 quod
2379 1034 2488 1084 scit
2509 1038 2689 1084 notum
2708 1059 2752 1069 -

607 1119 887 1171 “coelorum
909 1133 1129 1185 regnum
1149 1145 1215 1154 —
1237 1130 1419 1184 agrum
1439 1113 1643 1165 illum.'’

709 1202 856 1254 “Lea
879 1201 985 1268 viij.
1010 1201 1127 1263 Qua
1148 1202 1203 1250 in
1226 1213 1283 1250 re
1300 1227 1364 1237 -
1384 1199 1660 1264 desiderat,
1680 1226 1743 1235 —
1759 1205 1934 1266 portat
1955 1200 2011 1250 in
2027 1199 2132 1250 via.
2151 1226 2217 1237 -
2233 1197 2465 1266 proximi
2485 1215 2647 1265 opera
2662 1217 2755 1250 nos-

611 1288 720 1337 “tra
741 1286 884 1338 bona
902 1313 974 1324 —
995 1285 1316 1352 praebeamus
1341 1283 1634 1350 exemplum
1655 1311 1722 1319 —
1742 1283 1858 1334 Deo
1882 1281 1984 1335 soli
2005 1313 2070 1322 —
2095 1288 2335 1350 optemus
2359 1283 2676 1335 secretum.”

712 1384 863 1437 “Lea
885 1386 942 1436 ix
978 1383 1113 1451 [quae
1147 1389 1294 1434 extra
1326 1383 1481 1432 Brev.
1504 1388 1743 1433 nostrum
1776 1381 1892 1449 est].
1928 1383 2227 1434 Thesaurus
2251 1388 2433 1434 autem
2458 1382 2673 1434 eoeleste
2702 1391 2760 1432 est

614 1469 982 1522 “desideriumz
1009 1484 1133 1534 ager
1155 1483 1281 1519 vero
1304 1468 1360 1518 in
1386 1481 1489 1532 quo
1512 1466 1787 1517 thesaurus
1812 1465 2169 1530 absconditur,
2195 1466 2483 1533 disciplina
2507 1468 2671 1519 studii
2684 1484 2761 1518 οω-

614 1554 807 1606 “lestis.
831 1553 998 1615 Quem
1021 1554 1256 1619 profecto
1280 1566 1465 1618 agrum
1486 1549 1714 1600 venditis
1734 1549 1975 1600 omnibus
2001 1555 2285 1615 comparat,
2312 1551 2404 1616 qui
2424 1551 2763 1617 voluptatibus

616 1638 821 1688 “carnis
854 1636 1178 1697 renuntians,
1213 1639 1404 1685 cuncta
1440 1647 1537 1683 sua
1570 1638 1778 1682 terrena
1812 1632 2070 1682 desideria
2100 1647 2193 1697 per
2226 1631 2534 1699 disciplinae
2570 1635 2767 1685 coelestis

617 1718 937 1771 “custodiam
973 1715 1169 1766 calcat:
1210 1720 1270 1772 ut
1298 1714 1431 1765 nihil
1457 1715 1569 1780 jam
1603 1714 1745 1779 quod
1780 1729 1900 1764 caro
1932 1713 2214 1778 blanditur,
2249 1714 2446 1777 libeat3
2490 1717 2634 1767 nihil
2657 1718 2769 1783 quod

617 1803 910 1855 “carnalem
931 1802 1095 1851 vitam
1115 1800 1358 1864 trucidat,
1383 1801 1597 1867 spiritus
1622 1797 2032 1865 perhorrescat.''

712 1884 956 1938 Homelia
990 1884 1140 1934 Beati
1163 1884 1404 1950 Gregorii
1425 1882 1621 1950 Papae]
1659 1883 1746 1933 Sic
1777 1888 1934 1946 recte,
1969 1887 2076 1933 tam
2097 1880 2187 1932 hic
2211 1897 2369 1948 quam
2393 1883 2425 1944 ἓ
2452 1885 2542 1947 89,
2568 1886 2644 1935 L:
2676 1887 2724 1936 in
2742 1885 2773 1934 A

616 1959 892 2034 utrobique
916 1966 1149 2018 additum
1172 1971 1251 2018 est
1279 1966 1373 2016 “de
1396 1965 1581 2016 eadem
1604 1963 1901 2028 Lectione’',
1927 1968 2111 2015 eontra
2132 1963 2420 2014 Rubricam
2446 1981 2576 2030 quae
2599 1968 2657 2019 in
2679 1970 2773 2018 'rer-

618 2053 691 2103 tio
719 2052 771 2103 S.
794 2050 1019 2102 Andreae
1040 2050 1327 2112 Nocturn0,
1351 2054 1459 2098 tam
1482 2048 1537 2097 in
1560 2048 1608 2098 A
1631 2049 1746 2113 ipso
1773 2062 1929 2111 quam
1950 2048 2006 2096 in
2024 2045 2082 2109 L,
2101 2046 2399 2097 invenitur:
2430 2047 2601 2101 “Non
2617 2051 2776 2102 dicitur
2810 2085 2811 2098 ,

622 2137 718 2188 “de
737 2134 920 2187 eadem
937 2133 1217 2185 Lectione:
1241 2131 1378 2198 quod
1389 2147 1494 2196 per
1517 2138 1673 2181 totum
1689 2146 1886 2180 annum
1907 2128 2198 2182 observetur
2212 2130 2507 2183 secundum
2533 2132 2695 2186 Usum
2716 2132 2779 2185 Sa·
2810 2103 2811 2160 ¹

620 2219 814 2273 “rumJ’
841 2219 920 2271 cf.
944 2217 1010 2270 ad
1034 2219 1064 2281 ἓ
1089 2219 1169 2282 99,
1194 2216 1257 2268 de
1279 2215 1515 2267 Homilia
1537 2214 1590 2266 S.
1613 2215 1914 2283 Augustini.

718 2320 811 2372 per
832 2304 934 2354 hoc
958 2301 1099 2367 quod
1117 2302 1232 2363 scit,
1255 2306 1438 2352 notum
1461 2298 1691 2367 diligere]
1719 2300 1820 2351 Pro
1838 2299 2088 2352 librorum
2106 2299 2365 2366 scriptura
2390 2300 2557 2368 “sit''‚
2580 2320 2653 2356 ex
2667 2307 2783 2357 Brev.

623 2390 771 2438 Rom.
809 2386 882 2451 (v.
908 2384 1088 2452 supra)
1111 2386 1325 2451 reposui
1351 2384 1533 2447 “seit”,
1572 2383 1752 2433 addita
1773 2389 1945 2434 tamen
1969 2382 2192 2450 virgula,
2216 2389 2276 2434 ut
2304 2384 2529 2450 “quod'’
2559 2405 2678 2440 non
2700 2405 2786 2439 con-

617 2470 822 2536 junctio
859 2468 1036 2534 (quam
1061 2467 1318 2518 editiones
1344 2466 1582 2532 quaedam
1615 2466 1793 2517 addito
1830 2466 1987 2516 etiam
2021 2471 2245 2516 accentu
2276 2482 2397 2517 esse
2433 2469 2703 2537 faciunt),
2731 2470 2789 2521 sed

622 2552 899 2603 relativum
933 2552 1017 2602 sit.
1055 2550 1149 2600 Sin
1182 2554 1353 2600 autem
1385 2553 1647 2601 retentum
1680 2554 1821 2600 esset
1858 2546 2004 2611 “sit'’,
2044 2547 2247 2613 “quod'’
2289 2564 2388 2615 per
2419 2551 2641 2617 “quid”
2667 2554 2790 2621 expli-

627 2636 849 2688 candum
873 2638 1025 2685 esset.

724 2718 987 2771 custodire
1010 2731 1118 2767 non
1141 2715 1347 2784 sufficit]
1376 2716 1709 2767 custodiendi
1730 2717 1897 2781 impar
1920 2719 1999 2766 est
2022 2714 2181 2780 operi.

723 2819 818 2869 pro
845 2802 1086 2854 omnibus
1109 2798 1284 2867 nobis]
1308 2799 1370 2862 L,
1397 2801 1521 2866 “pro
1546 2798 1700 2850 nobis
1725 2795 2014 2849 omnibus''.

730 2884 1095 2951 “Depraedari'’
1120 2901 1279 2936 sensu
1300 2885 1517 2950 passivo
1543 2881 1872 2949 capiendum.

726 2984 766 3055 fl
793 2984 948 3055 88.)
973 2988 1053 3038 vel
1075 2983 1150 3041 Vs
1172 2983 1477 3051 Adjuvabit]
1503 2983 1565 3034 V.
1590 2982 1657 3033 ad
1681 2983 1711 3044 ἓ
1738 2985 1816 3032 27.

729 3087 886 3138 quam
900 3069 1206 3136 vigilantem
1224 3066 1340 3119 D‘fis
1357 3064 1580 3133 invenit]
1606 3066 1667 3129 L,
1689 3067 1874 3130 “quam
1891 3065 1957 3115 D.
1982 3082 2035 3116 v.
2059 3065 2125 3116 i.”

726 3171 885 3220 JESU
915 3177 1110 3214 corona
1125 3157 1407 3227 virginum]
1426 3160 1580 3209 Metri
1590 3164 1750 3224 typus
1768 3158 1906 3208 idem
1924 3158 2084 3223 quiin
2104 3158 2168 3220 ἐξ
2190 3162 2237 3221 2,
2253 3159 2303 3222 5,
2325 3162 2411 3224 21,
2433 3166 2530 3228 25,
2556 3167 2654 3230 37,
2669 3164 2804 3224 5o,52.

732 3270 772 3341 β
798 3268 951 3339 84.)
989 3269 1241 3322 Laudabo
1278 3285 1470 3319 nomen
1505 3274 1653 3318 tuum
1676 3267 1899 3330 assidue,
1935 3270 1986 3316 et
2017 3264 2327 3317 collaudabo
2359 3267 2513 3322 illud
2539 3275 2611 3325 in
2641 3274 2805 3326 confes·

636 3360 809 3411 sione:
836 3361 887 3407 et
910 3353 1153 3406 exaudita
1177 3358 1257 3402 est
1281 3352 1449 3402 oratio
1474 3349 1626 3417 mea.]
1654 3349 1831 3414 oravi,
1865 3350 1967 3400 hoc
1992 3348 2256 3409 pollicitus
2283 3349 2680 3413 (“Laudab0'‘
2706 3354 2809 3406 &egr

638 3444 721 3493 “et
740 3439 982 3491 exaudita
1001 3442 1079 3489 est
1100 3437 1264 3487 oratio
1284 3433 1469 3485 mea.'':
1490 3435 1555 3485 cf.
1573 3435 1630 3483 in
1642 3433 1831 3485 Bibliis
1848 3432 1976 3498 ipsis
1993 3447 2200 3482 versum
2216 3432 2649 3497 praecedentem
2663 3439 2737 3504 (v,
2751 3440 2790 3486 14

634 3524 755 3575 Hoc
777 3527 950 3574 autem
974 3521 1064 3587 qui
1086 3519 1228 3582 dicit,
1252 3518 1365 3568 voti
1388 3532 1444 3567 se
1468 3532 1614 3566 reum
1638 3516 1895 3582 agnoscit.

732 3604 1009 3672 Liberasti]
1035 3605 1098 3654 In
1119 3601 1275 3668 Vulg.
1294 3600 1399 3649 '“Et
1419 3592 1691 3650 liberasti''
1716 3597 1948 3663 sequitur
1970 3597 2266 3648 immediate
2284 3602 2413 3663 post
2433 3601 2593 3669 Cap,
2620 3605 2795 3655 Sextae.

735 3695 788 3739 et
808 3687 1019 3738 laudem
1042 3686 1212 3736 dicam
1234 3681 1434 3733 nomini
1454 3686 1564 3743 tuo,
1588 3679 1708 3730 Dfie
1731 3681 1879 3730 Deus
1903 3678 2085 3746 meus.]
2110 3680 2172 3729 In
2195 3680 2354 3746 Vulg.
2384 3682 2476 3733 “et
2501 3684 2751 3738 laudem
2772 3683 2807 3731 d}

642 3775 786 3824 “eam
805 3772 918 3836 tibi,
943 3776 994 3821 et
1014 3768 1322 3820 benedicam
1342 3763 1543 3814 nomini
1564 3761 1723 3814 Dffi.'’
1748 3761 1826 3812 Cf.
1850 3762 1917 3812 ad
1939 3763 2138 3813 Primas
2159 3762 2423 3829 Vesperas
2453 3765 2511 3831 (5
2548 3770 2680 3835 79),

733 3856 951 3906 inventa
981 3869 1087 3905 una
1110 3851 1340 3918 pretiosa
1361 3845 1659 3915 margarita]
1697 3847 1785 3899 Sic
1808 3846 1855 3897 A
1878 3861 1997 3897 cum
2013 3844 2193 3912 Vulg.:
2228 3846 2285 3896 in
2308 3845 2371 3911 L,
2411 3847 2716 3904 “inventa
2737 3861 2807 3917 pre
