2910 4457
717 326 791 366 An
830 326 1075 381 munus,
1118 327 1195 369 ιτ
1230 326 1468 369 omno
1509 328 1582 367 An
1622 327 1755 368 un.
2208 308 2288 370 75

1302 442 1434 491 dicto
1450 441 1597 491 sabb.
1612 440 2012 502 defmdaqitur.
2023 440 2284 504 Hymnus.

1306 516 1565 611 qummae
1586 504 1723 553 Deus
1745 504 2049 563 dementire,

1304 579 1330 611 1.
1375 566 1661 625 Mundique
1682 566 1834 614 factor
1861 566 2109 614 machinae
2124 601 2138 624 ‚

1296 627 1446 676 Unus
1467 628 1816 687 potentialiter,

1299 688 1589 748 Trinusque
1608 690 1933 748 personaliter
1957 704 1970 737 :

1360 752 1571 799 Nostros
1592 752 1705 809 pius
1721 763 1836 798 cum
1859 751 2070 800 canticis

1299 811 1475 859 Fletus
1496 812 1713 870 benigne
1733 812 1958 871 suscipe;

1297 873 1412 933 Quo
1433 873 1580 921 corde
1604 884 1729 931 puro
1754 874 1986 920 sordibus

1296 935 1367 983 Te
1386 934 1710 994 perfruamur
1732 934 1942 994 largius·

1358 997 1582 1044 Lumbos
1594 1033 1606 1054 ,
1625 996 1868 1056 jecurque
1885 995 2173 1045 morbidum

1297 1056 1476 1106 Adure
1497 1058 1613 1118 igne
1632 1071 1884 1118 congru03

1297 1119 1529 1168 Accincti
1558 1125 1612 1167 ut
1632 1121 1737 1168 sint
1760 1120 2022 1179 perpetim,

1295 1180 1439 1229 Luxu
1464 1188 1652 1230 remoto
1674 1182 1908 1240 pessimo.

1357 1244 1425 1291 Ut
1442 1244 1632 1303 quique
1651 1244 1800 1291 horas
1821 1244 2045 1291 noctium

1294 1304 1444 1354 Nunc
1469 1306 1778 1353 concinendo
1803 1306 2124 1365 rumpimus»,

1292 1365 1451 1414 Donis
1472 1365 1626 1414 beatae
1649 1367 1844 1426 patriae,

1294 1426 1526 1475 Ditemur
1547 1440 1722 1476 omnes
1743 1428 1954 1476 affatim.

1362 1487 1551 1549 [Gloria
1574 1489 1684 1547 tibi,
1707 1490 1836 1537 Due.
1863 1489 1933 1548 (p.
1956 1488 2027 1548 1.)
2050 1487 2144 1548 vel]

1355 1550 1545 1599 Praesta
1569 1550 1735 1598 Pater.
1760 1549 1909 1608 (ibid.)

1356 1612 1458 1662 Per
1516 1612 1659 1659 AEst.
1691 1611 1935 1672 Hymnus
1971 1610 2124 1662 Nocte
2168 1624 2283 1661 sur-

1293 1680 1483 1733 gentes,
1515 1672 1654 1736 (ibid.
1661 1673 1679 1735 )

1570 1736 1813 1784 Psalmus
1839 1735 1996 1797 oecvv‘j.

1375 1803 1543 1847 untate
1591 1799 1704 1847 Dno
1754 1799 2010 1847 canticum
2045 1809 2262 1846 novum:

1376 1861 1497 1919 quia
1533 1861 1787 1909 mirabilia
1818 1860 1948 1909 feeit.

1354 1921 1577 1970 Salvavit
1594 1923 1692 1970 sibi
1713 1924 1911 1970 dextera
1926 1923 2076 1983 ejus·
2096 1925 2144 1969 et
2165 1920 2282 1968 bra-

1292 1980 1465 2030 chium
1486 1989 1719 2031 sanetum
1741 1984 1870 2041 ejus.

1352 2044 1541 2092 Notum
1571 2042 1683 2091 fecit
1714 2045 1824 2091 Dns
1844 2043 2062 2090 salutare
2085 2052 2278 2090 suum:

1290 2105 1344 2152 in
1365 2110 1631 2163 conspectu
1647 2104 1890 2153 Gentium
1916 2103 2153 2152 revelavit
2169 2102 2280 2161 jus-

1286 2165 1453 2214 titiam
1475 2177 1642 2212 suam.

1354 2228 1666 2277 Recordatus
1678 2231 1751 2275 est
1768 2224 2126 2276 misericordia}
2141 2237 2245 2274 suae
2263 2241 2275 2274 :

1292 2293 1342 2339 et
1362 2289 1589 2338 veritatis
1606 2301 1710 2338 suae
1730 2289 1904 2338 domui
1925 2287 2097 2336 lsraiil.

1352 2352 1607 2400 Viderunt
1661 2364 1836 2401 omnes
1888 2351 2093 2399 termini
2135 2354 2279 2398 terrae

1292 2414 1511 2464 salutare
1526 2413 1617 2462 Dei
1638 2415 1796 2463 nostri
1815 2430 1828 2464 ε
1838 2414 2048 2474 jubilate
2063 2413 2165 2460 Deo
2178 2424 2282 2460 om-

1291 2477 1375 2586 ῗιίε
1396 2482 1526 2525 terra
1542 2482 1766 2537 30antate
1784 2482 1832 2526 et
1852 2477 2065 2527 exultate
2084 2481 2132 2525 et
2153 2475 2282 2534 psal-

1312 2539 1395 2588 ite.

1355 2601 1560 2649 Psallite
1579 2601 1691 2649 Dno
1713 2601 1765 2647 in
1796 2600 2012 2657 cithara,
2035 2600 2089 2646 in
2123 2597 2281 2645 citha-

1293 2675 1351 2710 ra
1371 2667 1421 2710 et
1455 2674 1573 2709 voce
1607 2661 1828 2720 psalmi·
1865 2661 1918 2707 in
1951 2660 2088 2707 tubis
2117 2658 2282 2706 ducti-

1292 2722 1444 2781 libuS,
1465 2728 1514 2770 et
1535 2734 1651 2770 voce
1671 2722 1802 2768 tubae
1822 2733 2030 2768 corneae.

1358 2783 1580 2832 Jubilate
1604 2783 1657 2830 in
1679 2787 1945 2841 conspectu
1966 2780 2121 2840 Regis
2140 2779 2279 2828 Dixi:

1296 2849 1557 2893 moveatur
1583 2857 1724 2893 mare
1753 2848 1800 2891 et
1836 2843 2091 2903 plenitudo
2122 2842 2231 2914 QJus
2267 2857 2280 2891 :

1295 2907 1432 2956 orbis
1453 2908 1703 2955 terrarum
1721 2907 1872 2965 etqui
1890 2905 2187 2954 habitantur
2203 2918 2279 2954 eo.

1358 2969 1601 3018 Flumina
1634 2970 1871 3028 plaudent
1904 2981 2087 3028 manu,
2124 2967 2278 3015 simul

1296 3037 1495 3081 montes
1515 3032 1809 3080 exultabunt
1824 3044 1852 3079 a
1869 3005 2130 3091 conspectu
2149 3029 2280 3077 Dni.
2267 3043 2279 3055 ·

1296 3095 1538 3155 quoniam
1561 3094 1699 3142 venit
1715 3093 1943 3153 iudicare
1965 3099 2171 3141 terram.

1356 3156 1386 3204 J
1391 3156 1617 3205 udirablt
1633 3156 1806 3203 orbern
1828 3159 2077 3202 terrarum
2101 3153 2153 3199 in
2170 3151 2282 3210 jus-

1296 3217 1446 3266 titia:
1469 3223 1518 3266 et
1539 3217 1744 3277 populos
1769 3216 1822 3262 in
1844 3215 2092 3286 aequ-itate.

1565 3277 1807 3326 Psalmus
1825 3276 2001 3336 oectnij.

1386 3350 1592 3387 ominus
1617 3337 1869 3397 regnavit,
1893 3337 2174 3384 irascantur
2195 3346 2282 3392 po—

1297 3338 1536 3459 Dpun.
1523 3401 1646 3459 ·qui
1675 3399 1817 3447 sedes
1835 3409 1985 3457 super
2005 3394 2279 3453 Cherubin,

1298 3466 1560 3510 moveatur
1582 3466 1732 3511 terra.
