2910 4457
2790 198 2818 358 t

536 367 608 433 xl
1231 383 1280 423 m
1306 383 1539 425 omem·
1563 380 1937 423 marsim-totus
2435 368 2549 435 (An
2568 373 2599 435 ς
2613 373 2697 423 100

538 516 769 568 Domino
804 513 1010 567 Brooke
1042 515 1148 584 agi,
1179 518 1381 570 etiamsi
1414 533 1523 570 non
1555 533 1694 582 mox,
1731 515 1999 583 prophetie
2031 514 2291 580 (“Nahum
2323 520 2370 568 3.
2404 517 2526 586 16”)
2553 522 2699 571 verba

541 598 828 667 applicans,
857 600 975 651 “Sic
997 597 1237 653 Bruclms
1261 616 1518 668 capannas
1540 608 1613 653 est
1635 607 1683 652 et
1705 598 1983 651 avolavit.’'
2006 598 2309 663 addidisset,
2330 615 2419 652 res
2442 602 2566 668 ipsa
2587 605 2701 654 satis

539 681 812 734 indicaret.

641 769 723 818 De
751 767 956 834 integra
976 782 1100 818 vero
1121 766 1375 819 Ecclesiae
1403 773 1455 818 et
1479 768 1788 819 Dioeceseos
1815 765 1972 832 hujus
1999 764 2220 817 historia
2243 771 2579 831 sequentem,
2604 784 2704 833 qua
2800 789 2811 804 ·

541 852 597 902 in
613 851 748 902 Ven.
773 851 932 901 Bedae
957 851 1186 918 Operum
1212 850 1310 901 Ed.
1337 866 1480 902 nova
1506 849 1841 914 Parisiensff,
1873 848 1940 899 ad
1967 849 2107 899 His-t.
2128 846 2271 898 Eccl.
2294 849 2387 901 lib.
2408 850 2506 914 IV,
2533 866 2644 917 cap,
2667 855 2706 914 3,

541 934 808 985 invenitur
819 929 994 999 (cujus
1013 935 1097 997 sit,
1114 949 1223 983 non
1241 932 1469 1000 dicitur),
1489 934 1883 984 annotationem
1900 932 2114 983 addam.
2806 936 2818 988 J

650 1018 817 1068 “Ante
847 1015 1109 1068 Ceaddam
1135 1014 1319 1066 habuit
1344 1015 1676 1082 Lyccidfeltb·
1700 1018 2010 1082 Episcopos,
2034 1016 2281 1066 Diumam
2310 1031 2398 1066 an.
2426 1015 2546 1079 656,
2573 1016 2711 1068 Ceol·

546 1101 693 1152 “lach
712 1116 795 1150 an.
817 1101 928 1162 658,
948 1097 1234 1148 Trumhere
1252 1113 1335 1148 an.
1354 1100 1469 1162 659,
1493 1099 1877 1149 Jarumannum
1896 1114 1981 1148 an.
2001 1101 2113 1149 662.
2131 1099 2265 1150 Vide
2281 1099 2377 1150 lib.
2397 1100 2497 1149 III.
2523 1104 2607 1150 21.
2628 1098 2712 1166 [23.

544 1187 629 1236 “et
652 1181 749 1250 30.]
785 1182 1116 1232 Jarumanno
1151 1182 1408 1232 successit
1432 1181 1521 1232 hic
1555 1181 1767 1233 Ceadda
1794 1197 1878 1232 an.
1907 1184 2021 1233 669.
2046 1180 2128 1248 [V.
2146 1182 2275 1233 ibid.
2291 1182 2386 1233 IV.
2408 1181 2481 1249 3.]
2512 1184 2680 1235 Cum
2667 1200 2713 1232 ιιι

546 1265 791 1334 “Synodo
821 1265 961 1329 1075,
991 1266 1324 1331 episcopatus
1345 1265 1403 1314 in
1430 1261 1719 1315 celebriora
1743 1262 1866 1314 loca
1889 1265 2312 1328 transferrentur,
2343 1259 2553 1316 Petrus
2575 1267 2715 1332 Epis-

546 1352 740 1417 “copus
768 1346 1190 1415 [LiohfeldensisJ
1220 1347 1398 1399 sedem
1420 1363 1570 1398 suam
1589 1347 1657 1398 ad
1682 1346 1936 1397 Cesti-iam
1963 1348 2144 1412 movit,
2179 1345 2571 1415 Robertus·{de
2589 1350 2716 1399 Lim-

546 1431 728 1499 “sejo],
753 1432 867 1496 ejus
900 1445 1191 1494 successor,
1218 1430 1567 1481 coventriam.
1601 1428 1770 1479 Paulo
1793 1434 1915 1495 post
1935 1430 2172 1496 Rogems
2201 1427 2466 1495 [clinton]
2492 1430 2716 1482 Lichsel-

547 1517 715 1566 “diam
752 1513 943 1576 retulit,
983 1511 1195 1564 condita
1220 1512 1416 1562 ibidem
1450 1528 1535 1563 an.
1575 1515 1701 1563 1148
1742 1512 2025 1579 magnifica
2057 1512 2282 1563 ecclesia
2314 1513 2373 1563 in
2409 1513 2629 1566 honore
2664 1517 2715 1565 B·

547 1599 754 1648 “Mariae
785 1596 1018 1663 Virginis
1046 1601 1098 1646 et
1127 1595 1176 1645 S.
1212 1594 1450 1646 Ceaddae.
1486 1596 1727 1645 Dirutam
1759 1593 1913 1645 bellis
1953 1594 2200 1645 civilibus
2233 1596 2401 1645 nitori
2438 1596 2719 1664 plusquam

547 1680 796 1746 “pristino
822 1679 1050 1729 restituit
1076 1679 1374 1745 Episcopus
1404 1676 1748 1744 [Protestans]
1779 1678 2069 1729 Hacketus.
2092 1679 2214 1728 Fuit
2229 1678 2344 1729 haec
2368 1680 2540 1732 sedes
2556 1684 2616 1732 in
2632 1683 2720 1740 Ar·

549 1759 1024 1825 “chiepiscopatum
1052 1767 1234 1811 evecta
1260 1761 1357 1812 sub
1392 1762 1513 1812 Offa
1539 1762 1854 1812 Merciorum
1880 1778 2017 1828 rege,
2042 1762 2252 1813 Merciis
2282 1769 2334 1814 et
2351 1761 2718 1817 Orientalibus

548 1844 762 1908 “Anglis
780 1844 836 1892 in
854 1844 1177 1909 provinciam
1202 1844 1335 1895 datis
1354 1860 1387 1894 a
1403 1845 1549 1911 Papa
1566 1843 1838 1897 Hadriano
1861 1844 1940 1912 [1]‚
1966 1844 2061 1895 sed
2080 1845 2254 1895 statim
2273 1844 2375 1897 sub
2396 1846 2595 1900 Leone
2616 1847 2718 1916 [m]

548 1927 882 1978 “successore
900 1928 1123 1993 pristina
1140 1929 1425 1979 auctoritas
1444 1928 1511 1978 ad
1531 1929 1867 1980 cantuariam
1882 1927 2084 1979 rediit.''

642 2013 773 2062 Post
790 2011 842 2062 S.
863 2010 1092 2061 Ceddam
1108 2027 1234 2062 vero
1255 2010 1339 2078 (A.
1359 2013 1425 2062 D.
1447 2012 1565 2078 672)
1583 2012 1908 2077 Wynfridus,
1926 2011 2400 2079 postWynfridum
2422 2013 2515 2079 (A.
2530 2017 2600 2067 D.
2614 2015 2720 2081 675)

548 2094 840 2146 Sexwulfus
857 2094 1145 2159 provinciis
1166 2094 1508 2145 “Merciorum
1527 2100 1578 2144 et
1594 2093 2094 2145 Mediterraneorum
2113 2095 2412 2163 Anglorum
2447 2096 2583 2164 [sive
2598 2099 2719 2150 Mid-

551 2176 960 2246 “delanglorum]
999 2183 1051 2228 et
1073 2176 1520 2230 Lindisfarorum”
1550 2178 1706 2245 (bene
1730 2177 1795 2231 ab
1819 2176 2355 2246 landisfarnemibus,
2380 2197 2434 2232 v.
2459 2198 2521 2250 p.
2549 2185 2721 2249 xxxiij,

548 2260 1057 2328 distinguendorum)
1091 2262 1386 2328 Episcopus
1420 2263 1593 2313 factus
1629 2267 1734 2313 est.
1781 2279 1832 2314 ιτ.
1870 2262 2090 2313 eandem
2121 2264 2260 2314 Hist.
2297 2263 2467 2329 Eccl„
2507 2265 2605 2320 lib.
2642 2267 2721 2329 IV,

549 2361 698 2412 capp.
720 2348 749 2395 3
769 2350 820 2394 et
836 2347 882 2394 6.

643 2430 725 2478 De
751 2426 931 2478 Sancti
964 2432 1136 2477 autem
1165 2430 1334 2480 nostri
1354 2428 1590 2495 reliquiis
1616 2445 1647 2480 a
1670 2429 1852 2480 saeculi
1875 2428 2063 2480 decimi
2097 2427 2233 2480 sexti
2256 2427 2438 2479 furore
2462 2435 2522 2481 et
2544 2432 2726 2498 rapina

547 2509 766 2562 feliciter
798 2512 1036 2575 servatis,
1072 2517 1122 2562 et
1151 2513 1445 2565 Ecclesiam
1481 2513 1844 2564 Cathedralem
1876 2515 1981 2579 ipsi
2010 2513 2068 2563 in
2091 2512 2499 2579 Birminghamo
2525 2520 2727 2581 tempo·

548 2595 691 2646 ribus
716 2595 911 2646 nostris
937 2595 1227 2647 dedicatam
1261 2599 1554 2649 sanctitatis
1589 2615 1697 2649 suae
1729 2597 1889 2649 odore
1920 2595 2322 2660 illustrantibus,
2355 2597 2416 2646 in
2439 2598 2727 2649 Fasciculo

547 2679 720 2744 priore
734 2674 809 2744 (V.
825 2677 981 2744 hujus
998 2681 1150 2731 Fasc.
1167 2696 1218 2746 p.
1238 2681 1422 2745 xxxiij)
1447 2682 1644 2732 monui.

647 2761 848 2824 Quibus
871 2779 1015 2815 nunc
1048 2764 1210 2829 (Dom
1234 2768 1280 2815 3.
1304 2770 1425 2831 post
1447 2765 1668 2828 Pascha,
1693 2764 1757 2815 A.
1781 2766 1849 2815 D.
1878 2763 2023 2830 1855)
2059 2762 2286 2813 libenter
2319 2761 2468 2826 quod
2503 2764 2563 2813 in
2603 2763 2731 2815 Sab-

548 2844 658 2895 bati
680 2846 954 2911 penultimi
978 2848 1076 2913 (XI
1100 2846 1211 2898 Cal.
1229 2847 1419 2914 Majas)
1452 2847 1649 2899 Veaeillo
1675 2847 1931 2898 Catholico
1957 2845 2123 2913 (“The
2144 2845 2389 2896 Catholic
2407 2846 2740 2915 Standard”)

547 2927 742 2995 legitur
766 2929 928 2991 add03
965 2945 998 2980 a
1030 2929 1233 2982 duobus
1269 2947 1457 2997 nempe
1488 2932 1608 2998 piis,
1645 2931 1712 2981 ad
1743 2947 1897 2982 novae
1919 2932 1974 2980 in
2001 2929 2235 2995 ejusdem
2261 2928 2445 2980 Sancti
2465 2931 2737 2982 honorem

547 3012 603 3061 in
620 3012 907 3063 Mancunio
934 3013 1185 3065 dedicatae
1201 3015 1453 3066 Ecclesiae
1479 3015 1694 3083 chorum
1717 3014 2094 3077 adornandum,
2120 3028 2213 3064 sex
2235 3012 2404 3063 millia
2421 3028 2539 3062 non
2555 3014 2736 3063 minus

546 3093 795 3146 librarum
828 3094 1193 3162 etei-lingarum
1225 3098 1282 3148 in
1313 3098 1755 3149 Reverendissimi
1780 3097 2130 3148 Salfordensis
2164 3095 2424 3161 Episcopi
2457 3100 2735 3162 potestate

550 3177 809 3229 collocata
833 3194 976 3242 esse3
1002 3185 1158 3244 atque
1181 3181 1257 3229 ita
1276 3180 1332 3230 in
1359 3181 1543 3231 eodem
1568 3197 1723 3246 opere
1747 3195 2058 3247 progressus
2082 3179 2279 3230 celeres
2304 3180 2437 3242 fieri,
2474 3187 2538 3231 ut
2563 3181 2738 3231 omni-

548 3277 637 3312 um
657 3262 715 3312 in
737 3261 934 3328 Anglia
954 3262 1090 3312 idem
1114 3262 1517 3327 pulcherrimum
1539 3264 1666 3326 fore,
1691 3279 1802 3313 non
1825 3264 1938 3313 sine
1963 3277 2151 3313 caussa
2173 3277 2386 3327 sperare
2408 3261 2599 3313 liceat.

646 3346 729 3395 De
753 3344 988 3409 ejusdem
1009 3360 1135 3396 vero
1162 3346 1345 3396 Sancti
1365 3346 1534 3395 nostri
1553 3343 1678 3408 vita,
1700 3345 1866 3411 plura,
1890 3349 1947 3394 ut
1967 3344 2089 3408 dixi,
2113 3345 2170 3393 in
2190 3343 2743 3395 Commemorationis

552 3428 663 3493 ejus
690 3427 874 3479 Officio
900 3428 985 3494 (§§
1013 3432 1106 3480 160
1124 3457 1194 3468 -
1218 3428 1349 3493 163),
1375 3433 1427 3478 et
1448 3429 1506 3478 in
1525 3428 1953 3479 annotationibus
1978 3427 2044 3477 ad
2067 3426 2205 3477 idem
2227 3428 2606 3479 invenientur.

651 3512 698 3575 R
721 3511 813 3577 (3).
835 3513 931 3563 Pie
952 3517 1148 3578 pastor.
1172 3511 1355 3578 absque
1378 3509 1584 3578 Prosta]
1610 3510 1744 3563 Vide
1768 3510 1835 3561 ad
1858 3512 1888 3573 ς
1914 3514 1994 3575 98,
2015 3512 2151 3561 inter
2173 3508 2568 3566 Annotationes
2594 3513 2747 3566 Lon-

546 3610 731 3660 ywres.

965 3777 995 3805 ὓ
1014 3780 1071 3818 De
1098 3779 1170 3829 qua
1196 3780 1285 3819 vide
1315 3780 1358 3819 ad
1386 3776 1412 3828 §
1435 3778 1502 3828 98,
1525 3779 1626 3819 iuter
1649 3778 2002 3818 Annomiones
2031 3777 2306 3827 Longiores.
