2910 4457
1153 360 1226 400 An
1269 358 1511 402 emm.
2284 345 2360 406 19

281 470 557 522 confitebor
600 470 804 522 nomini
842 476 931 522 tuo
962 471 1074 522 Bne
1110 484 1281 536 :quo-

285 533 429 581 niam
451 534 649 581 bonum
671 538 763 583 est.

345 595 608 655 Quoniam
661 607 719 643 ex
763 594 906 644 omni
954 595 1278 646 tribulatione

283 656 519 716 eripuisti
573 669 656 705 me
707 670 720 704 :
756 662 805 705 et
843 669 994 716 super
1044 658 1277 709 inimicos

281 731 422 767 meos
436 718 663 778 despexit
679 719 855 767 oculus
873 731 1035 768 meus·

348 780 526 829 Gloria
541 779 702 828 Patri.

570 843 816 891 Psalmus
835 842 992 903 exvij.

285 902 653 1018 confitemini
679 906 793 953 Duo
810 906 1051 964 quoniam
1075 905 1274 956 bonus:

280 1027 333 1076 ἀ.
367 967 616 1038 quoniam
638 967 692 1015 in
714 967 956 1015 saeculum
985 968 1275 1017 misericor·-

318 1040 368 1075 1a
398 1040 529 1087 ejus.

345 1089 491 1137 Dicat
504 1102 642 1139 nunc
656 1089 809 1138 Isra‘el
823 1091 1064 1150 quoniam
1080 1091 1244 1140 bonus
1258 1107 1271 1142 t

281 1152 528 1223 quoniam
560 1152 617 1201 in
648 1153 891 1200 saeculum
924 1153 1269 1204 misericordia

280 1225 413 1273 ejus·

345 1275 491 1323 Dicat
522 1286 661 1323 nunc
686 1275 869 1323 domus
901 1277 1075 1325 Aaron
1101 1292 1113 1326 ε
1144 1290 1272 1337 quo-

282 1336 423 1386 niam
438 1337 490 1385 in
507 1336 749 1386 saeculum
772 1338 1119 1388 misericordia
1142 1342 1269 1398 ejus.

345 1399 529 1449 Dicant
571 1411 707 1447 nunc
743 1399 831 1459 qui
871 1400 1053 1449 timent
1081 1401 1218 1449 Dnm
1254 1418 1267 1452 ε

281 1461 525 1531 quoniam
562 1460 619 1509 in
645 1461 887 1509 saeculum
923 1463 1268 1515 misericordia

280 1534 410 1581 ejus,

340 1584 414 1633 De
448 1583 776 1633 tribulatione
821 1584 1049 1634 invocavi
1076 1588 1213 1636 Dfim
1254 1603 1267 1638 ε

277 1650 329 1695 et
358 1647 616 1696 exaudivit
643 1659 727 1695 me
756 1647 808 1694 in
843 1646 1109 1697 latitudine
1138 1652 1267 1699 Diis·

339 1709 449 1757 Dns
493 1709 620 1757 mihi
665 1708 904 1767 adjutor:
942 1723 1042 1758 non
1082 1712 1267 1762 timebo

278 1771 403 1831 quid
428 1771 576 1819 iaciat
598 1770 726 1818 mihi
750 1771 917 1819 bomo,

312 1832 448 1904 Jm?
476 1833 603 1904 mibi
627 1832 825 1891 adjutor
861 1849 873 1882 :
903 1838 951 1881 et
969 1846 1061 1894 ego
1092 1835 1266 1896 despi-

278 1907 409 1943 ciam
427 1906 665 1952 inimicos
685 1907 840 1943 meos,

337 1956 543 2005 Bonum
592 1961 667 2005 est
710 1957 956 2005 confidere
986 1957 1039 2004 in
1087 1959 1201 2008 Diio
1249 1975 1263 2009 ε

276 2031 434 2079 quam
458 2018 706 2067 confidere
726 2019 778 2067 in
798 2018 1020 2067 homine.

337 2081 542 2130 Bonum
559 2085 634 2128 est
654 2093 855 2139 sperare
871 2080 924 2130 in
947 2081 1061 2130 Duo
1079 2096 1092 2130 ε
1107 2095 1263 2143 quam

274 2154 478 2202 sperare
498 2143 553 2190 in
578 2142 912 2201 principibus,

337 2204 531 2258 Omnes
548 2209 721 2266 gentes
741 2206 1051 2255 circuierunt
1077 2217 1158 2255 me
1180 2221 1193 2256 ε
1215 2211 1265 2257 et

275 2266 330 2316 in
349 2268 557 2317 nomine
570 2267 669 2317 Dixi
682 2268 800 2328 quia
816 2269 952 2316 ultus
963 2280 1078 2316 sum
1094 2267 1146 2315 in
1162 2281 1264 2317 eos,

334 2329 707 2380 circundantes
716 2330 1229 2379 circundederuntme
1249 2346 1263 2379 ι

274 2398 325 2442 et
360 2393 414 2441 in
443 2392 651 2441 nomine
679 2392 781 2441 Dni
814 2393 936 2452 quia
981 2393 1123 2441 ultus
1145 2405 1262 2442 sum

275 2467 331 2503 m
352 2467 454 2504 eos.

339 2515 776 2566 circundederunt
791 2528 873 2564 me
895 2515 1028 2564 sicut
1046 2528 1189 2575 apes,
1214 2521 1264 2565 et

275 2583 569 2628 exarserunt
584 2579 714 2625 sicut
729 2577 863 2638 ignis
878 2578 928 2625 in
941 2578 1129 2637 spinis:
1147 2579 1259 2627 etin

278 2641 484 2690 nomine
513 2639 616 2688 Diri
639 2639 758 2699 quia
788 2641 924 2688 ultus
945 2652 1062 2688 sum
1085 2641 1139 2689 in
1161 2654 1265 2691 eos‚

337 2702 600 2763 Impulsus
619 2713 823 2750 eversus
870 2714 987 2750 sum
1021 2707 1078 2750 ut
1121 2703 1265 2752 cade-

277 2777 385 2814 rem
406 2780 418 2813 ε
442 2769 489 2812 et
509 2763 620 2812 Diis
643 2763 859 2823 suscepit
883 2776 983 2813 me.

337 2827 602 2877 Fortitudo
625 2838 738 2874 mea
768 2831 816 2873 et
846 2826 958 2874 laus
982 2837 1093 2875 mea
1115 2826 1225 2874 Diis
1248 2841 1261 2875 ε

277 2895 324 2939 et
341 2890 502 2939 factus
526 2893 601 2938 est
622 2887 751 2935 mihi
772 2887 823 2936 in
842 2889 1076 2936 salutem.

337 2952 446 3000 Vox
500 2950 825 3000 exultationis
866 2954 915 2998 et
951 2949 1129 2998 salutis
1159 2964 1171 2998 ε
1208 2950 1261 2998 in
1293 2993 1308 3007 ,

277 3013 615 3063 tabernaculis
633 3011 907 3070 iustorum.

334 3077 545 3126 Dextera
573 3075 678 3123 Diri
710 3074 822 3122 fecit
851 3074 1118 3132 virtutem,
1139 3073 1265 3122 dex-

275 3143 377 3188 tera
395 3138 497 3187 Dui
521 3136 757 3186 exaltavit
789 3148 871 3184 me
906 3151 920 3185 ε
942 3137 1139 3184 dextera
1163 3136 1266 3184 Dni

276 3200 387 3250 fecit
407 3201 672 3256 virtutem,

337 3264 448 3313 Non
471 3262 664 3310 moriar
683 3296 697 3318 ‚
723 3260 809 3309 sed
839 3259 1044 3308 vivam:
1068 3263 1116 3307 et
1143 3271 1264 3308 nar-

273 3326 394 3374 rabo
418 3337 565 3385 opera
597 3322 720 3371 Dni.

336 3388 607 3448 Castigans
633 3384 900 3443 castigavit
933 3397 1013 3432 me
1035 3383 1142 3432 Diis
1178 3398 1191 3434 ε
1217 3388 1266 3431 et

274 3450 426 3500 morti
449 3462 553 3498 non
583 3447 911 3495 tradiditme.

338 3512 549 3575 Aperite
560 3507 694 3558 mibi
709 3514 875 3568 portas
888 3506 1113 3566 justitiae,
1127 3512 1175 3555 et
1190 3507 1266 3553 in-

1374 482 1581 532 gressus
1602 472 1655 522 in
1678 486 1764 524 eas
1793 474 2065 524 confitebor
2092 475 2204 525 nno
2226 491 2240 525 ι
2260 477 2364 527 baec

1375 538 1516 592 porta
1536 535 1654 595 Dni3
1675 536 1796 594 justi
1812 538 2075 585 intrabunt
2091 538 2146 586 in
2167 551 2297 587 eain.

1437 594 1718 646 Conlitebor
1732 599 1842 658 tibi,
1854 599 2095 659 quoniam
2113 601 2360 650 exaudisti

1372 668 1455 706 me
1480 672 1493 706 ε
1516 659 1743 709 etractus
1761 673 1815 709 es
1830 662 1960 710 mibi
1983 662 2036 708 in
2060 662 2296 710 salutem.

1435 719 1677 779 Lapidem
1746 735 1896 782 quem
1966 725 2360 783 reprobaverunt

1372 780 1675 891 {editici-antes
1694 798 1707 832 ε
1726 784 1810 833 hic
1839 785 1998 833 sactus
2026 787 2174 835 estin
2210 794 2360 846 caput

1371 853 1569 902 angui.

1434 907 1485 951 A
1516 905 1630 953 Dno
1662 904 1848 954 sactum
1879 912 1952 955 est
1985 907 2119 957 istud
2147 925 2160 959 z
2199 917 2247 959 et
2283 916 2358 960 est

1372 965 1606 1016 mirabile
1629 967 1683 1015 in
1712 969 1872 1017 oculis
1903 971 2105 1018 nostris.

1432 1028 1554 1076 Haec
1580 1035 1654 1078 est
1686 1030 1794 1078 dies
1832 1043 1986 1090 quarn
2029 1032 2142 1080 lecit
2194 1034 2302 1083 Diis
2341 1050 2354 1084 z

1369 1089 1653 1154 exultemus
1676 1097 1725 1140 et
1742 1092 1970 1141 laetemur
1989 1094 2040 1140 in
2067 1106 2142 1142 ea.

1432 1151 1476 1199 Ο
1493 1152 1600 1201 Due
1617 1154 1815 1202 salvum
1834 1167 1915 1203 me
1936 1155 2034 1213 l'ac,
2061 1153 2090 1203 ὁ
2106 1157 2216 1205 Dite
2233 1157 2356 1206 bene

1367 1224 1659 1283 prosperare
1707 1231 1720 1266 ε
1765 1216 2056 1266 benedictus
2096 1219 2182 1278 qui
2218 1221 2355 1268 venit

1367 1286 1421 1322 in
1444 1277 1647 1325 nomine
1662 1277 1780 1327 nni!

1430 1336 1786 1387 Benediximus
1814 1339 1955 1389 vobis
1970 1340 2031 1389 de
2050 1341 2199 1390 domo
2216 1344 2319 1391 Dni
2341 1358 2352 1391 :

1366 1395 1504 1446 Deus
1520 1400 1627 1448 Diis
1639 1437 1651 1458 ,
1668 1406 1717 1448 et
1729 1402 1894 1449 illuxit
1912 1402 2072 1449 nobis·

1431 1460 1731 1510 Constituite
1781 1464 1916 1511 diem
1974 1464 2233 1512 solennem
2297 1465 2351 1512 in

1367 1522 1632 1570 condensis
1657 1539 1670 1570 ι
1706 1535 1863 1583 usque
1893 1524 1956 1572 ad
1978 1536 2136 1571 cornu
2157 1526 2350 1575 altaris.

1428 1584 1564 1631 Deus
1592 1597 1736 1633 meus
1766 1597 1819 1634 es
1849 1590 1934 1644 tu,
1987 1590 2036 1633 et
2080 1587 2349 1636 confitebor

1366 1644 1458 1691 tibi
1484 1659 1497 1693 ε
1514 1646 1647 1694 Deus
1668 1659 1812 1695 meus
1827 1659 1879 1695 es
1895 1653 1948 1695 tu
1961 1684 1974 1706 ,
1987 1652 2034 1696 et
2049 1649 2270 1698 exaltabo
2283 1655 2350 1699 te.

1428 1707 1708 1757 Confitebor
1725 1710 1816 1757 tibi
1843 1711 2083 1769 quoniam
2103 1713 2350 1761 exaudisti

1366 1780 1446 1817 me
1469 1769 1722 1820 :etractus
1737 1785 1789 1820 es
1805 1773 1930 1820 mihi
1956 1773 2007 1820 in
2031 1774 2266 1824 salutem.

1426 1830 1751 1882 Confitemini
1768 1835 1878 1882 Dfio
1896 1836 2138 1895 quoniam
2156 1837 2349 1885 bonus:

1305 1910 1310 1914 ·
1363 1895 1608 1964 quoniam
1643 1897 1697 1944 in
1727 1897 1970 1945 saeculum
2004 1899 2350 1947 misericordia

1363 1967 1492 2013 ejus·

1423 2018 1470 2064 A
1486 2030 1593 2066 Lxx
1608 2031 1761 2079 usque
1777 2021 1846 2067 ad
1862 2019 2080 2079 Pascha,
2102 2020 2180 2067 die
2197 2020 2349 2069 Dom.

1356 2089 1455 2138 pro
1477 2079 1576 2126 isto
1592 2079 1801 2126 Psalmo
1823 2080 2145 2129 confitemini
2164 2083 2352 2132 dicitur

1362 2139 1455 2187 Ps.
1478 2141 1590 2188 Diis
1612 2142 1868 2200 regnavit,
1893 2142 2141 2190 decorem.

1629 2202 1871 2250 Psalmus
1901 2203 2077 2264 cwiij.

1362 2264 1547 2374 Beati
1567 2264 1876 2311 immaculati
1910 2267 1962 2312 in
1986 2267 2067 2314 via
2095 2266 2217 2326 :qui
2236 2279 2351 2316 am-

1447 2326 1627 2374 bulant
1645 2327 1698 2374 in
1720 2327 1827 2387 lege
1843 2327 1962 2375 Dni.

1422 2389 1565 2438 Beati
1605 2389 1694 2448 qui
1732 2394 2024 2438 scrutantur
2063 2390 2351 2440 testimonia

1361 2450 1471 2510 ejus
1500 2466 1513 2500 τ
1537 2452 1590 2500 in
1619 2456 1719 2499 toto
1742 2452 1889 2500 corde
1920 2454 2192 2512 exquirunt
2210 2465 2348 2503 eum.

1425 2514 1535 2563 Non
1572 2514 1710 2561 enim
1739 2515 1827 2573 qui
1853 2520 2122 2572 operantur
2149 2515 2350 2575 iniqui-

1363 2580 1546 2625 tatem:
1565 2575 1618 2623 in
1637 2576 1733 2623 viis
1748 2576 1858 2634 ejus
1877 2577 2284 2624 ambulaverunt.

1424 2638 1506 2686 Tu
1536 2637 1791 2684 mandasti
1811 2639 2072 2686 :mandata
2087 2643 2174 2684 tua
2187 2644 2351 2687 custo-

1362 2699 1464 2747 diri
1490 2698 1663 2745 nimis.

1423 2760 1635 2808 Utinam
1658 2758 1945 2818 dirigantur
1974 2758 2068 2806 viae
2094 2770 2219 2807 mea}
2244 2775 2257 2809 ε
2285 2762 2347 2810 ad

1358 2821 1713 2873 custodiendas
1734 2819 2116 2878 justificationes
2141 2827 2273 2870 tuas·

1424 2885 1571 2933 Tunc
1595 2895 1694 2930 non
1727 2883 2004 2932 confundar
2034 2898 2047 2932 ε
2080 2882 2196 2932 cum
2229 2898 2348 2944 per-

1361 2958 1565 3008 spexero
1591 2945 1643 2993 in
1672 2945 1913 2995 omnibus
1942 2947 2196 2995 mandatis
2216 2947 2347 2997 tuis·

1396 3008 1707 3058 ·Conlitebor
1741 3007 1834 3056 tibi
1856 3009 1910 3057 in
1931 3009 2204 3058 directione
2236 3022 2347 3057 cor-

1360 3072 1541 3121 diszin
1571 3073 1778 3132 eoquod
1811 3071 1965 3120 didici
1986 3071 2175 3130 iudicia
2195 3072 2348 3130 justi-

1362 3134 1442 3182 tiae
1471 3139 1588 3181 tuae.

1423 3195 1818 3245 {iustificationes
1855 3200 1968 3242 tuas
2006 3193 2287 3243 custodiam
2331 3212 2344 3246 ε

1361 3271 1463 3306 non
1498 3270 1579 3305 me
1609 3259 1928 3316 derclinquas
1964 3267 2347 3316 usquequaque.

1421 3322 1484 3370 In
1499 3332 1598 3380 quo
1615 3319 1821 3380 corrigit
1841 3317 2195 3365 adolescentior
2210 3320 2344 3367 viam

1361 3395 1510 3431 suam
1559 3397 1572 3430 ε
1624 3383 1677 3430 in
1723 3379 2046 3429 custodiendo
2090 3391 2349 3429 sermones

1362 3451 1497 3554 unffi·
1516 3510 1616 3554 toto
1652 3505 1797 3552 cordo
1819 3516 1929 3551 meo
1957 3501 2202 3561 exquisivi
2241 3505 2289 3550 te
2332 3520 2345 3552 ι
