2910 4457
977 369 1048 409 ιι)
1088 368 1415 410 nunnius.
2163 342 2241 403 ³3

171 503 329 564 meam
379 504 392 538 ε
434 486 639 538 salvasti
682 486 744 536 de
777 484 1159 534 necessitatibus

169 565 391 601 animam
408 563 593 599 meam.

225 616 325 664 Nec
367 611 665 673 conclusisti
705 609 880 673 messin
919 608 1158 673 manibus

1253 481 1419 531 fieavit
1439 478 1838 530 misericordiam
1854 489 2001 528 suam
2016 477 2170 537 mihl;
2186 478 2239 526 in

1254 545 1457 592 civitate
1477 544 1696 591 munita.

1313 606 1421 667 Ego
1440 611 1609 654 autem
1632 605 1735 654 dixi
1758 605 1811 652 in
1834 615 2033 652 excessu
2055 601 2243 650 mentis

1253 680 1375 716 meae
1399 684 1410 717 :
1434 669 1696 726 Projectus
1726 680 1843 716 sum
1871 679 1900 715 a
1924 665 2046 714 facie
2066 664 2243 712 oculo-

1252 742 1370 777 rum
1392 736 1617 777 tuorum.

1315 791 1430 838 Ideo
1482 789 1727 838 exaudisti
1778 801 1947 836 vocem
1999 787 2244 836 orationis

1253 864 1376 900 meae
1402 867 1416 900 ι
1437 852 1562 898 dum
1586 851 1857 897 clamarem
1881 851 1942 897 ad
1968 856 2033 898 te.

1315 913 1523 971 Diligite
1555 912 1689 960 Dum
1723 923 1899 958 omnes
1929 911 2240 969 sanetiejuS,

1253 975 1497 1034 quoniam
1519 974 1779 1020 veritatem
1801 973 2020 1031 requiret
2041 972 2177 1021 Diis:
2196 978 2244 1018 et

1256 1036 1499 1084 retribuet
1511 1035 1827 1083 abundanter
1850 1033 2146 1082 facientibus
2166 1045 2243 1080 su-

1255 1099 1500 1159 perbiam.

1315 1159 1541 1208 viriliter
1574 1159 1735 1219 agite,
1759 1164 1806 1207 et
1835 1156 2139 1207 confortetur
2160 1168 2245 1203 cor

1257 1227 1481 1271 vestrum
1498 1233 1700 1271 :omnes
1711 1220 1801 1280 qui
1813 1219 2025 1280 speratis
2044 1219 2098 1267 in
2113 1219 2244 1267 Duo.

1537 1345 1780 1392 Psalmus
1802 1342 1962 1403 ωιτη.

1257 1407 1439 1516 Beati
1473 1419 1693 1466 quorum
1728 1406 1949 1454 remissae
1983 1408 2104 1450 sunt
2138 1402 2248 1448 ini-

1342 1469 1599 1528 quitates:
1631 1473 1679 1515 et
1710 1479 1929 1526 quorum
1966 1469 2093 1512 tecta
2126 1466 2249 1510 sunt

1256 1536 1475 1590 peccata.

1319 1592 1508 1639 Beatus
1554 1589 1633 1637 vir
1686 1589 1770 1637 cui
1822 1600 1923 1635 non
1979 1584 2250 1644 imputavit

1257 1653 1366 1702 Diis
1397 1657 1654 1712 peccatum
1692 1667 1705 1701 ε
1740 1663 1829 1700 nec
1870 1654 1945 1698 est
1977 1649 2031 1697 in
2063 1647 2248 1706 spiritu

1257 1715 1368 1775 ejus
1389 1715 1554 1763 dolus,

1322 1777 1577 1836 Quoniam
1630 1775 1795 1834 tacui,
1840 1773 2251 1821 inveteraverunt

1258 1851 1367 1887 ossa
1392 1852 1500 1886 mea
1528 1839 1688 1888 :dum
1711 1838 1981 1885 clamarem
2016 1839 2117 1882 tota
2148 1833 2249 1880 die.

1323 1901 1580 1960 Quoniam
1601 1900 1683 1947 die
1703 1912 1760 1947 ac
1783 1903 1924 1946 nocte
1948 1900 2156 1956 gravata
2176 1899 2253 1942 est

1260 1974 1412 2022 super
1455 1975 1536 2009 me
1578 1973 1764 2009 manus
1807 1965 1894 2006 tua
1931 1973 1944 2007 ε
1978 1967 2252 2005 conversus

1260 2036 1378 2072 sum
1401 2024 1453 2071 in
1479 2033 1707 2070 aerumna
1728 2033 1867 2079 mea,
1891 2020 2015 2067 dum
2040 2017 2253 2075 consigi-

1263 2090 1346 2133 tur
1368 2085 1535 2143 spina.

1326 2146 1578 2195 Delictum
1631 2154 1803 2191 meum
1856 2140 2117 2201 cognitum
2160 2139 2252 2186 tibi

1265 2208 1356 2257 feci
1402 2223 1415 2257 ε
1469 2212 1517 2255 et
1573 2205 1878 2266 injustitiam
1930 2213 2097 2252 meam
2152 2213 2253 2249 nou

1263 2270 1523 2320 abscondi.

1329 2332 1472 2391 Dixi,
1534 2329 1815 2381 confitebor
1860 2328 2128 2377 adversum
2173 2337 2255 2373 me

1267 2394 1577 2452 injustitiam
1609 2403 1778 2440 meam
1810 2392 1924 2439 1)ῇο
1958 2406 1971 2440 :
2004 2394 2051 2439 et
2086 2395 2141 2436 tu
2176 2401 2257 2436 re·-

1268 2457 1454 2505 misisti
1482 2456 1788 2516 impietatem
1805 2453 1988 2513 peccati
2010 2452 2133 2501 mei.

1331 2519 1431 2566 Pro
1451 2518 1546 2566 hac
1576 2517 1739 2565 orabit
1770 2518 1833 2565 ad
1866 2521 1914 2564 te
1944 2514 2113 2562 omnis
2129 2525 2258 2561 san-

1269 2584 1380 2629 ctus
1404 2596 1417 2629 :
1440 2582 1491 2628 in
1516 2585 1737 2637 tempore
1757 2581 2055 2636 opportuno.

1331 2642 1678 2689 Veruntamen
1712 2638 1763 2685 in
1786 2638 1978 2686 diluvio
2006 2647 2258 2695 aquarum

1268 2704 1551 2813 {unitarum
1577 2701 1669 2750 :ad
1687 2711 1805 2747 eum
1822 2712 1923 2746 non
1943 2696 2261 2758 approxima-

1304 2769 1415 2812 unt.

1335 2826 1413 2873 Tu
1435 2838 1489 2873 es
1511 2823 1764 2883 refugium
1788 2834 1961 2871 meum
1986 2833 2012 2869 a
2042 2820 2263 2868 tribula-

1273 2888 1408 2935 tione
1429 2900 1541 2947 quae
1564 2885 1877 2933 circundedit
1895 2897 2004 2933 me:
2026 2882 2262 2931 exultatio

1273 2962 1410 3009 mea,
1435 2962 1555 2997 erue
1576 2959 1657 2995 me
1678 2959 1706 2995 a
1726 2946 2144 2995 circundantibus
2162 2957 2261 2993 me.

1335 3012 1649 3060 Intellectum
1668 3009 1917 3067 tibidab0,
1942 3013 1988 3057 et
2010 3010 2263 3056 instruam

1274 3079 1322 3123 te
1357 3075 1408 3121 in
1443 3074 1526 3121 via
1567 3072 1660 3120 hac
1700 3084 1801 3131 qua
1844 3070 2091 3131 gradieris
2124 3086 2137 3119 :
2174 3070 2265 3116 tir-

1274 3136 1421 3184 mabo
1442 3146 1593 3195 super
1617 3139 1662 3183 te
1682 3134 1851 3182 oculos
1873 3146 2029 3182 meos,

1336 3198 1502 3247 Nolite
1522 3196 1627 3245 fieri
1653 3196 1783 3244 sicut
1802 3208 1965 3255 equus
1984 3199 2031 3242 et
2053 3192 2228 3241 mulus
2252 3208 2264 3241 ε

1275 3260 1464 3321 quibus
1485 3272 1586 3306 non
1608 3262 1683 3306 est
1704 3258 2002 3305 intellectus.

1336 3323 1394 3369 In
1419 3321 1596 3369 chamo
1610 3324 1657 3368 et
1669 3319 1822 3368 fraeno
1840 3319 2070 3366 maxillas
2090 3326 2265 3364 eorum

1275 3384 1565 3494 coinstringe
1599 3397 1613 3431 ι
1656 3382 1744 3441 qui
1777 3393 1878 3429 non
1911 3379 2261 3440 approximant

1275 3458 1304 3494 fl
1361 3450 1461 3493 te.-

1336 3507 1504 3559 Multa
1526 3505 1720 3565 flagella
1735 3501 2005 3565 peccatoris
2028 3515 2041 3550 ε
2063 3510 2269 3559 speran-
