2910 4457
1122 355 1196 395 Ab
1237 354 1531 397 vuarinus,

261 464 495 514 ricordia
519 461 607 513 tua
628 465 683 513 in
700 466 946 515 saeculum
967 480 1143 528 zopera
1165 482 1276 518 ma-

265 538 444 575 nuum
467 532 675 575 tuarum
706 541 768 576 ne
789 529 1055 589 despicias.

334 590 511 638 Gloria
534 589 693 637 Patri.
720 591 784 637 A.
802 591 861 637 ln
885 597 1150 651 conspectu
1182 606 1276 642 an-

264 653 506 713 gelorum
531 650 741 709 psallam
765 651 860 698 tibi
888 654 1023 701 Deus
1044 666 1208 703 meus,

509 712 754 759 Psalmus
779 714 1037 775 coeoeoeviij.

362 775 538 822 omine
560 773 783 832 probasti
806 787 904 833 me,
929 781 978 824 et
994 777 1273 837 cognovisti

363 849 447 884 me
500 850 514 884 ι
559 840 615 881 ιιι
663 836 944 895 cognovisti
997 839 1271 887 sessionem

267 909 443 946 meam
473 901 522 945 et
550 898 967 946 resurrectionem
991 912 1177 947 meam.

331 958 631 1008 Intellexisti
669 960 995 1018 cogitationes
1042 974 1182 1010 meas
1208 962 1270 1010 de

266 1022 422 1081 longe
442 1020 705 1069 :semitam
724 1033 891 1069 meam
909 1027 957 1070 et
981 1022 1265 1071 funiculum

268 1095 450 1131 meum
475 1082 811 1140 investigasti.

329 1146 397 1193 Et
427 1156 604 1191 omnes
632 1144 741 1192 vias
773 1156 913 1192 meas
950 1146 1227 1204 praevidisti
1252 1162 1266 1197 t

266 1207 391 1269 quia
418 1218 521 1252 non
540 1210 613 1252 est
629 1217 794 1253 sermo
812 1207 865 1253 in
889 1206 1063 1266 lingua
1088 1220 1218 1257 mea.

328 1270 460 1317 Ecce
496 1268 605 1315 Due
643 1271 697 1313 tu
742 1269 1021 1328 cognovisti
1072 1271 1263 1329 omnia,

269 1329 555 1380 novissima
586 1333 636 1376 et
662 1329 908 1389 antiqua:
940 1336 996 1378 tu
1035 1330 1265 1381 formasti

268 1406 355 1442 me
371 1429 385 1450 ‚
410 1395 459 1439 et
496 1390 708 1449 posuisti
739 1403 887 1451 super
926 1404 1009 1441 me
1048 1406 1264 1443 manum

272 1459 441 1503 tuam.

332 1512 593 1567 Mirabilis
615 1511 740 1561 facta
763 1518 837 1562 est
863 1515 1073 1563 scientia
1097 1520 1184 1564 tua
1207 1529 1264 1565 ex

276 1589 360 1626 me
386 1574 690 1625 :confortata
712 1581 803 1635 est,
819 1582 869 1624 et
890 1590 991 1625 non
1014 1581 1182 1636 potero
1198 1580 1262 1627 ad

272 1651 410 1688 eam.

331 1700 448 1761 Quo
471 1699 554 1747 ibo
585 1711 614 1746 a
646 1699 829 1758 spiritu
860 1702 981 1749 tuo‘?
1015 1704 1064 1748 et
1093 1713 1194 1762 quo
1230 1714 1261 1751 a

272 1762 395 1811 facie
411 1767 498 1809 tua
517 1760 567 1808 l‘u
574 1760 710 1819 giam
723 1762 747 1808 Τ

331 1824 387 1873 Si
402 1823 671 1871 ascendero
694 1822 747 1869 in
764 1822 964 1879 coelum,
983 1826 1039 1870 tu
1056 1824 1160 1873 illic
1176 1837 1258 1875 es:

266 1886 313 1935 si
332 1885 631 1934 descendero
653 1883 706 1929 in
726 1882 983 1931 infernum
996 1920 1009 1943 ,
1029 1886 1163 1934 ades·

330 1948 385 1996 Si
421 1958 682 2004 sumpsero
716 1957 909 2003 pennas
942 1958 1080 1995 meas
1115 1948 1261 1996 dilu-

269 2009 383 2057 culo
430 2024 445 2057 2
489 2012 537 2055 et
588 2006 874 2056 habitavero
922 2007 975 2056 in
1022 2011 1260 2060 extremis

268 2081 466 2127 mar1s3

330 2131 532 2180 Etenim
556 2130 675 2178 illuc
706 2142 894 2178 manus
920 2135 1008 2178 tua
1049 2132 1259 2182 deducet

269 2206 350 2243 me
369 2208 382 2243 ε
404 2197 452 2241 et
473 2192 659 2241 tenebit
680 2204 761 2240 me
785 2192 985 2240 dextera
1006 2196 1114 2242 tua.

326 2256 392 2303 Et
407 2254 537 2312 dixi,
559 2255 793 2301 Forsitan
814 2254 1028 2302 tenebrae
1060 2256 1257 2303 concul-

267 2318 454 2365 cabunt
475 2322 652 2364 me2et
682 2328 777 2363 nox
802 2315 1109 2366 illuminatio
1142 2329 1254 2366 mea

267 2379 321 2428 in
345 2378 538 2427 deliciis
559 2377 704 2425 meis,

329 2440 461 2500 Quia
490 2439 703 2487 tenebrae
727 2451 826 2485 non
847 2438 1252 2489 obscurabuntur

264 2515 295 2551 a
313 2506 376 2559 te,
393 2505 442 2549 et
458 2514 554 2548 nox
575 2501 706 2548 sicut
721 2500 830 2548 dies
848 2501 1250 2553 illuminabitur:

263 2564 396 2613 sicut
410 2562 624 2611 tenebrae
641 2562 684 2621 ej
692 2574 769 2620 uS‚
787 2562 856 2609 ita
868 2563 1103 2611 etlumen
1120 2564 1250 2622 eius.

327 2625 463 2685 Quia
495 2630 553 2671 tu
585 2624 847 2682 possedisti
882 2637 1026 2672 renes
1057 2637 1195 2673 meos
1235 2641 1248 2675 ε

264 2685 531 2744 suscepisti
551 2697 632 2731 me
652 2686 712 2732 de
729 2690 868 2732 utero
890 2686 1071 2732 matris
1086 2699 1226 2734 meae.

327 2745 609 2796 Confitebor
636 2745 757 2803 tibi,
797 2746 916 2803 quia
960 2747 1249 2795 terribiliter

268 2807 630 2870 magnificatus
667 2818 719 2853 es
761 2821 774 2854 :
806 2806 1061 2853 mirabilia
1103 2820 1252 2865 opera

264 2877 367 2930 tua,
390 2876 439 2920 et
459 2868 635 2917 anima
655 2879 766 2914 mea
798 2873 1058 2927 cognoscet
1075 2869 1249 2917 nimis·

327 2934 436 2983 Non
458 2935 533 2980 est
552 2931 856 2978 occultatum
878 2942 934 2976 os
950 2942 1121 2977 meum
1139 2943 1166 2978 a
1183 2935 1246 2990 te,

263 2996 395 3056 quod
420 2994 578 3042 iecisti
597 2993 649 3040 in
671 2992 862 3040 occulto
878 2997 950 3040 :et
965 2992 1246 3041 substantia

262 3069 374 3106 mea
396 3057 449 3103 in
473 3055 794 3103 inferioribus
811 3059 974 3103 terrae.

325 3117 674 3176 Imperfectum
684 3117 1245 3165 meumvideruntoculi

265 3180 358 3238 tui,
375 3184 423 3228 et
438 3179 491 3226 in
509 3179 636 3226 libro
648 3184 733 3225 tuo
744 3192 920 3227 omnes
931 3179 1213 3227 scribentur
1229 3194 1242 3229 :

265 3241 370 3289 dies
391 3240 760 3299 formabuntur,
779 3245 826 3288 et
848 3253 995 3289 nemo
1017 3241 1069 3288 in
1087 3241 1178 3289 eiS.

326 3302 456 3352 Mihi
502 3307 669 3349 autem
723 3302 879 3349 nimis
929 3302 1244 3351 honorificati

266 3370 384 3411 sunt
397 3363 550 3410 amici
570 3363 646 3410 tui
671 3363 808 3411 Deus
831 3378 844 3412 z
867 3363 1023 3412 nimis
1047 3365 1243 3412 confor-

267 3429 398 3472 tatus
411 3430 485 3472 est
506 3424 818 3483 principatus
838 3437 1032 3474 eorum.

327 3484 664 3535 Dinumerabo
684 3498 783 3547 eoS‚
800 3489 849 3534 et
867 3497 1016 3546 super
1031 3499 1238 3537 arenam

2273 345 2354 409 95

1372 469 1851 530 multiplicabuntur
1888 489 1902 523 :
1936 476 2184 537 exurrexi‚
2213 483 2264 527 et
2281 480 2366 528 ad·

1373 531 1474 579 huc
1490 545 1606 581 sum
1630 539 1817 583 tecum.

1436 593 1491 641 Si
1512 596 1754 645 occideris
1773 598 1910 646 Deus
1931 605 2210 657 peccatores
2230 618 2242 651 :
2262 602 2363 651 viri

1370 657 1684 714 sanguinum
1707 659 1951 708 declinate
1973 673 2002 708 a
2028 674 2128 710 me.

1410 717 1569 786 ‘Quia
1590 719 1759 766 dicitis
1783 720 1836 767 in
1853 722 2150 781 cogitatione
2178 740 2190 774 ε
2213 726 2363 775 Acci-

1370 783 1512 835 pient
1534 780 1587 827 in
1611 781 1830 829 vanitate
1851 783 2076 832 civitates
2096 799 2234 835 suas,

1433 839 1614 889 Nonne
1640 842 1729 901 qui
1758 844 1973 891 oderunt
1997 849 2043 891 te
2069 847 2193 906 Dite,
2235 851 2362 899 ode·-

1368 910 1483 1007 Eam
1506 964 1531 1010 ‘l
1531 907 1580 949 et
1591 915 1741 961 super
1760 904 1995 953 inimicos
2012 911 2125 955 tuos
2142 910 2360 961 tabesce-

1404 972 1490 1009 am

1429 1022 1651 1072 Perfecto
1683 1026 1797 1074 odio
1830 1028 2033 1077 oderam
2066 1030 2179 1079 illos
2208 1047 2221 1081 ε
2263 1034 2357 1083 ini·
2385 1035 2396 1040 ”

1366 1084 1489 1131 mici
1513 1086 1626 1134 facti
1644 1094 1764 1135 sunt
1788 1089 1936 1137 mihi.

1427 1146 1589 1196 Proba
1600 1161 1682 1196 me
1694 1150 1829 1198 Deus
1838 1187 1850 1209 ‚
1866 1156 1915 1199 et
1924 1152 2047 1200 scito
2059 1164 2143 1200 cor
2156 1166 2327 1203 meum
2342 1171 2356 1206 ε

1366 1206 1620 1270 interroga
1651 1223 1758 1270 me,
1791 1218 1839 1261 et
1875 1225 2115 1274 cognosce
2151 1218 2358 1267 semitas

1366 1281 1525 1318 meas.

1425 1330 1490 1379 Et
1521 1332 1651 1391 vide,
1685 1333 1731 1381 si
1763 1334 1844 1382 via
1877 1335 2161 1396 iniquitatis
2189 1339 2242 1387 in
2272 1353 2356 1390 me

1362 1396 1471 1441 est:
1494 1399 1540 1441 et
1556 1395 1717 1442 deduc
1738 1408 1820 1444 me
1841 1397 1894 1444 in
1919 1399 2000 1446 via
2023 1405 2225 1448 aeterna.

1424 1455 1597 1503 Gloria
1614 1457 1773 1504 Patri.
1800 1459 1863 1505 A.
1886 1459 2104 1508 Domine
2129 1463 2353 1521 probasti

1361 1526 1469 1573 me,
1492 1521 1541 1565 et
1575 1519 1856 1576 cognovisti
1878 1532 1978 1568 me.

1614 1579 1857 1626 Psalmus
1876 1581 2097 1630 coeoeoeioe.

1448 1638 1554 1697 ripe
1582 1652 1666 1688 me
1699 1642 1808 1690 Due
1838 1642 1903 1690 ab
1939 1642 2145 1693 homine
2173 1645 2308 1694 malo
2332 1662 2346 1696 ε

1447 1713 1477 1748 a
1509 1701 1619 1748 viro
1643 1703 1818 1762 iniquo
1839 1705 1976 1765 eripe
1999 1717 2097 1753 me.

1421 1762 1525 1821 Qui
1573 1764 1917 1824 cogitaverunt
1963 1767 2256 1826 iniquitates
2293 1769 2347 1817 in

1357 1825 1504 1872 corde
1523 1840 1536 1873 ε
1556 1830 1657 1874 tota
1672 1826 1752 1874 die
1768 1828 2140 1877 constituebant
2155 1831 2345 1890 proelia.

1418 1885 1685 1935 Acuerunt
1714 1889 1916 1950 linguas
1936 1902 2057 1938 suas
2083 1892 2215 1939 sicut
2235 1905 2350 1940 ser-

1358 1948 1551 2005 pentis:
1570 1960 1821 1997 venenum
1838 1952 2072 2010 aspidum
2087 1954 2183 2001 sub
2200 1954 2349 2002 labiis

1356 2020 1552 2056 eorum.

1418 2069 1624 2117 Custodi
1653 2082 1735 2118 me
1763 2072 1873 2119 Dne
1901 2072 1963 2120 de
1994 2085 2152 2121 manu
2177 2087 2346 2133 pecca-

1356 2131 1482 2178 toris
1505 2146 1518 2179 :
1537 2136 1585 2178 et
1600 2132 1662 2179 ab
1683 2132 1979 2181 bominibus
2000 2135 2195 2195 iniquis
2210 2136 2346 2197 eripe

1354 2203 1455 2240 me.

1416 2253 1522 2314 Qui
1598 2254 1947 2314 cogitaverunt
2017 2258 2345 2317 supplantare

1353 2327 1559 2376 gressus
1605 2329 1745 2365 meos
1786 2333 1799 2366 z
1837 2317 2210 2368 absconderunt
2248 2334 2344 2370 su-

1353 2378 1493 2437 perbi
1531 2378 1768 2438 laqueum
1807 2380 1956 2428 mihi.

1410 2440 1477 2487 Et
1491 2439 1638 2488 funes
1654 2442 1982 2490 extenderunt
1999 2442 2052 2490 in
2072 2442 2309 2502 laqueum
2327 2461 2341 2495 :

1345 2501 1489 2610 jurlta
1555 2502 1649 2551 iter
1700 2504 1998 2552 scandalum
2064 2512 2343 2565 posuerunt

1347 2575 1419 2610 mi
1463 2577 1499 2610 1.

1411 2625 1524 2672 Dixi
1534 2625 1667 2683 Βῆο,
1681 2626 1820 2673 Deus
1835 2638 1981 2673 meus
1994 2639 2046 2674 es
2060 2632 2115 2674 tu
2130 2643 2144 2676 ι
2160 2630 2339 2678 exaudi

1348 2684 1459 2733 Dfie
1481 2699 1651 2733 vocem
1674 2686 2039 2744 deprecationis
2059 2700 2201 2735 meae.

1407 2746 1519 2793 Dne
1566 2747 1675 2793 Dfie
1722 2747 1887 2794 virtus
1932 2746 2114 2795 salutis
2158 2760 2282 2798 meae
2321 2766 2335 2800 ε

1346 2806 1662 2915 gbumt'ilrasti
1697 2820 1848 2868 super
1880 2813 2031 2868 caput
2067 2822 2239 2858 meum
2279 2812 2335 2861 in

1384 2869 1429 2915 ie
1451 2869 1509 2916 be
1552 2869 1585 2915 i.

1408 2929 1482 2979 Ne
1504 2930 1672 2978 tradas
1687 2943 1769 2978 me
1784 2931 1895 2979 Dr‘ie
1910 2945 1937 2980 a
1954 2932 2199 2982 desiderio
2216 2947 2327 2986 meo

1343 2992 1587 3050 peccatori
1612 3007 1625 3041 ε
1648 2994 1993 3053 cogitaverunt
2019 3001 2190 3045 contra
2209 3010 2324 3060 me3

1342 3065 1405 3101 ne
1441 3054 1760 3115 derelinquas
1794 3068 1892 3116 me,
1928 3069 1991 3106 ne
2027 3058 2150 3108 forte
2184 3060 2326 3108 exal-

1340 3118 1528 3164 tentur.

1401 3177 1564 3239 Caput
1580 3179 1823 3227 circuitus
1842 3191 2017 3226 eorum
2043 3194 2056 3227 ε
2083 3179 2222 3228 labor
2244 3182 2326 3230 la—

1338 3239 1539 3288 biorum
1562 3241 1790 3299 ipsorum
1808 3240 1997 3299 operiet
2012 3252 2111 3287 eoS.

1400 3302 1591 3350 Cadent
1642 3315 1791 3360 super
1842 3313 1923 3350 eos
1960 3302 2230 3361 carboneS‚
2268 3305 2322 3352 in

1338 3362 1510 3421 ignem
1532 3362 1736 3420 dejicies
1755 3375 1838 3412 eos
1863 3378 1876 3411 ε
1900 3363 1954 3411 in
1976 3363 2199 3412 miseriis
2221 3379 2321 3413 non

1337 3425 1631 3473 subsistent.

1397 3486 1493 3534 Vir
1529 3485 1795 3545 linguosus
1837 3497 1936 3533 non
1980 3484 2228 3544 dirigetur
2264 3486 2318 3534 in
