<?xml version="1.0" encoding="UTF-8"?>
<!DOCTYPE html PUBLIC "-//W3C//DTD XHTML 1.0 Transitional//EN"
    "http://www.w3.org/TR/xhtml1/DTD/xhtml1-transitional.dtd">
<html xmlns="http://www.w3.org/1999/xhtml" xml:lang="en" lang="en">
 <head>
  <title>
</title>
<meta http-equiv="Content-Type" content="text/html;charset=utf-8" />
  <meta name='ocr-system' content='tesseract 3.04.00' />
  <meta name='ocr-capabilities' content='ocr_page ocr_carea ocr_par ocr_line ocrx_word'/>
</head>
<body>
  <div class='ocr_page' id='page_1' title='image "./portiforiiseubr00cathgoog_0140.png"; bbox 0 0 2910 4457; ppageno 0'>
   <div class='ocr_carea' id='block_1_1' title="bbox 586 338 1806 401">
    <p class='ocr_par' dir='ltr' id='par_1_1' title="bbox 586 338 1806 401">
     <span class='ocr_line' id='line_1_1' title="bbox 586 338 1806 401; baseline -0.007 0"><span class='ocrx_word' id='word_1_1' title='bbox 586 338 668 401; x_wconf 73' lang='lat'><strong>22</strong></span> <span class='ocrx_word' id='word_1_2' title='bbox 1447 355 1522 395; x_wconf 66' lang='lat' dir='ltr'><strong>An</strong></span> <span class='ocrx_word' id='word_1_3' title='bbox 1564 353 1806 396; x_wconf 67' lang='lat' dir='ltr'><strong>enimn.</strong></span> 
     </span>
    </p>
   </div>
   <div class='ocr_carea' id='block_1_2' title="bbox 576 469 1595 3557">
    <p class='ocr_par' dir='ltr' id='par_1_2' title="bbox 582 469 1587 780">
     <span class='ocr_line' id='line_1_2' title="bbox 593 469 1584 534; baseline -0.003 -14"><span class='ocrx_word' id='word_1_4' title='bbox 593 471 892 534; x_wconf 73' lang='lat' dir='ltr'><strong>Trinitatis,</strong></span> <span class='ocrx_word' id='word_1_5' title='bbox 930 470 1120 520; x_wconf 80' lang='lat' dir='ltr'><strong>dicitur</strong></span> <span class='ocrx_word' id='word_1_6' title='bbox 1151 482 1304 532; x_wconf 78' lang='lat' dir='ltr'><strong>super</strong></span> <span class='ocrx_word' id='word_1_7' title='bbox 1342 469 1584 531; x_wconf 87' lang='lat' dir='ltr'><strong>Quicun-</strong></span> 
     </span>
     <span class='ocr_line' id='line_1_3' title="bbox 589 532 1587 597; baseline -0.003 -13"><span class='ocrx_word' id='word_1_8' title='bbox 589 547 688 597; x_wconf 80' lang='lat' dir='ltr'><strong>que</strong></span> <span class='ocrx_word' id='word_1_9' title='bbox 732 535 833 582; x_wconf 67' lang='lat' dir='ltr'><strong>lunc</strong></span> <span class='ocrx_word' id='word_1_10' title='bbox 872 533 936 581; x_wconf 82' lang='grc' dir='ltr'><strong>Δ.</strong></span> <span class='ocrx_word' id='word_1_11' title='bbox 970 534 1040 582; x_wconf 86' lang='lat' dir='ltr'><strong>Te</strong></span> <span class='ocrx_word' id='word_1_12' title='bbox 1075 532 1191 592; x_wconf 82' lang='lat' dir='ltr'><strong>jure</strong></span> <span class='ocrx_word' id='word_1_13' title='bbox 1236 533 1471 592; x_wconf 84' lang='lat' dir='ltr'><strong>laudant,</strong></span> <span class='ocrx_word' id='word_1_14' title='bbox 1513 532 1587 581; x_wconf 83' lang='lat' dir='ltr'><strong>Te</strong></span> 
     </span>
     <span class='ocr_line' id='line_1_4' title="bbox 582 595 1587 657; baseline -0.003 -12"><span class='ocrx_word' id='word_1_15' title='bbox 582 597 827 657; x_wconf 80' lang='lat' dir='ltr'><strong>adorant,</strong></span> <span class='ocrx_word' id='word_1_16' title='bbox 854 595 924 643; x_wconf 87' lang='lat' dir='ltr'><strong>Te</strong></span> <span class='ocrx_word' id='word_1_17' title='bbox 946 595 1229 655; x_wconf 83' lang='lat' dir='ltr'><strong>glorificant</strong></span> <span class='ocrx_word' id='word_1_18' title='bbox 1245 607 1421 643; x_wconf 89' lang='lat' dir='ltr'><strong>omnes</strong></span> <span class='ocrx_word' id='word_1_19' title='bbox 1446 606 1587 643; x_wconf 84' lang='lat' dir='ltr'><strong>erea-</strong></span> 
     </span>
     <span class='ocr_line' id='line_1_5' title="bbox 590 656 1584 715; baseline -0.003 -9"><span class='ocrx_word' id='word_1_20' title='bbox 590 665 717 706; x_wconf 67' lang='lat' dir='ltr'><strong>ture</strong></span> <span class='ocrx_word' id='word_1_21' title='bbox 733 662 857 715; x_wconf 78' lang='lat' dir='ltr'><strong>tuae,</strong></span> <span class='ocrx_word' id='word_1_22' title='bbox 877 656 906 704; x_wconf 84' lang='lat'>0</span> <span class='ocrx_word' id='word_1_23' title='bbox 921 658 1071 705; x_wconf 83' lang='lat' dir='ltr'><strong>Beata</strong></span> <span class='ocrx_word' id='word_1_24' title='bbox 1090 657 1335 705; x_wconf 84' lang='lat' dir='ltr'><strong>Trinitas.</strong></span> <span class='ocrx_word' id='word_1_25' title='bbox 1359 657 1425 704; x_wconf 83' lang='lat' dir='ltr'><strong>In</strong></span> <span class='ocrx_word' id='word_1_26' title='bbox 1453 662 1584 704; x_wconf 88' lang='lat' dir='ltr'><strong>tem-</strong></span> 
     </span>
     <span class='ocr_line' id='line_1_6' title="bbox 588 717 1270 780; baseline 0.001 -13"><span class='ocrx_word' id='word_1_27' title='bbox 588 733 712 780; x_wconf 82' lang='lat' dir='ltr'><strong>pore</strong></span> <span class='ocrx_word' id='word_1_28' title='bbox 742 718 1007 776; x_wconf 76' lang='lat' dir='ltr'><strong>Paschali,</strong></span> <span class='ocrx_word' id='word_1_29' title='bbox 1029 717 1270 768; x_wconf 80' lang='lat' dir='ltr'><strong>Alleluia.</strong></span> 
     </span>
    </p>

    <p class='ocr_par' dir='ltr' id='par_1_3' title="bbox 590 777 1588 1199">
     <span class='ocr_line' id='line_1_7' title="bbox 654 777 1586 841; baseline 0 -15"><span class='ocrx_word' id='word_1_30' title='bbox 654 781 720 828; x_wconf 84' lang='lat' dir='ltr'><strong>In</strong></span> <span class='ocrx_word' id='word_1_31' title='bbox 747 779 977 828; x_wconf 83' lang='lat' dir='ltr'><strong>omnibus</strong></span> <span class='ocrx_word' id='word_1_32' title='bbox 1004 779 1151 841; x_wconf 79' lang='lat' dir='ltr'><strong>festis</strong></span> <span class='ocrx_word' id='word_1_33' title='bbox 1184 777 1467 841; x_wconf 74' lang='lat' dir='ltr'><strong>duplicibus</strong></span> <span class='ocrx_word' id='word_1_34' title='bbox 1492 792 1586 840; x_wconf 82' lang='lat' dir='ltr'><strong>per</strong></span> 
     </span>
     <span class='ocr_line' id='line_1_8' title="bbox 590 841 1586 891; baseline -0.003 -1"><span class='ocrx_word' id='word_1_35' title='bbox 590 855 789 890; x_wconf 87' lang='lat' dir='ltr'><strong>annum</strong></span> <span class='ocrx_word' id='word_1_36' title='bbox 802 847 952 890; x_wconf 78' lang='lat' dir='ltr'><strong>extra</strong></span> <span class='ocrx_word' id='word_1_37' title='bbox 968 841 1326 891; x_wconf 81' lang='lat' dir='ltr'><em>hebdomadam</em></span> <span class='ocrx_word' id='word_1_38' title='bbox 1337 841 1392 891; x_wconf 88' lang='lat' dir='ltr'><strong>S.</strong></span> <span class='ocrx_word' id='word_1_39' title='bbox 1418 841 1586 889; x_wconf 83' lang='lat' dir='ltr'><strong>Trini-</strong></span> 
     </span>
     <span class='ocr_line' id='line_1_9' title="bbox 592 904 1587 964; baseline -0.001 -13"><span class='ocrx_word' id='word_1_40' title='bbox 592 905 732 961; x_wconf 85' lang='lat' dir='ltr'><strong>tatis,</strong></span> <span class='ocrx_word' id='word_1_41' title='bbox 764 904 952 951; x_wconf 83' lang='lat' dir='ltr'><strong>dicitur</strong></span> <span class='ocrx_word' id='word_1_42' title='bbox 977 917 1130 964; x_wconf 84' lang='lat' dir='ltr'><strong>super</strong></span> <span class='ocrx_word' id='word_1_43' title='bbox 1160 904 1465 964; x_wconf 83' lang='lat' dir='ltr'><strong>Quicunque</strong></span> <span class='ocrx_word' id='word_1_44' title='bbox 1487 904 1587 950; x_wconf 79' lang='lat' dir='ltr'><strong>hoec</strong></span> 
     </span>
     <span class='ocr_line' id='line_1_10' title="bbox 590 965 1587 1027; baseline 0 -14"><span class='ocrx_word' id='word_1_45' title='bbox 590 967 654 1013; x_wconf 73' lang='lat' dir='ltr'><strong>A.</strong></span> <span class='ocrx_word' id='word_1_46' title='bbox 666 965 871 1015; x_wconf 82' lang='lat' dir='ltr'><strong>Gratias</strong></span> <span class='ocrx_word' id='word_1_47' title='bbox 881 966 972 1014; x_wconf 92' lang='lat' dir='ltr'><strong>tihi</strong></span> <span class='ocrx_word' id='word_1_48' title='bbox 983 967 1134 1024; x_wconf 89' lang='lat' dir='ltr'><strong>Deus,</strong></span> <span class='ocrx_word' id='word_1_49' title='bbox 1149 966 1337 1027; x_wconf 79' lang='lat' dir='ltr'>gratias</span> <span class='ocrx_word' id='word_1_50' title='bbox 1347 966 1457 1023; x_wconf 89' lang='lat' dir='ltr'><strong>tihi,</strong></span> <span class='ocrx_word' id='word_1_51' title='bbox 1471 977 1587 1013; x_wconf 85' lang='lat' dir='ltr'><strong>vera</strong></span> 
     </span>
     <span class='ocr_line' id='line_1_11' title="bbox 591 1028 1584 1086; baseline 0 -11"><span class='ocrx_word' id='word_1_52' title='bbox 591 1040 695 1076; x_wconf 91' lang='lat' dir='ltr'><strong>una</strong></span> <span class='ocrx_word' id='word_1_53' title='bbox 711 1028 964 1086; x_wconf 81' lang='lat' dir='ltr'><strong>TrinitaS,</strong></span> <span class='ocrx_word' id='word_1_54' title='bbox 983 1039 1086 1075; x_wconf 88' lang='lat' dir='ltr'><strong>una</strong></span> <span class='ocrx_word' id='word_1_55' title='bbox 1106 1032 1154 1075; x_wconf 91' lang='lat' dir='ltr'><strong>et</strong></span> <span class='ocrx_word' id='word_1_56' title='bbox 1170 1039 1374 1075; x_wconf 89' lang='lat' dir='ltr'><strong>summa</strong></span> <span class='ocrx_word' id='word_1_57' title='bbox 1386 1028 1584 1086; x_wconf 83' lang='lat' dir='ltr'><strong>DeitaS,</strong></span> 
     </span>
     <span class='ocr_line' id='line_1_12' title="bbox 591 1089 1588 1150; baseline -0.002 -12"><span class='ocrx_word' id='word_1_58' title='bbox 591 1095 766 1138; x_wconf 81' lang='lat' dir='ltr'><strong>sancta</strong></span> <span class='ocrx_word' id='word_1_59' title='bbox 797 1094 845 1138; x_wconf 89' lang='lat' dir='ltr'><strong>et</strong></span> <span class='ocrx_word' id='word_1_60' title='bbox 877 1101 981 1137; x_wconf 91' lang='lat' dir='ltr'><strong>una</strong></span> <span class='ocrx_word' id='word_1_61' title='bbox 1021 1089 1221 1136; x_wconf 78' lang='lat' dir='ltr'><strong>UnitaS.</strong></span> <span class='ocrx_word' id='word_1_62' title='bbox 1254 1089 1321 1136; x_wconf 84' lang='lat' dir='ltr'><strong>In</strong></span> <span class='ocrx_word' id='word_1_63' title='bbox 1369 1094 1588 1150; x_wconf 80' lang='lat' dir='ltr'><strong>tempore</strong></span> 
     </span>
     <span class='ocr_line' id='line_1_13' title="bbox 594 1150 1054 1199; baseline 0 0"><span class='ocrx_word' id='word_1_64' title='bbox 594 1152 778 1199; x_wconf 76' lang='lat' dir='ltr'><strong>Pasch.</strong></span> <span class='ocrx_word' id='word_1_65' title='bbox 814 1150 1054 1199; x_wconf 82' lang='lat' dir='ltr'><strong>Alleluia.</strong></span> 
     </span>
    </p>

    <p class='ocr_par' dir='ltr' id='par_1_4' title="bbox 590 1210 1593 1888">
     <span class='ocr_line' id='line_1_14' title="bbox 654 1210 1587 1273; baseline 0.001 -15"><span class='ocrx_word' id='word_1_66' title='bbox 654 1213 720 1258; x_wconf 88' lang='lat' dir='ltr'><strong>In</strong></span> <span class='ocrx_word' id='word_1_67' title='bbox 734 1212 966 1260; x_wconf 81' lang='lat' dir='ltr'><strong>omnibus</strong></span> <span class='ocrx_word' id='word_1_68' title='bbox 983 1211 1127 1273; x_wconf 73' lang='lat' dir='ltr'><strong>feriis</strong></span> <span class='ocrx_word' id='word_1_69' title='bbox 1143 1212 1348 1273; x_wconf 84' lang='lat' dir='ltr'><strong>quando</strong></span> <span class='ocrx_word' id='word_1_70' title='bbox 1361 1212 1422 1259; x_wconf 85' lang='lat' dir='ltr'><strong>de</strong></span> <span class='ocrx_word' id='word_1_71' title='bbox 1450 1210 1587 1271; x_wconf 72' lang='lat' dir='ltr'><strong>feria</strong></span> 
     </span>
     <span class='ocr_line' id='line_1_15' title="bbox 593 1272 1588 1333; baseline -0.004 -10"><span class='ocrx_word' id='word_1_72' title='bbox 593 1275 767 1333; x_wconf 67' lang='grc' dir='ltr'><strong>(πρίων</strong></span> <span class='ocrx_word' id='word_1_73' title='bbox 778 1286 873 1333; x_wconf 83' lang='lat' dir='ltr'><strong>per</strong></span> <span class='ocrx_word' id='word_1_74' title='bbox 889 1279 1050 1321; x_wconf 81' lang='lat' dir='ltr'><strong>totum</strong></span> <span class='ocrx_word' id='word_1_75' title='bbox 1062 1287 1262 1321; x_wconf 84' lang='lat' dir='ltr'><strong>annum</strong></span> <span class='ocrx_word' id='word_1_76' title='bbox 1273 1313 1288 1333; x_wconf 94' lang='lat'><em>,</em></span> <span class='ocrx_word' id='word_1_77' title='bbox 1301 1278 1352 1322; x_wconf 88' lang='lat' dir='ltr'><strong>et</strong></span> <span class='ocrx_word' id='word_1_78' title='bbox 1362 1274 1419 1319; x_wconf 82' lang='lat' dir='ltr'><strong>in</strong></span> <span class='ocrx_word' id='word_1_79' title='bbox 1439 1272 1588 1333; x_wconf 74' lang='lat' dir='ltr'><strong>festis</strong></span> 
     </span>
     <span class='ocr_line' id='line_1_16' title="bbox 592 1334 1588 1396; baseline 0 -15"><span class='ocrx_word' id='word_1_80' title='bbox 592 1334 655 1396; x_wconf 80' lang='lat' dir='ltr'><strong>iij</strong></span> <span class='ocrx_word' id='word_1_81' title='bbox 693 1335 802 1384; x_wconf 85' lang='lat' dir='ltr'><strong>lect.</strong></span> <span class='ocrx_word' id='word_1_82' title='bbox 839 1336 948 1383; x_wconf 77' lang='lat' dir='ltr'><strong>sine</strong></span> <span class='ocrx_word' id='word_1_83' title='bbox 979 1335 1220 1396; x_wconf 73' lang='lat' dir='ltr'><strong>reqimine</strong></span> <span class='ocrx_word' id='word_1_84' title='bbox 1251 1335 1413 1396; x_wconf 80' lang='lat' dir='ltr'><strong>chori,</strong></span> <span class='ocrx_word' id='word_1_85' title='bbox 1444 1340 1495 1382; x_wconf 91' lang='lat' dir='ltr'><strong>et</strong></span> <span class='ocrx_word' id='word_1_86' title='bbox 1528 1335 1588 1382; x_wconf 88' lang='lat' dir='ltr'><strong>in</strong></span> 
     </span>
     <span class='ocr_line' id='line_1_17' title="bbox 600 1396 1587 1459; baseline 0 -16"><span class='ocrx_word' id='word_1_87' title='bbox 600 1396 709 1444; x_wconf 86' lang='lat' dir='ltr'><strong>Oct.</strong></span> <span class='ocrx_word' id='word_1_88' title='bbox 742 1402 792 1444; x_wconf 88' lang='lat' dir='ltr'><strong>et</strong></span> <span class='ocrx_word' id='word_1_89' title='bbox 813 1396 959 1457; x_wconf 78' lang='lat' dir='ltr'><strong>infra</strong></span> <span class='ocrx_word' id='word_1_90' title='bbox 979 1397 1035 1443; x_wconf 87' lang='lat' dir='ltr'><strong>in</strong></span> <span class='ocrx_word' id='word_1_91' title='bbox 1062 1397 1239 1459; x_wconf 82' lang='lat' dir='ltr'><strong>quibus</strong></span> <span class='ocrx_word' id='word_1_92' title='bbox 1270 1398 1451 1445; x_wconf 81' lang='lat' dir='ltr'><strong>chorus</strong></span> <span class='ocrx_word' id='word_1_93' title='bbox 1481 1408 1587 1444; x_wconf 84' lang='lat' dir='ltr'><strong>non</strong></span> 
     </span>
     <span class='ocr_line' id='line_1_18' title="bbox 593 1459 1588 1520; baseline 0.001 -15"><span class='ocrx_word' id='word_1_94' title='bbox 593 1459 812 1518; x_wconf 76' lang='lat' dir='ltr'><strong>rcyitur,</strong></span> <span class='ocrx_word' id='word_1_95' title='bbox 828 1459 948 1507; x_wconf 83' lang='lat' dir='ltr'><strong>etin</strong></span> <span class='ocrx_word' id='word_1_96' title='bbox 973 1459 1170 1520; x_wconf 73' lang='lat' dir='ltr'><strong>&#39;Viyiliis</strong></span> <span class='ocrx_word' id='word_1_97' title='bbox 1189 1465 1238 1507; x_wconf 87' lang='lat' dir='ltr'><strong>et</strong></span> <span class='ocrx_word' id='word_1_98' title='bbox 1254 1459 1313 1505; x_wconf 86' lang='lat' dir='ltr'><strong>in</strong></span> <span class='ocrx_word' id='word_1_99' title='bbox 1337 1459 1417 1520; x_wconf 67' lang='lat' dir='ltr'><strong>iiij</strong></span> <span class='ocrx_word' id='word_1_100' title='bbox 1440 1459 1588 1506; x_wconf 86' lang='lat' dir='ltr'><strong>Tem-</strong></span> 
     </span>
     <span class='ocr_line' id='line_1_19' title="bbox 590 1519 1593 1580; baseline 0.001 -13"><span class='ocrx_word' id='word_1_101' title='bbox 590 1519 798 1580; x_wconf 78' lang='lat' dir='ltr'><strong>poribus</strong></span> <span class='ocrx_word' id='word_1_102' title='bbox 823 1527 975 1568; x_wconf 76' lang='lat' dir='ltr'><strong>extra</strong></span> <span class='ocrx_word' id='word_1_103' title='bbox 1001 1521 1137 1569; x_wconf 74' lang='lat' dir='ltr'><strong>hebd.</strong></span> <span class='ocrx_word' id='word_1_104' title='bbox 1168 1521 1487 1569; x_wconf 87' lang='lat' dir='ltr'><strong>Pentecostes</strong></span> <span class='ocrx_word' id='word_1_105' title='bbox 1503 1557 1516 1579; x_wconf 94' lang='lat'><strong><em>‚</em></strong></span> <span class='ocrx_word' id='word_1_106' title='bbox 1543 1524 1593 1568; x_wconf 82' lang='lat' dir='ltr'><strong>et</strong></span> 
     </span>
     <span class='ocr_line' id='line_1_20' title="bbox 593 1581 1589 1641; baseline 0 -12"><span class='ocrx_word' id='word_1_107' title='bbox 593 1581 732 1631; x_wconf 70' lang='lat' dir='ltr'><strong>hebd.</strong></span> <span class='ocrx_word' id='word_1_108' title='bbox 781 1582 838 1630; x_wconf 83' lang='lat' dir='ltr'><strong>S.</strong></span> <span class='ocrx_word' id='word_1_109' title='bbox 878 1582 1151 1630; x_wconf 77' lang='lat' dir='ltr'><strong>Trinitatis</strong></span> <span class='ocrx_word' id='word_1_110' title='bbox 1197 1583 1389 1630; x_wconf 85' lang='lat' dir='ltr'><strong>dicitur</strong></span> <span class='ocrx_word' id='word_1_111' title='bbox 1434 1595 1589 1641; x_wconf 80' lang='lat' dir='ltr'><strong>super</strong></span> 
     </span>
     <span class='ocr_line' id='line_1_21' title="bbox 595 1643 1589 1703; baseline -0.001 -12"><span class='ocrx_word' id='word_1_112' title='bbox 595 1643 902 1703; x_wconf 82' lang='lat' dir='ltr'><strong>Quicunque</strong></span> <span class='ocrx_word' id='word_1_113' title='bbox 931 1646 1032 1691; x_wconf 75' lang='lat' dir='ltr'><strong>haec</strong></span> <span class='ocrx_word' id='word_1_114' title='bbox 1064 1647 1128 1691; x_wconf 76' lang='lat' dir='ltr'><strong>A.</strong></span> <span class='ocrx_word' id='word_1_115' title='bbox 1157 1644 1329 1692; x_wconf 84' lang='lat' dir='ltr'><strong>Gloria</strong></span> <span class='ocrx_word' id='word_1_116' title='bbox 1353 1644 1445 1691; x_wconf 89' lang='lat' dir='ltr'><strong>tibi</strong></span> <span class='ocrx_word' id='word_1_117' title='bbox 1470 1644 1589 1692; x_wconf 83' lang='lat' dir='ltr'><strong>Tri-</strong></span> 
     </span>
     <span class='ocr_line' id='line_1_22' title="bbox 596 1705 1590 1764; baseline 0 -13"><span class='ocrx_word' id='word_1_118' title='bbox 596 1706 754 1763; x_wconf 90' lang='lat' dir='ltr'><strong>nitas,</strong></span> <span class='ocrx_word' id='word_1_119' title='bbox 789 1706 998 1764; x_wconf 83' lang='lat' dir='ltr'><strong>aequalis</strong></span> <span class='ocrx_word' id='word_1_120' title='bbox 1030 1717 1133 1753; x_wconf 90' lang='lat' dir='ltr'><strong>una</strong></span> <span class='ocrx_word' id='word_1_121' title='bbox 1160 1705 1357 1763; x_wconf 84' lang='lat' dir='ltr'><strong>DeitaS,</strong></span> <span class='ocrx_word' id='word_1_122' title='bbox 1391 1709 1440 1753; x_wconf 87' lang='lat' dir='ltr'><strong>et</strong></span> <span class='ocrx_word' id='word_1_123' title='bbox 1472 1709 1590 1752; x_wconf 88' lang='lat' dir='ltr'><strong>ante</strong></span> 
     </span>
     <span class='ocr_line' id='line_1_23' title="bbox 593 1766 1590 1825; baseline 0 -12"><span class='ocrx_word' id='word_1_124' title='bbox 593 1766 768 1813; x_wconf 88' lang='lat' dir='ltr'><strong>omnia</strong></span> <span class='ocrx_word' id='word_1_125' title='bbox 793 1767 972 1814; x_wconf 82' lang='lat' dir='ltr'><strong>saeeula</strong></span> <span class='ocrx_word' id='word_1_126' title='bbox 1006 1770 1054 1814; x_wconf 87' lang='lat' dir='ltr'><strong>et</strong></span> <span class='ocrx_word' id='word_1_127' title='bbox 1081 1779 1219 1815; x_wconf 89' lang='lat' dir='ltr'><strong>nunc</strong></span> <span class='ocrx_word' id='word_1_128' title='bbox 1252 1770 1301 1815; x_wconf 87' lang='lat' dir='ltr'><strong>et</strong></span> <span class='ocrx_word' id='word_1_129' title='bbox 1332 1767 1386 1814; x_wconf 89' lang='lat' dir='ltr'><strong>in</strong></span> <span class='ocrx_word' id='word_1_130' title='bbox 1421 1779 1590 1825; x_wconf 86' lang='lat' dir='ltr'><strong>perpe-</strong></span> 
     </span>
     <span class='ocr_line' id='line_1_24' title="bbox 596 1827 1525 1888; baseline 0.001 -14"><span class='ocrx_word' id='word_1_131' title='bbox 596 1833 765 1875; x_wconf 87' lang='lat' dir='ltr'><strong>tuum.</strong></span> <span class='ocrx_word' id='word_1_132' title='bbox 800 1827 865 1873; x_wconf 86' lang='lat' dir='ltr'><strong>In</strong></span> <span class='ocrx_word' id='word_1_133' title='bbox 896 1832 1046 1888; x_wconf 86' lang='lat' dir='ltr'><strong>temp.</strong></span> <span class='ocrx_word' id='word_1_134' title='bbox 1078 1828 1263 1875; x_wconf 76' lang='lat' dir='ltr'><strong>Pasck.</strong></span> <span class='ocrx_word' id='word_1_135' title='bbox 1285 1827 1525 1876; x_wconf 81' lang='lat' dir='ltr'><strong>Alleluia.</strong></span> 
     </span>
    </p>

    <p class='ocr_par' dir='ltr' id='par_1_5' title="bbox 594 1887 1592 2196">
     <span class='ocr_line' id='line_1_25' title="bbox 658 1887 1589 1951; baseline 0.002 -16"><span class='ocrx_word' id='word_1_136' title='bbox 658 1889 762 1936; x_wconf 86' lang='lat' dir='ltr'><strong>Per</strong></span> <span class='ocrx_word' id='word_1_137' title='bbox 789 1887 926 1936; x_wconf 81' lang='lat' dir='ltr'><strong>hebd.</strong></span> <span class='ocrx_word' id='word_1_138' title='bbox 956 1889 1010 1937; x_wconf 89' lang='lat' dir='ltr'><strong>S.</strong></span> <span class='ocrx_word' id='word_1_139' title='bbox 1048 1889 1347 1950; x_wconf 80' lang='lat' dir='ltr'><strong>Trinitatis,</strong></span> <span class='ocrx_word' id='word_1_140' title='bbox 1373 1890 1433 1937; x_wconf 87' lang='lat' dir='ltr'><strong>de</strong></span> <span class='ocrx_word' id='word_1_141' title='bbox 1465 1903 1589 1951; x_wconf 79' lang='lat' dir='ltr'><strong>quo-</strong></span> 
     </span>
     <span class='ocr_line' id='line_1_26' title="bbox 594 1950 1592 2013; baseline 0.002 -16"><span class='ocrx_word' id='word_1_142' title='bbox 594 1963 802 2012; x_wconf 84' lang='lat' dir='ltr'><strong>cumque</strong></span> <span class='ocrx_word' id='word_1_143' title='bbox 826 1950 887 2012; x_wconf 81' lang='lat' dir='ltr'><strong>fit</strong></span> <span class='ocrx_word' id='word_1_144' title='bbox 908 1952 1196 2008; x_wconf 85' lang='lat' dir='ltr'><strong>servitium,</strong></span> <span class='ocrx_word' id='word_1_145' title='bbox 1219 1951 1408 1999; x_wconf 86' lang='lat' dir='ltr'><strong>dicitur</strong></span> <span class='ocrx_word' id='word_1_146' title='bbox 1436 1964 1592 2013; x_wconf 82' lang='lat' dir='ltr'><strong>super</strong></span> 
     </span>
     <span class='ocr_line' id='line_1_27' title="bbox 596 2011 1592 2072; baseline 0.003 -13"><span class='ocrx_word' id='word_1_147' title='bbox 596 2011 902 2072; x_wconf 83' lang='lat' dir='ltr'><strong>Quicunque</strong></span> <span class='ocrx_word' id='word_1_148' title='bbox 924 2014 1026 2060; x_wconf 72' lang='lat' dir='ltr'><strong>laoec</strong></span> <span class='ocrx_word' id='word_1_149' title='bbox 1053 2015 1117 2061; x_wconf 82' lang='grc' dir='ltr'><strong>Α.</strong></span> <span class='ocrx_word' id='word_1_150' title='bbox 1142 2012 1185 2062; x_wconf 94' lang='grc' dir='ltr'><strong>Ο</strong></span> <span class='ocrx_word' id='word_1_151' title='bbox 1206 2013 1349 2061; x_wconf 86' lang='lat' dir='ltr'><strong>beata</strong></span> <span class='ocrx_word' id='word_1_152' title='bbox 1370 2017 1419 2062; x_wconf 92' lang='lat' dir='ltr'><strong>et</strong></span> <span class='ocrx_word' id='word_1_153' title='bbox 1439 2014 1592 2062; x_wconf 89' lang='lat' dir='ltr'><strong>bene-</strong></span> 
     </span>
     <span class='ocr_line' id='line_1_28' title="bbox 595 2074 1592 2135; baseline -0.002 -11"><span class='ocrx_word' id='word_1_154' title='bbox 595 2075 728 2124; x_wconf 85' lang='lat' dir='ltr'><strong>dicta</strong></span> <span class='ocrx_word' id='word_1_155' title='bbox 754 2081 802 2123; x_wconf 90' lang='lat' dir='ltr'><strong>et</strong></span> <span class='ocrx_word' id='word_1_156' title='bbox 828 2074 1042 2135; x_wconf 80' lang='lat' dir='ltr'><strong>gloriosa</strong></span> <span class='ocrx_word' id='word_1_157' title='bbox 1072 2075 1328 2125; x_wconf 82' lang='lat' dir='ltr'><strong>Trinitas:</strong></span> <span class='ocrx_word' id='word_1_158' title='bbox 1356 2076 1507 2125; x_wconf 89' lang='lat' dir='ltr'><strong>Pater</strong></span> <span class='ocrx_word' id='word_1_159' title='bbox 1542 2079 1592 2125; x_wconf 86' lang='lat' dir='ltr'><strong>et</strong></span> 
     </span>
     <span class='ocr_line' id='line_1_29' title="bbox 598 2136 1324 2196; baseline 0.001 -12"><span class='ocrx_word' id='word_1_160' title='bbox 598 2136 760 2185; x_wconf 84' lang='lat' dir='ltr'><strong>Filius</strong></span> <span class='ocrx_word' id='word_1_161' title='bbox 781 2142 829 2185; x_wconf 89' lang='lat' dir='ltr'><strong>et</strong></span> <span class='ocrx_word' id='word_1_162' title='bbox 847 2137 1070 2196; x_wconf 82' lang='lat' dir='ltr'><strong>Spiritus</strong></span> <span class='ocrx_word' id='word_1_163' title='bbox 1090 2138 1324 2186; x_wconf 83' lang='lat' dir='ltr'><strong>SanctuS.</strong></span> 
     </span>
    </p>

    <p class='ocr_par' dir='ltr' id='par_1_6' title="bbox 600 2199 1592 2384">
     <span class='ocr_line' id='line_1_30' title="bbox 767 2199 1418 2261; baseline 0 -13"><span class='ocrx_word' id='word_1_164' title='bbox 767 2199 1061 2260; x_wconf 77' lang='lat' dir='ltr'><strong>Capitulum</strong></span> <span class='ocrx_word' id='word_1_165' title='bbox 1083 2217 1097 2248; x_wconf 90' lang='grc'><strong>.·</strong></span> <span class='ocrx_word' id='word_1_166' title='bbox 1122 2199 1418 2261; x_wconf 76' lang='lat' dir='ltr'><strong>Timothe.j.</strong></span> 
     </span>
     <span class='ocr_line' id='line_1_31' title="bbox 600 2262 1592 2369; baseline 0.001 -61"><span class='ocrx_word' id='word_1_167' title='bbox 600 2262 773 2369; x_wconf 76' lang='lat' dir='ltr'><strong>Regi</strong></span> <span class='ocrx_word' id='word_1_168' title='bbox 814 2262 1115 2310; x_wconf 77' lang='lat' dir='ltr'><strong>saeculorum</strong></span> <span class='ocrx_word' id='word_1_169' title='bbox 1161 2262 1469 2320; x_wconf 76' lang='lat' dir='ltr'><strong>immortali,</strong></span> <span class='ocrx_word' id='word_1_170' title='bbox 1515 2262 1592 2310; x_wconf 93' lang='lat' dir='ltr'><strong>in-</strong></span> 
     </span>
     <span class='ocr_line' id='line_1_32' title="bbox 695 2322 1590 2384; baseline 0.002 -14"><span class='ocrx_word' id='word_1_171' title='bbox 695 2323 903 2381; x_wconf 84' lang='lat' dir='ltr'><strong>visibili,</strong></span> <span class='ocrx_word' id='word_1_172' title='bbox 933 2322 1027 2370; x_wconf 89' lang='lat' dir='ltr'><strong>soli</strong></span> <span class='ocrx_word' id='word_1_173' title='bbox 1055 2323 1157 2371; x_wconf 85' lang='lat' dir='ltr'><strong>Deo</strong></span> <span class='ocrx_word' id='word_1_174' title='bbox 1178 2324 1337 2371; x_wconf 89' lang='lat' dir='ltr'><strong>honor</strong></span> <span class='ocrx_word' id='word_1_175' title='bbox 1359 2328 1409 2372; x_wconf 90' lang='lat' dir='ltr'><strong>et</strong></span> <span class='ocrx_word' id='word_1_176' title='bbox 1430 2324 1590 2384; x_wconf 83' lang='lat' dir='ltr'><strong>gloria</strong></span> 
     </span>
    </p>

    <p class='ocr_par' dir='ltr' id='par_1_7' title="bbox 597 2383 1413 2443">
     <span class='ocr_line' id='line_1_33' title="bbox 597 2383 1413 2443; baseline 0.004 -13"><span class='ocrx_word' id='word_1_177' title='bbox 597 2383 652 2430; x_wconf 91' lang='lat' dir='ltr'><strong>in</strong></span> <span class='ocrx_word' id='word_1_178' title='bbox 666 2385 846 2431; x_wconf 84' lang='lat' dir='ltr'><strong>saecula</strong></span> <span class='ocrx_word' id='word_1_179' title='bbox 869 2385 1171 2432; x_wconf 67' lang='lat' dir='ltr'><strong>saeculorum</strong></span> <span class='ocrx_word' id='word_1_180' title='bbox 1186 2421 1199 2443; x_wconf 94' lang='lat'><strong><em>‚</em></strong></span> <span class='ocrx_word' id='word_1_181' title='bbox 1224 2385 1413 2433; x_wconf 84' lang='lat' dir='ltr'><strong>Amen.</strong></span> 
     </span>
    </p>

    <p class='ocr_par' dir='ltr' id='par_1_8' title="bbox 657 2444 990 2504">
     <span class='ocr_line' id='line_1_34' title="bbox 657 2444 990 2504; baseline 0.003 -13"><span class='ocrx_word' id='word_1_182' title='bbox 657 2444 761 2492; x_wconf 86' lang='lat' dir='ltr'><strong>Deo</strong></span> <span class='ocrx_word' id='word_1_183' title='bbox 783 2446 990 2504; x_wconf 78' lang='lat' dir='ltr'><strong>gratiaS.</strong></span> 
     </span>
    </p>

    <p class='ocr_par' dir='ltr' id='par_1_9' title="bbox 594 2505 1595 2863">
     <span class='ocr_line' id='line_1_35' title="bbox 659 2505 1591 2566; baseline 0.002 -14"><span class='ocrx_word' id='word_1_184' title='bbox 659 2505 772 2553; x_wconf 88' lang='lat' dir='ltr'><strong>Hoc</strong></span> <span class='ocrx_word' id='word_1_185' title='bbox 792 2506 1096 2566; x_wconf 73' lang='lat' dir='ltr'><strong>praedictum</strong></span> <span class='ocrx_word' id='word_1_186' title='bbox 1119 2505 1244 2566; x_wconf 85' lang='lat' dir='ltr'><strong>Cap.</strong></span> <span class='ocrx_word' id='word_1_187' title='bbox 1264 2506 1454 2554; x_wconf 84' lang='lat' dir='ltr'><strong>dicitur</strong></span> <span class='ocrx_word' id='word_1_188' title='bbox 1474 2519 1591 2554; x_wconf 87' lang='lat' dir='ltr'><strong>om-</strong></span> 
     </span>
     <span class='ocr_line' id='line_1_36' title="bbox 595 2565 1595 2627; baseline 0.004 -14"><span class='ocrx_word' id='word_1_189' title='bbox 595 2565 745 2614; x_wconf 82' lang='lat' dir='ltr'><strong>nibus</strong></span> <span class='ocrx_word' id='word_1_190' title='bbox 764 2567 913 2616; x_wconf 89' lang='lat' dir='ltr'><strong>Dom.</strong></span> <span class='ocrx_word' id='word_1_191' title='bbox 942 2568 1072 2616; x_wconf 86' lang='lat' dir='ltr'><strong>etin</strong></span> <span class='ocrx_word' id='word_1_192' title='bbox 1086 2565 1231 2627; x_wconf 79' lang='lat' dir='ltr'><strong>festis</strong></span> <span class='ocrx_word' id='word_1_193' title='bbox 1252 2572 1301 2615; x_wconf 88' lang='lat' dir='ltr'><strong>et</strong></span> <span class='ocrx_word' id='word_1_194' title='bbox 1317 2568 1375 2615; x_wconf 85' lang='lat' dir='ltr'><strong>in</strong></span> <span class='ocrx_word' id='word_1_195' title='bbox 1406 2569 1517 2616; x_wconf 90' lang='lat' dir='ltr'><strong>Oct.</strong></span> <span class='ocrx_word' id='word_1_196' title='bbox 1544 2573 1595 2617; x_wconf 83' lang='lat' dir='ltr'><strong>et</strong></span> 
     </span>
     <span class='ocr_line' id='line_1_37' title="bbox 596 2628 1592 2692; baseline 0.002 -17"><span class='ocrx_word' id='word_1_197' title='bbox 596 2628 743 2689; x_wconf 74' lang='lat' dir='ltr'><strong>infra</strong></span> <span class='ocrx_word' id='word_1_198' title='bbox 765 2630 969 2692; x_wconf 78' lang='lat' dir='ltr'><strong>quando</strong></span> <span class='ocrx_word' id='word_1_199' title='bbox 994 2630 1173 2678; x_wconf 80' lang='lat' dir='ltr'><strong>chorus</strong></span> <span class='ocrx_word' id='word_1_200' title='bbox 1198 2630 1410 2690; x_wconf 64' lang='lat' dir='ltr'><strong>regitur.</strong></span> <span class='ocrx_word' id='word_1_201' title='bbox 1436 2630 1510 2677; x_wconf 89' lang='lat' dir='ltr'><strong>Et</strong></span> <span class='ocrx_word' id='word_1_202' title='bbox 1532 2630 1592 2677; x_wconf 85' lang='lat' dir='ltr'><strong>in</strong></span> 
     </span>
     <span class='ocr_line' id='line_1_38' title="bbox 597 2691 1592 2752; baseline 0.002 -14"><span class='ocrx_word' id='word_1_203' title='bbox 597 2703 856 2741; x_wconf 84' lang='lat' dir='ltr'><strong>commem.</strong></span> <span class='ocrx_word' id='word_1_204' title='bbox 890 2693 956 2741; x_wconf 90' lang='lat' dir='ltr'><strong>B.</strong></span> <span class='ocrx_word' id='word_1_205' title='bbox 983 2692 1172 2742; x_wconf 65' lang='grc' dir='ltr'><strong>Μανία»</strong></span> <span class='ocrx_word' id='word_1_206' title='bbox 1191 2697 1240 2740; x_wconf 87' lang='lat' dir='ltr'><strong>et</strong></span> <span class='ocrx_word' id='word_1_207' title='bbox 1258 2693 1317 2739; x_wconf 84' lang='lat' dir='ltr'><strong>de</strong></span> <span class='ocrx_word' id='word_1_208' title='bbox 1341 2691 1471 2752; x_wconf 74' lang='lat' dir='ltr'><strong>festo</strong></span> <span class='ocrx_word' id='word_1_209' title='bbox 1498 2693 1592 2740; x_wconf 80' lang='lat' dir='ltr'><strong>loci</strong></span> 
     </span>
     <span class='ocr_line' id='line_1_39' title="bbox 594 2753 1591 2860; baseline 0.001 -60"><span class='ocrx_word' id='word_1_210' title='bbox 594 2765 691 2860; x_wconf 58' lang='lat' dir='ltr'><strong>pc&#39;r</strong></span> <span class='ocrx_word' id='word_1_211' title='bbox 712 2760 874 2802; x_wconf 86' lang='lat' dir='ltr'><strong>totum</strong></span> <span class='ocrx_word' id='word_1_212' title='bbox 895 2767 1096 2802; x_wconf 82' lang='lat' dir='ltr'><strong>annum</strong></span> <span class='ocrx_word' id='word_1_213' title='bbox 1123 2759 1274 2803; x_wconf 75' lang='lat' dir='ltr'><strong>extra</strong></span> <span class='ocrx_word' id='word_1_214' title='bbox 1303 2753 1442 2803; x_wconf 79' lang='lat' dir='ltr'><strong>hebd.</strong></span> <span class='ocrx_word' id='word_1_215' title='bbox 1475 2755 1591 2816; x_wconf 72' lang='lat' dir='ltr'><strong>Pa-</strong></span> 
     </span>
     <span class='ocr_line' id='line_1_40' title="bbox 596 2826 741 2863; baseline 0.007 -2"><span class='ocrx_word' id='word_1_216' title='bbox 596 2826 649 2861; x_wconf 71' lang='lat' dir='ltr'><strong>oc</strong></span> <span class='ocrx_word' id='word_1_217' title='bbox 682 2826 741 2863; x_wconf 78' lang='grc' dir='ltr'><strong>ω.</strong></span> 
     </span>
    </p>

    <p class='ocr_par' dir='ltr' id='par_1_10' title="bbox 595 2874 1594 3309">
     <span class='ocr_line' id='line_1_41' title="bbox 664 2874 1592 2939; baseline 0.003 -18"><span class='ocrx_word' id='word_1_218' title='bbox 664 2875 726 2921; x_wconf 84' lang='grc' dir='ltr'><strong>1η</strong></span> <span class='ocrx_word' id='word_1_219' title='bbox 745 2874 975 2922; x_wconf 82' lang='lat' dir='ltr'><strong>omnibus</strong></span> <span class='ocrx_word' id='word_1_220' title='bbox 989 2876 1106 2923; x_wconf 85' lang='lat' dir='ltr'><strong>aliis</strong></span> <span class='ocrx_word' id='word_1_221' title='bbox 1116 2874 1261 2935; x_wconf 81' lang='lat' dir='ltr'><strong>festis</strong></span> <span class='ocrx_word' id='word_1_222' title='bbox 1308 2890 1592 2939; x_wconf 81' lang='lat' dir='ltr'><strong>crannum,</strong></span> 
     </span>
     <span class='ocr_line' id='line_1_42' title="bbox 598 2935 1592 2997; baseline 0.004 -14"><span class='ocrx_word' id='word_1_223' title='bbox 598 2936 725 2983; x_wconf 80' lang='lat' dir='ltr'><strong>etin</strong></span> <span class='ocrx_word' id='word_1_224' title='bbox 744 2935 975 2983; x_wconf 81' lang='lat' dir='ltr'><strong>omnibus</strong></span> <span class='ocrx_word' id='word_1_225' title='bbox 1003 2935 1146 2997; x_wconf 78' lang='lat' dir='ltr'><strong>feriis</strong></span> <span class='ocrx_word' id='word_1_226' title='bbox 1163 2936 1226 2984; x_wconf 88' lang='lat' dir='ltr'><strong>ab</strong></span> <span class='ocrx_word' id='word_1_227' title='bbox 1324 2944 1361 2986; x_wconf 92' lang='lat' dir='ltr'><strong>t.</strong></span> <span class='ocrx_word' id='word_1_228' title='bbox 1381 2940 1592 2987; x_wconf 81' lang='lat' dir='ltr'><strong>Paschoe</strong></span> 
     </span>
     <span class='ocr_line' id='line_1_43' title="bbox 598 2997 1593 3060; baseline 0.006 -18"><span class='ocrx_word' id='word_1_229' title='bbox 598 3009 752 3058; x_wconf 83' lang='lat' dir='ltr'><strong>usque</strong></span> <span class='ocrx_word' id='word_1_230' title='bbox 784 2998 852 3044; x_wconf 83' lang='lat' dir='ltr'><strong>ad</strong></span> <span class='ocrx_word' id='word_1_231' title='bbox 873 2997 1024 3045; x_wconf 87' lang='lat' dir='ltr'><strong>Pent.</strong></span> <span class='ocrx_word' id='word_1_232' title='bbox 1058 3002 1106 3044; x_wconf 89' lang='lat' dir='ltr'><strong>et</strong></span> <span class='ocrx_word' id='word_1_233' title='bbox 1127 2997 1186 3044; x_wconf 88' lang='lat' dir='ltr'><strong>in</strong></span> <span class='ocrx_word' id='word_1_234' title='bbox 1225 2998 1335 3047; x_wconf 85' lang='lat' dir='ltr'><strong>Oct.</strong></span> <span class='ocrx_word' id='word_1_235' title='bbox 1371 3006 1421 3046; x_wconf 91' lang='lat' dir='ltr'><strong>et</strong></span> <span class='ocrx_word' id='word_1_236' title='bbox 1445 2999 1593 3060; x_wconf 84' lang='lat' dir='ltr'><strong>infra</strong></span> 
     </span>
     <span class='ocr_line' id='line_1_44' title="bbox 602 3058 1594 3122; baseline 0.003 -17"><span class='ocrx_word' id='word_1_237' title='bbox 602 3059 715 3106; x_wconf 90' lang='lat' dir='ltr'><strong>Oct.</strong></span> <span class='ocrx_word' id='word_1_238' title='bbox 738 3059 847 3106; x_wconf 86' lang='lat' dir='ltr'><strong>sine</strong></span> <span class='ocrx_word' id='word_1_239' title='bbox 863 3058 1104 3118; x_wconf 72' lang='lat' dir='ltr'><strong>reqimine</strong></span> <span class='ocrx_word' id='word_1_240' title='bbox 1115 3059 1279 3120; x_wconf 80' lang='lat' dir='ltr'><strong>chori,</strong></span> <span class='ocrx_word' id='word_1_241' title='bbox 1304 3065 1353 3108; x_wconf 88' lang='lat' dir='ltr'><strong>et</strong></span> <span class='ocrx_word' id='word_1_242' title='bbox 1371 3061 1430 3107; x_wconf 84' lang='lat' dir='ltr'><strong>in</strong></span> <span class='ocrx_word' id='word_1_243' title='bbox 1455 3061 1594 3122; x_wconf 74' lang='lat' dir='ltr'><strong>Viqi-</strong></span> 
     </span>
     <span class='ocr_line' id='line_1_45' title="bbox 598 3120 1589 3182; baseline 0.004 -14"><span class='ocrx_word' id='word_1_244' title='bbox 598 3120 683 3168; x_wconf 78' lang='lat' dir='ltr'><strong>liis</strong></span> <span class='ocrx_word' id='word_1_245' title='bbox 718 3120 834 3168; x_wconf 80' lang='lat' dir='ltr'><strong>Asc.</strong></span> <span class='ocrx_word' id='word_1_246' title='bbox 867 3126 918 3168; x_wconf 88' lang='lat' dir='ltr'><strong>et</strong></span> <span class='ocrx_word' id='word_1_247' title='bbox 948 3121 1097 3169; x_wconf 87' lang='lat' dir='ltr'><strong>Pent.</strong></span> <span class='ocrx_word' id='word_1_248' title='bbox 1137 3126 1189 3168; x_wconf 89' lang='lat' dir='ltr'><strong>et</strong></span> <span class='ocrx_word' id='word_1_249' title='bbox 1218 3120 1276 3167; x_wconf 87' lang='lat' dir='ltr'><strong>in</strong></span> <span class='ocrx_word' id='word_1_250' title='bbox 1316 3122 1427 3182; x_wconf 74' lang='lat' dir='ltr'><strong>Viy.</strong></span> <span class='ocrx_word' id='word_1_251' title='bbox 1468 3124 1589 3172; x_wconf 82' lang='lat' dir='ltr'><strong>Nat.</strong></span> 
     </span>
     <span class='ocr_line' id='line_1_46' title="bbox 597 3180 1593 3243; baseline 0.005 -14"><span class='ocrx_word' id='word_1_252' title='bbox 597 3182 708 3229; x_wconf 70' lang='lat' dir='ltr'><strong>Dm·</strong></span> <span class='ocrx_word' id='word_1_253' title='bbox 727 3187 776 3231; x_wconf 88' lang='lat' dir='ltr'><strong>et</strong></span> <span class='ocrx_word' id='word_1_254' title='bbox 789 3182 978 3243; x_wconf 81' lang='lat' dir='ltr'><strong>Epiph.</strong></span> <span class='ocrx_word' id='word_1_255' title='bbox 997 3180 1113 3230; x_wconf 77' lang='lat' dir='ltr'><strong>cum</strong></span> <span class='ocrx_word' id='word_1_256' title='bbox 1138 3188 1287 3231; x_wconf 73' lang='lat' dir='ltr'><strong>extra</strong></span> <span class='ocrx_word' id='word_1_257' title='bbox 1311 3183 1463 3232; x_wconf 88' lang='lat' dir='ltr'><strong>Dom.</strong></span> <span class='ocrx_word' id='word_1_258' title='bbox 1487 3196 1593 3233; x_wconf 80' lang='lat' dir='ltr'><strong>eve·</strong></span> 
     </span>
     <span class='ocr_line' id='line_1_47' title="bbox 595 3244 1590 3309; baseline 0.004 -17"><span class='ocrx_word' id='word_1_259' title='bbox 595 3244 1590 3309; x_wconf 71' lang='lat' dir='ltr'><strong>nerint,diciturhocCapAEsajceaeoeaeiij.</strong></span> 
     </span>
    </p>

    <p class='ocr_par' dir='ltr' id='par_1_11' title="bbox 576 3306 1590 3557">
     <span class='ocr_line' id='line_1_48' title="bbox 661 3306 1589 3369; baseline 0.004 -15"><span class='ocrx_word' id='word_1_260' title='bbox 661 3306 878 3354; x_wconf 86' lang='lat' dir='ltr'><strong>Domine</strong></span> <span class='ocrx_word' id='word_1_261' title='bbox 896 3307 1135 3355; x_wconf 89' lang='lat' dir='ltr'><strong>miserere</strong></span> <span class='ocrx_word' id='word_1_262' title='bbox 1166 3309 1350 3369; x_wconf 79' lang='lat' dir='ltr'><strong>nostri3</strong></span> <span class='ocrx_word' id='word_1_263' title='bbox 1381 3314 1428 3358; x_wconf 91' lang='lat' dir='ltr'><strong>te</strong></span> <span class='ocrx_word' id='word_1_264' title='bbox 1450 3310 1589 3358; x_wconf 85' lang='lat' dir='ltr'><strong>enim</strong></span> 
     </span>
     <span class='ocr_line' id='line_1_49' title="bbox 596 3368 1590 3430; baseline 0.005 -15"><span class='ocrx_word' id='word_1_265' title='bbox 596 3368 967 3430; x_wconf 75' lang='lat' dir='ltr'><strong>expectavimus</strong></span> <span class='ocrx_word' id='word_1_266' title='bbox 992 3384 1004 3417; x_wconf 74' lang='grc' dir='ltr'>ε</span> <span class='ocrx_word' id='word_1_267' title='bbox 1037 3375 1143 3418; x_wconf 88' lang='lat' dir='ltr'><strong>esto</strong></span> <span class='ocrx_word' id='word_1_268' title='bbox 1184 3370 1449 3419; x_wconf 83' lang='lat' dir='ltr'><strong>brachium</strong></span> <span class='ocrx_word' id='word_1_269' title='bbox 1499 3385 1590 3420; x_wconf 90' lang='lat' dir='ltr'><strong>no-</strong></span> 
     </span>
     <span class='ocr_line' id='line_1_50' title="bbox 595 3430 1588 3491; baseline 0.004 -13"><span class='ocrx_word' id='word_1_270' title='bbox 595 3435 761 3479; x_wconf 75' lang='lat' dir='ltr'><strong>strum</strong></span> <span class='ocrx_word' id='word_1_271' title='bbox 788 3430 841 3479; x_wconf 91' lang='lat' dir='ltr'><strong>in</strong></span> <span class='ocrx_word' id='word_1_272' title='bbox 870 3443 1044 3491; x_wconf 83' lang='lat' dir='ltr'><strong>mane,</strong></span> <span class='ocrx_word' id='word_1_273' title='bbox 1078 3438 1126 3480; x_wconf 86' lang='lat' dir='ltr'><strong>et</strong></span> <span class='ocrx_word' id='word_1_274' title='bbox 1157 3432 1297 3481; x_wconf 89' lang='lat' dir='ltr'><strong>salus</strong></span> <span class='ocrx_word' id='word_1_275' title='bbox 1328 3438 1499 3482; x_wconf 89' lang='lat' dir='ltr'><strong>nostra</strong></span> <span class='ocrx_word' id='word_1_276' title='bbox 1535 3434 1588 3483; x_wconf 91' lang='lat' dir='ltr'><strong>in</strong></span> 
     </span>
     <span class='ocr_line' id='line_1_51' title="bbox 576 3493 1459 3557; baseline 0.002 -17"><span class='ocrx_word' id='word_1_277' title='bbox 576 3497 819 3553; x_wconf 64' lang='lat' dir='ltr'><strong>‘tempore</strong></span> <span class='ocrx_word' id='word_1_278' title='bbox 833 3493 1193 3544; x_wconf 82' lang='lat' dir='ltr'><strong>tribulationis.</strong></span> <span class='ocrx_word' id='word_1_279' title='bbox 1217 3494 1339 3557; x_wconf 81' lang='lat' dir='ltr'><strong>[Deo</strong></span> <span class='ocrx_word' id='word_1_280' title='bbox 1361 3495 1459 3556; x_wconf 58' lang='grc' dir='ltr'><strong>ειη]</strong></span> 
     </span>
    </p>
   </div>
   <div class='ocr_carea' id='block_1_3' title="bbox 1679 465 2696 3555">
    <p class='ocr_par' dir='ltr' id='par_1_12' title="bbox 1679 465 2684 716">
     <span class='ocr_line' id='line_1_52' title="bbox 1743 465 2684 529; baseline 0.001 -12"><span class='ocrx_word' id='word_1_281' title='bbox 1743 468 1809 517; x_wconf 81' lang='lat' dir='ltr'><strong>In</strong></span> <span class='ocrx_word' id='word_1_282' title='bbox 1826 465 2058 518; x_wconf 78' lang='lat' dir='ltr'><strong>omnibus</strong></span> <span class='ocrx_word' id='word_1_283' title='bbox 2068 467 2187 516; x_wconf 77' lang='lat' dir='ltr'><strong>aliis</strong></span> <span class='ocrx_word' id='word_1_284' title='bbox 2209 466 2353 528; x_wconf 76' lang='lat' dir='ltr'><strong>seriis</strong></span> <span class='ocrx_word' id='word_1_285' title='bbox 2364 480 2460 529; x_wconf 78' lang='lat' dir='ltr'><strong>per</strong></span> <span class='ocrx_word' id='word_1_286' title='bbox 2482 469 2616 518; x_wconf 68' lang='grc' dir='ltr'><strong>Δάν.</strong></span> <span class='ocrx_word' id='word_1_287' title='bbox 2633 475 2684 518; x_wconf 83' lang='lat' dir='ltr'><strong>et</strong></span> 
     </span>
     <span class='ocr_line' id='line_1_53' title="bbox 1679 530 2681 592; baseline -0.001 -11"><span class='ocrx_word' id='word_1_288' title='bbox 1679 530 1715 581; x_wconf 79' lang='grc' dir='ltr'><em>ὰ</em></span> <span class='ocrx_word' id='word_1_289' title='bbox 1747 532 1858 580; x_wconf 74' lang='lat' dir='ltr'><strong>Due</strong></span> <span class='ocrx_word' id='word_1_290' title='bbox 1893 543 1955 579; x_wconf 90' lang='lat' dir='ltr'><strong>ne</strong></span> <span class='ocrx_word' id='word_1_291' title='bbox 1983 531 2038 578; x_wconf 92' lang='lat' dir='ltr'><strong>in</strong></span> <span class='ocrx_word' id='word_1_292' title='bbox 2075 530 2153 579; x_wconf 82' lang='lat' dir='ltr'><strong>ira</strong></span> <span class='ocrx_word' id='word_1_293' title='bbox 2179 543 2333 592; x_wconf 80' lang='lat' dir='ltr'><strong>usque</strong></span> <span class='ocrx_word' id='word_1_294' title='bbox 2367 531 2437 578; x_wconf 86' lang='lat' dir='ltr'><strong>ad</strong></span> <span class='ocrx_word' id='word_1_295' title='bbox 2469 530 2681 580; x_wconf 83' lang='lat' dir='ltr'><strong>Coenam</strong></span> 
     </span>
     <span class='ocr_line' id='line_1_54' title="bbox 1680 592 2684 654; baseline -0.001 -12"><span class='ocrx_word' id='word_1_296' title='bbox 1680 593 1818 651; x_wconf 67' lang='lat' dir='ltr'><strong>Dm,</strong></span> <span class='ocrx_word' id='word_1_297' title='bbox 1850 597 1901 641; x_wconf 83' lang='lat' dir='ltr'><strong>et</strong></span> <span class='ocrx_word' id='word_1_298' title='bbox 1932 592 1968 641; x_wconf 80' lang='grc' dir='ltr'><em>ὰ</em></span> <span class='ocrx_word' id='word_1_299' title='bbox 1994 593 2130 640; x_wconf 87' lang='lat' dir='ltr'><strong>Deus</strong></span> <span class='ocrx_word' id='word_1_300' title='bbox 2162 592 2397 639; x_wconf 89' lang='lat' dir='ltr'><strong>omnium</strong></span> <span class='ocrx_word' id='word_1_301' title='bbox 2430 605 2586 654; x_wconf 80' lang='lat' dir='ltr'><strong>usquc</strong></span> <span class='ocrx_word' id='word_1_302' title='bbox 2611 596 2684 641; x_wconf 81' lang='lat' dir='ltr'><strong>ad</strong></span> 
     </span>
     <span class='ocr_line' id='line_1_55' title="bbox 1681 652 2684 716; baseline -0.001 -13"><span class='ocrx_word' id='word_1_303' title='bbox 1681 656 1814 703; x_wconf 82' lang='lat' dir='ltr'><strong>Adv.</strong></span> <span class='ocrx_word' id='word_1_304' title='bbox 1839 655 2114 716; x_wconf 84' lang='lat' dir='ltr'><strong>quandode</strong></span> <span class='ocrx_word' id='word_1_305' title='bbox 2127 652 2261 713; x_wconf 72' lang='lat' dir='ltr'><strong>feria</strong></span> <span class='ocrx_word' id='word_1_306' title='bbox 2276 654 2469 716; x_wconf 73' lang='lat' dir='ltr'><strong>ayitur,</strong></span> <span class='ocrx_word' id='word_1_307' title='bbox 2490 655 2684 702; x_wconf 61' lang='lat' dir='ltr'><strong>dicitur</strong></span> 
     </span>
    </p>

    <p class='ocr_par' dir='ltr' id='par_1_13' title="bbox 1904 715 2458 777">
     <span class='ocr_line' id='line_1_56' title="bbox 1904 715 2458 777; baseline 0.002 -13"><span class='ocrx_word' id='word_1_308' title='bbox 1904 716 2033 777; x_wconf 84' lang='lat' dir='ltr'><strong>Cap.</strong></span> <span class='ocrx_word' id='word_1_309' title='bbox 2060 715 2321 763; x_wconf 63' lang='lat' dir='ltr'><strong>Zacharia»</strong></span> <span class='ocrx_word' id='word_1_310' title='bbox 2339 715 2458 775; x_wconf 80' lang='lat' dir='ltr'><strong>viij.</strong></span> 
     </span>
    </p>

    <p class='ocr_par' dir='ltr' id='par_1_14' title="bbox 1682 776 2686 901">
     <span class='ocr_line' id='line_1_57' title="bbox 1743 776 2686 838; baseline 0 -13"><span class='ocrx_word' id='word_1_311' title='bbox 1743 776 1926 826; x_wconf 80' lang='lat' dir='ltr'><strong>Pacem</strong></span> <span class='ocrx_word' id='word_1_312' title='bbox 1964 783 2014 825; x_wconf 85' lang='lat' dir='ltr'><strong>et</strong></span> <span class='ocrx_word' id='word_1_313' title='bbox 2048 777 2312 825; x_wconf 83' lang='lat' dir='ltr'><strong>veritatem</strong></span> <span class='ocrx_word' id='word_1_314' title='bbox 2345 777 2566 838; x_wconf 86' lang='lat' dir='ltr'><strong>diligite,</strong></span> <span class='ocrx_word' id='word_1_315' title='bbox 2611 778 2686 827; x_wconf 80' lang='lat' dir='ltr'><strong>ait</strong></span> 
     </span>
     <span class='ocr_line' id='line_1_58' title="bbox 1682 837 2423 901; baseline -0.003 -13"><span class='ocrx_word' id='word_1_316' title='bbox 1682 839 1793 888; x_wconf 76' lang='lat' dir='ltr'><strong>Diis</strong></span> <span class='ocrx_word' id='word_1_317' title='bbox 1811 839 2147 898; x_wconf 85' lang='lat' dir='ltr'><strong>omnipotens.</strong></span> <span class='ocrx_word' id='word_1_318' title='bbox 2181 838 2303 900; x_wconf 81' lang='lat' dir='ltr'><strong>[Deo</strong></span> <span class='ocrx_word' id='word_1_319' title='bbox 2327 837 2423 901; x_wconf 66' lang='lat' dir='ltr'><strong>gn]</strong></span> 
     </span>
    </p>

    <p class='ocr_par' dir='ltr' id='par_1_15' title="bbox 1680 901 2689 1134">
     <span class='ocr_line' id='line_1_59' title="bbox 1747 901 2682 972; baseline 0 -23"><span class='ocrx_word' id='word_1_320' title='bbox 1747 902 1819 949; x_wconf 86' lang='lat' dir='ltr'><strong>Et</strong></span> <span class='ocrx_word' id='word_1_321' title='bbox 1828 902 2226 972; x_wconf 80' lang='lat' dir='ltr'><strong>quandocunque</strong></span> <span class='ocrx_word' id='word_1_322' title='bbox 2242 901 2430 948; x_wconf 87' lang='lat' dir='ltr'><strong>dicitur</strong></span> <span class='ocrx_word' id='word_1_323' title='bbox 2444 901 2533 947; x_wconf 73' lang='lat' dir='ltr'><strong>hoc</strong></span> <span class='ocrx_word' id='word_1_324' title='bbox 2540 913 2682 962; x_wconf 79' lang='lat' dir='ltr'><strong>proe-</strong></span> 
     </span>
     <span class='ocr_line' id='line_1_60' title="bbox 1681 960 2686 1024; baseline -0.001 -13"><span class='ocrx_word' id='word_1_325' title='bbox 1681 962 1876 1011; x_wconf 80' lang='lat' dir='ltr'><strong>dictum</strong></span> <span class='ocrx_word' id='word_1_326' title='bbox 1892 963 2018 1023; x_wconf 86' lang='lat' dir='ltr'><strong>Cap.</strong></span> <span class='ocrx_word' id='word_1_327' title='bbox 2031 963 2101 1010; x_wconf 87' lang='lat' dir='ltr'><strong>ad</strong></span> <span class='ocrx_word' id='word_1_328' title='bbox 2114 976 2142 1023; x_wconf 81' lang='lat' dir='ltr'><em>J</em></span> <span class='ocrx_word' id='word_1_329' title='bbox 2166 962 2250 1024; x_wconf 86' lang='lat' dir='ltr'><strong>[ad</strong></span> <span class='ocrx_word' id='word_1_330' title='bbox 2264 960 2541 1023; x_wconf 80' lang='lat' dir='ltr'><strong>PrimamJ,</strong></span> <span class='ocrx_word' id='word_1_331' title='bbox 2559 966 2686 1010; x_wconf 85' lang='lat' dir='ltr'><strong>tunc</strong></span> 
     </span>
     <span class='ocr_line' id='line_1_61' title="bbox 1680 1023 2689 1084; baseline 0.003 -14"><span class='ocrx_word' id='word_1_332' title='bbox 1680 1023 1814 1083; x_wconf 82' lang='lat' dir='ltr'><strong>fiant</strong></span> <span class='ocrx_word' id='word_1_333' title='bbox 1846 1025 2028 1073; x_wconf 79' lang='lat' dir='ltr'><strong>Preces</strong></span> <span class='ocrx_word' id='word_1_334' title='bbox 2069 1037 2185 1072; x_wconf 88' lang='lat' dir='ltr'><strong>cum</strong></span> <span class='ocrx_word' id='word_1_335' title='bbox 2215 1024 2564 1084; x_wconf 82' lang='lat' dir='ltr'><strong>prostratione</strong></span> <span class='ocrx_word' id='word_1_336' title='bbox 2613 1026 2689 1073; x_wconf 81' lang='lat' dir='ltr'><strong>ad</strong></span> 
     </span>
     <span class='ocr_line' id='line_1_62' title="bbox 1682 1087 2051 1134; baseline 0 0"><span class='ocrx_word' id='word_1_337' title='bbox 1682 1098 1856 1134; x_wconf 81' lang='lat' dir='ltr'><strong>omnes</strong></span> <span class='ocrx_word' id='word_1_338' title='bbox 1882 1087 2051 1134; x_wconf 80' lang='lat' dir='ltr'><strong>horas.</strong></span> 
     </span>
    </p>

    <p class='ocr_par' dir='ltr' id='par_1_16' title="bbox 1683 1146 2692 1579">
     <span class='ocr_line' id='line_1_63' title="bbox 1745 1146 2682 1210; baseline 0 -14"><span class='ocrx_word' id='word_1_339' title='bbox 1745 1159 1811 1210; x_wconf 70' lang='lat'><strong>132.</strong></span> <span class='ocrx_word' id='word_1_340' title='bbox 1846 1147 1968 1196; x_wconf 83' lang='lat' dir='ltr'><strong>Jesu</strong></span> <span class='ocrx_word' id='word_1_341' title='bbox 2015 1148 2214 1197; x_wconf 86' lang='lat' dir='ltr'><strong>Christe</strong></span> <span class='ocrx_word' id='word_1_342' title='bbox 2259 1146 2359 1195; x_wconf 87' lang='lat' dir='ltr'><strong>Fili</strong></span> <span class='ocrx_word' id='word_1_343' title='bbox 2405 1147 2497 1195; x_wconf 87' lang='lat' dir='ltr'><strong>Dei</strong></span> <span class='ocrx_word' id='word_1_344' title='bbox 2529 1148 2637 1196; x_wconf 76' lang='lat' dir='ltr'><strong>vivi</strong></span> <span class='ocrx_word' id='word_1_345' title='bbox 2668 1164 2682 1196; x_wconf 72' lang='grc' dir='ltr'><strong>ε</strong></span> 
     </span>
     <span class='ocr_line' id='line_1_64' title="bbox 1683 1209 2686 1271; baseline -0.002 -11"><span class='ocrx_word' id='word_1_346' title='bbox 1683 1209 1929 1260; x_wconf 87' lang='lat' dir='ltr'><strong>Miserere</strong></span> <span class='ocrx_word' id='word_1_347' title='bbox 1956 1211 2119 1258; x_wconf 88' lang='lat' dir='ltr'><strong>nobis.</strong></span> <span class='ocrx_word' id='word_1_348' title='bbox 2169 1209 2316 1271; x_wconf 86' lang='lat' dir='ltr'><strong>[Jesu</strong></span> <span class='ocrx_word' id='word_1_349' title='bbox 2349 1209 2550 1257; x_wconf 81' lang='lat' dir='ltr'><strong>Christe</strong></span> <span class='ocrx_word' id='word_1_350' title='bbox 2583 1209 2686 1258; x_wconf 87' lang='lat' dir='ltr'><strong>Fili</strong></span> 
     </span>
     <span class='ocr_line' id='line_1_65' title="bbox 1685 1269 2689 1332; baseline 0.001 -13"><span class='ocrx_word' id='word_1_351' title='bbox 1685 1271 1775 1320; x_wconf 87' lang='lat' dir='ltr'><strong>Dei</strong></span> <span class='ocrx_word' id='word_1_352' title='bbox 1814 1272 1945 1330; x_wconf 84' lang='lat' dir='ltr'><strong>vivi,</strong></span> <span class='ocrx_word' id='word_1_353' title='bbox 1986 1271 2225 1321; x_wconf 86' lang='lat' dir='ltr'><strong>miserere</strong></span> <span class='ocrx_word' id='word_1_354' title='bbox 2264 1271 2425 1318; x_wconf 86' lang='lat' dir='ltr'><strong>nobiS.</strong></span> <span class='ocrx_word' id='word_1_355' title='bbox 2488 1269 2548 1329; x_wconf 57' lang='grc' dir='ltr'><strong>ψ.</strong></span> <span class='ocrx_word' id='word_1_356' title='bbox 2579 1271 2689 1332; x_wconf 87' lang='lat' dir='ltr'><strong>Qui</strong></span> 
     </span>
     <span class='ocr_line' id='line_1_66' title="bbox 1684 1333 2690 1383; baseline 0.002 -2"><span class='ocrx_word' id='word_1_357' title='bbox 1684 1334 1828 1382; x_wconf 83' lang='lat' dir='ltr'><strong>sedes</strong></span> <span class='ocrx_word' id='word_1_358' title='bbox 1858 1334 1921 1382; x_wconf 88' lang='lat' dir='ltr'><strong>ad</strong></span> <span class='ocrx_word' id='word_1_359' title='bbox 1948 1335 2202 1382; x_wconf 83' lang='lat' dir='ltr'><strong>dexteram</strong></span> <span class='ocrx_word' id='word_1_360' title='bbox 2230 1333 2417 1382; x_wconf 75' lang='lat' dir='ltr'><strong>Patris,</strong></span> <span class='ocrx_word' id='word_1_361' title='bbox 2499 1334 2690 1383; x_wconf 88' lang='lat' dir='ltr'><strong>iserere</strong></span> 
     </span>
     <span class='ocr_line' id='line_1_67' title="bbox 1693 1394 2692 1457; baseline 0.002 -15"><span class='ocrx_word' id='word_1_362' title='bbox 1693 1394 1871 1456; x_wconf 88' lang='lat' dir='ltr'><strong>[nobis]</strong></span> <span class='ocrx_word' id='word_1_363' title='bbox 1883 1431 1895 1443; x_wconf 90' lang='lat'><strong>.</strong></span> <span class='ocrx_word' id='word_1_364' title='bbox 1910 1395 2082 1443; x_wconf 89' lang='lat' dir='ltr'><strong>Gloria</strong></span> <span class='ocrx_word' id='word_1_365' title='bbox 2098 1396 2238 1444; x_wconf 84' lang='lat' dir='ltr'><strong>Patri</strong></span> <span class='ocrx_word' id='word_1_366' title='bbox 2263 1394 2327 1457; x_wconf 89' lang='lat' dir='ltr'><strong>[et</strong></span> <span class='ocrx_word' id='word_1_367' title='bbox 2342 1394 2490 1453; x_wconf 80' lang='lat' dir='ltr'><strong>Filio,</strong></span> <span class='ocrx_word' id='word_1_368' title='bbox 2515 1398 2563 1443; x_wconf 87' lang='lat' dir='ltr'><strong>et</strong></span> <span class='ocrx_word' id='word_1_369' title='bbox 2579 1395 2692 1454; x_wconf 85' lang='lat' dir='ltr'><strong>Spi-</strong></span> 
     </span>
     <span class='ocr_line' id='line_1_68' title="bbox 1686 1456 2691 1518; baseline 0.002 -14"><span class='ocrx_word' id='word_1_370' title='bbox 1686 1457 1810 1505; x_wconf 91' lang='lat' dir='ltr'><strong>ritui</strong></span> <span class='ocrx_word' id='word_1_371' title='bbox 1864 1457 2099 1518; x_wconf 86' lang='lat' dir='ltr'><strong>Sancto].</strong></span> <span class='ocrx_word' id='word_1_372' title='bbox 2142 1458 2263 1505; x_wconf 83' lang='lat' dir='ltr'><strong>Jesu</strong></span> <span class='ocrx_word' id='word_1_373' title='bbox 2313 1456 2539 1517; x_wconf 88' lang='lat' dir='ltr'><strong>[Christe</strong></span> <span class='ocrx_word' id='word_1_374' title='bbox 2584 1456 2691 1507; x_wconf 89' lang='lat' dir='ltr'><strong>Fili</strong></span> 
     </span>
     <span class='ocr_line' id='line_1_69' title="bbox 1684 1517 2417 1579; baseline 0 -13"><span class='ocrx_word' id='word_1_375' title='bbox 1684 1519 1778 1568; x_wconf 89' lang='lat' dir='ltr'><strong>Dei</strong></span> <span class='ocrx_word' id='word_1_376' title='bbox 1807 1519 1936 1578; x_wconf 80' lang='lat' dir='ltr'><strong>vivi,</strong></span> <span class='ocrx_word' id='word_1_377' title='bbox 1962 1520 2200 1567; x_wconf 86' lang='lat' dir='ltr'><strong>miserere</strong></span> <span class='ocrx_word' id='word_1_378' title='bbox 2229 1517 2417 1579; x_wconf 82' lang='lat' dir='ltr'><strong>nohis].</strong></span> 
     </span>
    </p>

    <p class='ocr_par' dir='ltr' id='par_1_17' title="bbox 1681 1578 2694 2261">
     <span class='ocr_line' id='line_1_70' title="bbox 1748 1578 2691 1641; baseline 0.001 -14"><span class='ocrx_word' id='word_1_379' title='bbox 1748 1580 1848 1628; x_wconf 86' lang='lat' dir='ltr'><strong>Iste</strong></span> <span class='ocrx_word' id='word_1_380' title='bbox 1866 1592 2069 1641; x_wconf 80' lang='lat' dir='ltr'><strong>versus,</strong></span> <span class='ocrx_word' id='word_1_381' title='bbox 2088 1594 2159 1629; x_wconf 88' lang='lat' dir='ltr'><strong>sc.</strong></span> <span class='ocrx_word' id='word_1_382' title='bbox 2182 1581 2286 1641; x_wconf 86' lang='lat' dir='ltr'><strong>Qui</strong></span> <span class='ocrx_word' id='word_1_383' title='bbox 2304 1581 2471 1639; x_wconf 51' lang='lat' dir='ltr'><strong>sedes,</strong></span> <span class='ocrx_word' id='word_1_384' title='bbox 2495 1578 2691 1628; x_wconf 83' lang='lat' dir='ltr'><strong>dicitur</strong></span> 
     </span>
     <span class='ocr_line' id='line_1_71' title="bbox 1681 1641 2691 1703; baseline 0.002 -14"><span class='ocrx_word' id='word_1_385' title='bbox 1681 1655 1776 1702; x_wconf 82' lang='lat' dir='ltr'><strong>per</strong></span> <span class='ocrx_word' id='word_1_386' title='bbox 1809 1647 1971 1689; x_wconf 88' lang='lat' dir='ltr'><strong>totum</strong></span> <span class='ocrx_word' id='word_1_387' title='bbox 2004 1655 2205 1689; x_wconf 85' lang='lat' dir='ltr'><strong>annum</strong></span> <span class='ocrx_word' id='word_1_388' title='bbox 2237 1647 2358 1703; x_wconf 83' lang='lat' dir='ltr'><strong>post</strong></span> <span class='ocrx_word' id='word_1_389' title='bbox 2379 1641 2691 1703; x_wconf 72' lang='lat' dir='ltr'><strong>pradictum</strong></span> 
     </span>
     <span class='ocr_line' id='line_1_72' title="bbox 1685 1702 2690 1764; baseline 0.003 -14"><span class='ocrx_word' id='word_1_390' title='bbox 1685 1714 1750 1764; x_wconf 77' lang='lat'><strong>132.</strong></span> <span class='ocrx_word' id='word_1_391' title='bbox 1780 1704 1884 1750; x_wconf 82' lang='lat' dir='ltr'><strong>nisi</strong></span> <span class='ocrx_word' id='word_1_392' title='bbox 1911 1704 1970 1750; x_wconf 85' lang='lat' dir='ltr'><strong>in</strong></span> <span class='ocrx_word' id='word_1_393' title='bbox 1995 1705 2074 1751; x_wconf 79' lang='lat' dir='ltr'><strong>die</strong></span> <span class='ocrx_word' id='word_1_394' title='bbox 2107 1704 2229 1753; x_wconf 88' lang='lat' dir='ltr'><strong>Nat.</strong></span> <span class='ocrx_word' id='word_1_395' title='bbox 2256 1704 2397 1761; x_wconf 65' lang='lat' dir='ltr'><strong>Dm,</strong></span> <span class='ocrx_word' id='word_1_396' title='bbox 2419 1708 2469 1751; x_wconf 86' lang='lat' dir='ltr'><strong>et</strong></span> <span class='ocrx_word' id='word_1_397' title='bbox 2503 1702 2690 1753; x_wconf 77' lang='lat' dir='ltr'><strong>abhinc</strong></span> 
     </span>
     <span class='ocr_line' id='line_1_73' title="bbox 1686 1763 2691 1826; baseline 0.002 -14"><span class='ocrx_word' id='word_1_398' title='bbox 1686 1778 1842 1826; x_wconf 71' lang='lat' dir='ltr'><strong>usque</strong></span> <span class='ocrx_word' id='word_1_399' title='bbox 1859 1765 1917 1812; x_wconf 87' lang='lat' dir='ltr'><strong>in</strong></span> <span class='ocrx_word' id='word_1_400' title='bbox 1933 1765 2219 1813; x_wconf 84' lang='lat' dir='ltr'><strong>crastinum</strong></span> <span class='ocrx_word' id='word_1_401' title='bbox 2235 1764 2413 1825; x_wconf 74' lang='lat' dir='ltr'><strong>Puris.</strong></span> <span class='ocrx_word' id='word_1_402' title='bbox 2438 1771 2488 1814; x_wconf 86' lang='lat' dir='ltr'><strong>et</strong></span> <span class='ocrx_word' id='word_1_403' title='bbox 2505 1763 2540 1813; x_wconf 86' lang='grc' dir='ltr'><em>ὰ</em></span> <span class='ocrx_word' id='word_1_404' title='bbox 2559 1766 2691 1814; x_wconf 80' lang='lat' dir='ltr'><strong>Pas·</strong></span> 
     </span>
     <span class='ocr_line' id='line_1_74' title="bbox 1685 1827 2694 1887; baseline 0.003 -14"><span class='ocrx_word' id='word_1_405' title='bbox 1685 1827 1824 1875; x_wconf 86' lang='lat' dir='ltr'><strong>sione</strong></span> <span class='ocrx_word' id='word_1_406' title='bbox 1864 1827 1974 1874; x_wconf 67' lang='lat' dir='ltr'><strong>Dm·</strong></span> <span class='ocrx_word' id='word_1_407' title='bbox 2015 1840 2169 1887; x_wconf 82' lang='lat' dir='ltr'><strong>usque</strong></span> <span class='ocrx_word' id='word_1_408' title='bbox 2205 1828 2275 1875; x_wconf 83' lang='lat' dir='ltr'><strong>ad</strong></span> <span class='ocrx_word' id='word_1_409' title='bbox 2310 1830 2425 1875; x_wconf 81' lang='lat' dir='ltr'><strong>Asc.</strong></span> <span class='ocrx_word' id='word_1_410' title='bbox 2467 1827 2605 1884; x_wconf 64' lang='lat' dir='ltr'><strong>Dm,</strong></span> <span class='ocrx_word' id='word_1_411' title='bbox 2639 1835 2694 1877; x_wconf 81' lang='lat' dir='ltr'><strong>et</strong></span> 
     </span>
     <span class='ocr_line' id='line_1_75' title="bbox 1686 1888 2688 2013; baseline 0.002 -16"><span class='ocrx_word' id='word_1_412' title='bbox 1686 1888 2257 2000; x_wconf 60' lang='lat' dir='ltr'><strong>2²{“;.?.²3⁰3.‘¹⁰F2².⁶55‘35</strong></span> <span class='ocrx_word' id='word_1_413' title='bbox 2280 1889 2688 2013; x_wconf 42' lang='lat' dir='ltr'><strong>densitatis.</strong></span> 
     </span>
     <span class='ocr_line' id='line_1_76' title="bbox 1689 2011 2692 2074; baseline 0.001 -14"><span class='ocrx_word' id='word_1_414' title='bbox 1689 2012 1895 2073; x_wconf 77' lang='lat' dir='ltr'><strong>Christi,</strong></span> <span class='ocrx_word' id='word_1_415' title='bbox 1920 2013 2123 2073; x_wconf 83' lang='lat' dir='ltr'><strong>quando</strong></span> <span class='ocrx_word' id='word_1_416' title='bbox 2158 2014 2217 2060; x_wconf 84' lang='lat' dir='ltr'><strong>de</strong></span> <span class='ocrx_word' id='word_1_417' title='bbox 2257 2014 2367 2061; x_wconf 86' lang='lat' dir='ltr'><strong>Oct.</strong></span> <span class='ocrx_word' id='word_1_418' title='bbox 2390 2011 2451 2074; x_wconf 75' lang='lat' dir='ltr'><strong>fit</strong></span> <span class='ocrx_word' id='word_1_419' title='bbox 2478 2025 2609 2061; x_wconf 78' lang='lat' dir='ltr'><strong>serv.</strong></span> <span class='ocrx_word' id='word_1_420' title='bbox 2637 2021 2692 2062; x_wconf 78' lang='lat' dir='ltr'><strong>et</strong></span> 
     </span>
     <span class='ocr_line' id='line_1_77' title="bbox 1686 2074 2688 2135; baseline 0.003 -15"><span class='ocrx_word' id='word_1_421' title='bbox 1686 2074 1791 2121; x_wconf 82' lang='lat' dir='ltr'><strong>nisi</strong></span> <span class='ocrx_word' id='word_1_422' title='bbox 1812 2075 1870 2121; x_wconf 89' lang='lat' dir='ltr'><strong>in</strong></span> <span class='ocrx_word' id='word_1_423' title='bbox 1909 2075 2059 2123; x_wconf 86' lang='lat' dir='ltr'><strong>Festo</strong></span> <span class='ocrx_word' id='word_1_424' title='bbox 2090 2074 2344 2135; x_wconf 72' lang='lat' dir='ltr'><strong>Transfiq.</strong></span> <span class='ocrx_word' id='word_1_425' title='bbox 2382 2079 2432 2122; x_wconf 88' lang='lat' dir='ltr'><strong>et</strong></span> <span class='ocrx_word' id='word_1_426' title='bbox 2449 2074 2508 2121; x_wconf 85' lang='lat' dir='ltr'><strong>in</strong></span> <span class='ocrx_word' id='word_1_427' title='bbox 2534 2075 2688 2124; x_wconf 81' lang='lat' dir='ltr'><strong>Festo</strong></span> 
     </span>
     <span class='ocr_line' id='line_1_78' title="bbox 1685 2136 2684 2198; baseline 0.002 -14"><span class='ocrx_word' id='word_1_428' title='bbox 1685 2140 1739 2184; x_wconf 82' lang='lat' dir='ltr'><strong>et</strong></span> <span class='ocrx_word' id='word_1_429' title='bbox 1749 2149 1845 2196; x_wconf 84' lang='lat' dir='ltr'><strong>per</strong></span> <span class='ocrx_word' id='word_1_430' title='bbox 1877 2137 1971 2184; x_wconf 89' lang='lat' dir='ltr'><strong>Oct</strong></span> <span class='ocrx_word' id='word_1_431' title='bbox 1984 2136 2207 2183; x_wconf 85' lang='lat' dir='ltr'><strong>nominis</strong></span> <span class='ocrx_word' id='word_1_432' title='bbox 2227 2137 2375 2195; x_wconf 63' lang='grc' dir='ltr'><em>ἄθεα,</em></span> <span class='ocrx_word' id='word_1_433' title='bbox 2400 2137 2605 2198; x_wconf 79' lang='lat' dir='ltr'><strong>quando</strong></span> <span class='ocrx_word' id='word_1_434' title='bbox 2621 2139 2684 2186; x_wconf 84' lang='lat' dir='ltr'><strong>de</strong></span> 
     </span>
     <span class='ocr_line' id='line_1_79' title="bbox 1685 2197 2178 2261; baseline 0.004 -16"><span class='ocrx_word' id='word_1_435' title='bbox 1685 2198 1812 2259; x_wconf 82' lang='lat' dir='ltr'><strong>ipsis</strong></span> <span class='ocrx_word' id='word_1_436' title='bbox 1839 2197 1947 2247; x_wconf 87' lang='lat' dir='ltr'><strong>Oct.</strong></span> <span class='ocrx_word' id='word_1_437' title='bbox 1969 2197 2030 2261; x_wconf 76' lang='lat' dir='ltr'><strong>fit</strong></span> <span class='ocrx_word' id='word_1_438' title='bbox 2047 2209 2178 2247; x_wconf 78' lang='lat' dir='ltr'><strong>serv.</strong></span> 
     </span>
    </p>

    <p class='ocr_par' dir='ltr' id='par_1_18' title="bbox 1685 2259 2688 2432">
     <span class='ocr_line' id='line_1_80' title="bbox 1750 2259 2688 2322; baseline 0 -13"><span class='ocrx_word' id='word_1_439' title='bbox 1750 2261 1987 2322; x_wconf 81' lang='lat' dir='ltr'><strong>Sequitur</strong></span> <span class='ocrx_word' id='word_1_440' title='bbox 2012 2259 2073 2320; x_wconf 55' lang='lat' dir='ltr'><strong>V.</strong></span> <span class='ocrx_word' id='word_1_441' title='bbox 2097 2261 2299 2321; x_wconf 84' lang='lat' dir='ltr'><strong>Exurge</strong></span> <span class='ocrx_word' id='word_1_442' title='bbox 2326 2261 2464 2318; x_wconf 72' lang='lat' dir='ltr'><strong>Dr‘ie,</strong></span> <span class='ocrx_word' id='word_1_443' title='bbox 2499 2260 2688 2319; x_wconf 71' lang='lat' dir='ltr'><strong>adjuva</strong></span> 
     </span>
     <span class='ocr_line' id='line_1_81' title="bbox 1689 2323 2686 2383; baseline 0.003 -13"><span class='ocrx_word' id='word_1_444' title='bbox 1689 2335 1799 2370; x_wconf 79' lang='lat' dir='ltr'><strong>nOS.</strong></span> <span class='ocrx_word' id='word_1_445' title='bbox 1823 2335 1886 2383; x_wconf 79' lang='lat'>13²·</span> <span class='ocrx_word' id='word_1_446' title='bbox 1904 2323 1967 2371; x_wconf 89' lang='lat' dir='ltr'><strong>Et</strong></span> <span class='ocrx_word' id='word_1_447' title='bbox 1984 2323 2141 2372; x_wconf 85' lang='lat' dir='ltr'><strong>libera</strong></span> <span class='ocrx_word' id='word_1_448' title='bbox 2164 2335 2256 2371; x_wconf 93' lang='lat' dir='ltr'><strong>nos</strong></span> <span class='ocrx_word' id='word_1_449' title='bbox 2273 2327 2472 2382; x_wconf 81' lang='lat' dir='ltr'><strong>propter</strong></span> <span class='ocrx_word' id='word_1_450' title='bbox 2496 2335 2686 2373; x_wconf 85' lang='lat' dir='ltr'><strong>nomen</strong></span> 
     </span>
     <span class='ocr_line' id='line_1_82' title="bbox 1685 2389 1853 2432; baseline -0.006 0"><span class='ocrx_word' id='word_1_451' title='bbox 1685 2389 1853 2432; x_wconf 87' lang='lat' dir='ltr'><strong>tuum.</strong></span> 
     </span>
    </p>

    <p class='ocr_par' dir='ltr' id='par_1_19' title="bbox 1686 2445 2690 2555">
     <span class='ocr_line' id='line_1_83' title="bbox 1749 2445 2690 2554; baseline 0.004 -61"><span class='ocrx_word' id='word_1_452' title='bbox 1749 2446 1833 2554; x_wconf 55' lang='grc' dir='ltr'><strong>1Ξῖῐὲ</strong></span> <span class='ocrx_word' id='word_1_453' title='bbox 1835 2446 1911 2493; x_wconf 80' lang='lat' dir='ltr'><strong>his</strong></span> <span class='ocrx_word' id='word_1_454' title='bbox 1928 2446 2077 2494; x_wconf 79' lang='lat' dir='ltr'><strong>dictis</strong></span> <span class='ocrx_word' id='word_1_455' title='bbox 2097 2451 2377 2508; x_wconf 78' lang='lat' dir='ltr'><strong>sequuntur</strong></span> <span class='ocrx_word' id='word_1_456' title='bbox 2392 2445 2578 2495; x_wconf 76' lang='lat' dir='ltr'><strong>Preces</strong></span> <span class='ocrx_word' id='word_1_457' title='bbox 2596 2447 2690 2497; x_wconf 77' lang='lat' dir='ltr'><strong>hoc</strong></span> 
     </span>
     <span class='ocr_line' id='line_1_84' title="bbox 1686 2519 1867 2555; baseline -0.011 0"><span class='ocrx_word' id='word_1_458' title='bbox 1686 2519 1769 2555; x_wconf 85' lang='lat' dir='ltr'><strong>mo</strong></span> <span class='ocrx_word' id='word_1_459' title='bbox 1852 2525 1867 2553; x_wconf 88' lang='lat'><strong>.·</strong></span> 
     </span>
    </p>

    <p class='ocr_par' dir='ltr' id='par_1_20' title="bbox 1687 2567 2694 2692">
     <span class='ocr_line' id='line_1_85' title="bbox 1750 2567 2694 2639; baseline 0.005 -23"><span class='ocrx_word' id='word_1_460' title='bbox 1750 2568 1909 2639; x_wconf 64' lang='lat' dir='ltr'><strong>Kyrie</strong></span> <span class='ocrx_word' id='word_1_461' title='bbox 1956 2569 2161 2618; x_wconf 89' lang='lat' dir='ltr'><strong>eleison.</strong></span> <span class='ocrx_word' id='word_1_462' title='bbox 2200 2569 2264 2630; x_wconf 85' lang='lat' dir='ltr'><strong>iij</strong></span> <span class='ocrx_word' id='word_1_463' title='bbox 2309 2567 2447 2639; x_wconf 59' lang='lat' dir='ltr'><strong>[tei-J.</strong></span> <span class='ocrx_word' id='word_1_464' title='bbox 2487 2568 2694 2621; x_wconf 83' lang='lat' dir='ltr'><strong>Christe</strong></span> 
     </span>
     <span class='ocr_line' id='line_1_86' title="bbox 1687 2629 2507 2692; baseline 0 -13"><span class='ocrx_word' id='word_1_465' title='bbox 1687 2631 1892 2679; x_wconf 78' lang='lat' dir='ltr'><strong>eleison.</strong></span> <span class='ocrx_word' id='word_1_466' title='bbox 1919 2630 1999 2692; x_wconf 85' lang='lat' dir='ltr'><strong>iij.</strong></span> <span class='ocrx_word' id='word_1_467' title='bbox 2026 2632 2186 2692; x_wconf 71' lang='lat' dir='ltr'><strong>Kyrie</strong></span> <span class='ocrx_word' id='word_1_468' title='bbox 2202 2630 2406 2680; x_wconf 86' lang='lat' dir='ltr'><strong>eleison.</strong></span> <span class='ocrx_word' id='word_1_469' title='bbox 2426 2629 2507 2691; x_wconf 73' lang='lat' dir='ltr'><strong>iiJ‘.</strong></span> 
     </span>
    </p>

    <p class='ocr_par' dir='ltr' id='par_1_21' title="bbox 1687 2693 2693 2865">
     <span class='ocr_line' id='line_1_87' title="bbox 1750 2693 2693 2743; baseline 0.002 -2"><span class='ocrx_word' id='word_1_470' title='bbox 1750 2693 1900 2741; x_wconf 87' lang='lat' dir='ltr'><strong>Pater</strong></span> <span class='ocrx_word' id='word_1_471' title='bbox 1932 2699 2117 2742; x_wconf 89' lang='lat' dir='ltr'><strong>noster.</strong></span> <span class='ocrx_word' id='word_1_472' title='bbox 2166 2693 2231 2742; x_wconf 88' lang='lat' dir='ltr'><strong>Et</strong></span> <span class='ocrx_word' id='word_1_473' title='bbox 2256 2705 2319 2740; x_wconf 89' lang='lat' dir='ltr'><strong>ne</strong></span> <span class='ocrx_word' id='word_1_474' title='bbox 2348 2703 2443 2739; x_wconf 87' lang='lat' dir='ltr'><strong>nos</strong></span> <span class='ocrx_word' id='word_1_475' title='bbox 2473 2693 2693 2743; x_wconf 79' lang='lat' dir='ltr'><strong>inducas</strong></span> 
     </span>
     <span class='ocr_line' id='line_1_88' title="bbox 1689 2753 2693 2864; baseline 0.002 -61"><span class='ocrx_word' id='word_1_476' title='bbox 1689 2755 1744 2803; x_wconf 94' lang='lat' dir='ltr'><strong>in</strong></span> <span class='ocrx_word' id='word_1_477' title='bbox 1777 2756 2130 2864; x_wconf 84' lang='lat' dir='ltr'><strong>ltentationem.</strong></span> <span class='ocrx_word' id='word_1_478' title='bbox 2175 2754 2270 2804; x_wconf 87' lang='lat' dir='ltr'><strong>Sed</strong></span> <span class='ocrx_word' id='word_1_479' title='bbox 2318 2753 2476 2803; x_wconf 84' lang='lat' dir='ltr'><strong>libera</strong></span> <span class='ocrx_word' id='word_1_480' title='bbox 2527 2767 2623 2805; x_wconf 84' lang='lat' dir='ltr'><strong>nos</strong></span> <span class='ocrx_word' id='word_1_481' title='bbox 2659 2768 2693 2804; x_wconf 70' lang='lat' dir='ltr'><strong>a</strong></span> 
     </span>
     <span class='ocr_line' id='line_1_89' title="bbox 1687 2828 1842 2865; baseline -0.006 0"><span class='ocrx_word' id='word_1_482' title='bbox 1687 2828 1772 2865; x_wconf 86' lang='lat' dir='ltr'><strong>ma</strong></span> <span class='ocrx_word' id='word_1_483' title='bbox 1794 2828 1842 2864; x_wconf 91' lang='lat' dir='ltr'><strong>o.</strong></span> 
     </span>
    </p>

    <p class='ocr_par' dir='ltr' id='par_1_22' title="bbox 1684 2876 2696 3000">
     <span class='ocr_line' id='line_1_90' title="bbox 1752 2876 2696 2936; baseline 0.002 -10"><span class='ocrx_word' id='word_1_484' title='bbox 1752 2878 1901 2926; x_wconf 84' lang='lat' dir='ltr'><strong>Vivet</strong></span> <span class='ocrx_word' id='word_1_485' title='bbox 1914 2877 2086 2926; x_wconf 88' lang='lat' dir='ltr'><strong>anima</strong></span> <span class='ocrx_word' id='word_1_486' title='bbox 2098 2890 2228 2936; x_wconf 86' lang='lat' dir='ltr'><strong>mea,</strong></span> <span class='ocrx_word' id='word_1_487' title='bbox 2241 2882 2288 2926; x_wconf 90' lang='lat' dir='ltr'><strong>et</strong></span> <span class='ocrx_word' id='word_1_488' title='bbox 2298 2876 2525 2925; x_wconf 82' lang='lat' dir='ltr'><strong>laudabit</strong></span> <span class='ocrx_word' id='word_1_489' title='bbox 2536 2882 2605 2927; x_wconf 89' lang='lat' dir='ltr'><strong>te.</strong></span> <span class='ocrx_word' id='word_1_490' title='bbox 2624 2877 2696 2928; x_wconf 86' lang='lat' dir='ltr'><strong>Et</strong></span> 
     </span>
     <span class='ocr_line' id='line_1_91' title="bbox 1684 2938 2447 3000; baseline 0 -13"><span class='ocrx_word' id='word_1_491' title='bbox 1684 2938 1882 2999; x_wconf 77' lang='lat' dir='ltr'><strong>judicia</strong></span> <span class='ocrx_word' id='word_1_492' title='bbox 1906 2944 1994 2987; x_wconf 86' lang='lat' dir='ltr'><strong>tua</strong></span> <span class='ocrx_word' id='word_1_493' title='bbox 2010 2940 2327 3000; x_wconf 72' lang='lat' dir='ltr'><strong>adiuvabant</strong></span> <span class='ocrx_word' id='word_1_494' title='bbox 2347 2951 2447 2987; x_wconf 89' lang='lat' dir='ltr'><strong>me.</strong></span> 
     </span>
    </p>

    <p class='ocr_par' dir='ltr' id='par_1_23' title="bbox 1689 3001 2695 3173">
     <span class='ocr_line' id='line_1_92' title="bbox 1751 3001 2693 3060; baseline 0.003 -12"><span class='ocrx_word' id='word_1_495' title='bbox 1751 3001 1933 3049; x_wconf 80' lang='lat' dir='ltr'><strong>Erravi</strong></span> <span class='ocrx_word' id='word_1_496' title='bbox 1990 3002 2124 3049; x_wconf 85' lang='lat' dir='ltr'><strong>sicut</strong></span> <span class='ocrx_word' id='word_1_497' title='bbox 2178 3002 2289 3049; x_wconf 79' lang='lat' dir='ltr'><strong>ovis</strong></span> <span class='ocrx_word' id='word_1_498' title='bbox 2347 3012 2460 3060; x_wconf 82' lang='lat' dir='ltr'><strong>quae</strong></span> <span class='ocrx_word' id='word_1_499' title='bbox 2519 3001 2693 3059; x_wconf 86' lang='lat' dir='ltr'><strong>periit.</strong></span> 
     </span>
     <span class='ocr_line' id='line_1_93' title="bbox 1690 3061 2695 3123; baseline 0.004 -14"><span class='ocrx_word' id='word_1_500' title='bbox 1690 3061 1873 3123; x_wconf 80' lang='lat' dir='ltr'><strong>Quaere</strong></span> <span class='ocrx_word' id='word_1_501' title='bbox 1922 3075 2128 3111; x_wconf 86' lang='lat' dir='ltr'><strong>servum</strong></span> <span class='ocrx_word' id='word_1_502' title='bbox 2175 3068 2323 3111; x_wconf 91' lang='lat' dir='ltr'><strong>tuum</strong></span> <span class='ocrx_word' id='word_1_503' title='bbox 2377 3062 2517 3121; x_wconf 73' lang='lat' dir='ltr'><strong>Due,</strong></span> <span class='ocrx_word' id='word_1_504' title='bbox 2566 3064 2695 3123; x_wconf 75' lang='lat' dir='ltr'><strong>quia</strong></span> 
     </span>
     <span class='ocr_line' id='line_1_94' title="bbox 1689 3124 2534 3173; baseline -0.002 0"><span class='ocrx_word' id='word_1_505' title='bbox 1689 3125 1928 3173; x_wconf 85' lang='lat' dir='ltr'><strong>mandata</strong></span> <span class='ocrx_word' id='word_1_506' title='bbox 1955 3129 2041 3172; x_wconf 86' lang='lat' dir='ltr'><strong>tua</strong></span> <span class='ocrx_word' id='word_1_507' title='bbox 2062 3138 2159 3173; x_wconf 89' lang='lat' dir='ltr'><strong>non</strong></span> <span class='ocrx_word' id='word_1_508' title='bbox 2185 3137 2299 3172; x_wconf 91' lang='lat' dir='ltr'><strong>sum</strong></span> <span class='ocrx_word' id='word_1_509' title='bbox 2328 3124 2534 3171; x_wconf 78' lang='lat' dir='ltr'><strong>oblitus·</strong></span> 
     </span>
    </p>

    <p class='ocr_par' dir='ltr' id='par_1_24' title="bbox 1688 3185 2694 3297">
     <span class='ocr_line' id='line_1_95' title="bbox 1752 3185 2694 3235; baseline 0 0"><span class='ocrx_word' id='word_1_510' title='bbox 1752 3185 1911 3235; x_wconf 90' lang='lat' dir='ltr'><strong>Credo</strong></span> <span class='ocrx_word' id='word_1_511' title='bbox 1937 3187 1989 3234; x_wconf 92' lang='lat' dir='ltr'><strong>in</strong></span> <span class='ocrx_word' id='word_1_512' title='bbox 2015 3187 2201 3235; x_wconf 89' lang='lat' dir='ltr'><strong>Deum.</strong></span> <span class='ocrx_word' id='word_1_513' title='bbox 2223 3186 2405 3235; x_wconf 81' lang='lat' dir='ltr'><strong>Carnis</strong></span> <span class='ocrx_word' id='word_1_514' title='bbox 2434 3197 2694 3235; x_wconf 71' lang='lat' dir='ltr'><strong>resurree-</strong></span> 
     </span>
     <span class='ocr_line' id='line_1_96' title="bbox 1688 3248 2670 3297; baseline 0 -1"><span class='ocrx_word' id='word_1_515' title='bbox 1688 3248 1898 3297; x_wconf 88' lang='lat' dir='ltr'><strong>tionem.</strong></span> <span class='ocrx_word' id='word_1_516' title='bbox 1917 3248 1981 3297; x_wconf 88' lang='lat' dir='ltr'><strong>Et</strong></span> <span class='ocrx_word' id='word_1_517' title='bbox 1996 3249 2156 3297; x_wconf 87' lang='lat' dir='ltr'><strong>vitam</strong></span> <span class='ocrx_word' id='word_1_518' title='bbox 2185 3253 2446 3297; x_wconf 78' lang='lat' dir='ltr'><strong>aeternam.</strong></span> <span class='ocrx_word' id='word_1_519' title='bbox 2473 3248 2670 3296; x_wconf 79' lang='lat' dir='ltr'><strong>Amen.</strong></span> 
     </span>
    </p>

    <p class='ocr_par' dir='ltr' id='par_1_25' title="bbox 1688 3309 2696 3484">
     <span class='ocr_line' id='line_1_97' title="bbox 1750 3309 2696 3369; baseline 0.001 -11"><span class='ocrx_word' id='word_1_520' title='bbox 1750 3310 2022 3369; x_wconf 85' lang='lat' dir='ltr'><strong>Repleatur</strong></span> <span class='ocrx_word' id='word_1_521' title='bbox 2038 3323 2095 3359; x_wconf 91' lang='lat' dir='ltr'><strong>os</strong></span> <span class='ocrx_word' id='word_1_522' title='bbox 2110 3322 2283 3358; x_wconf 85' lang='lat' dir='ltr'><strong>meum</strong></span> <span class='ocrx_word' id='word_1_523' title='bbox 2301 3309 2467 3357; x_wconf 87' lang='lat' dir='ltr'><strong>laude.</strong></span> <span class='ocrx_word' id='word_1_524' title='bbox 2484 3310 2554 3358; x_wconf 89' lang='lat' dir='ltr'><strong>Ut</strong></span> <span class='ocrx_word' id='word_1_525' title='bbox 2575 3321 2696 3359; x_wconf 84' lang='lat' dir='ltr'><strong>can-</strong></span> 
     </span>
     <span class='ocr_line' id='line_1_98' title="bbox 1688 3371 2694 3432; baseline 0 -12"><span class='ocrx_word' id='word_1_526' title='bbox 1688 3375 1792 3420; x_wconf 86' lang='lat' dir='ltr'><strong>tem</strong></span> <span class='ocrx_word' id='word_1_527' title='bbox 1814 3373 2027 3432; x_wconf 82' lang='lat' dir='ltr'><strong>gloriam</strong></span> <span class='ocrx_word' id='word_1_528' title='bbox 2054 3377 2225 3432; x_wconf 84' lang='lat' dir='ltr'><strong>tuam,</strong></span> <span class='ocrx_word' id='word_1_529' title='bbox 2251 3376 2353 3419; x_wconf 87' lang='lat' dir='ltr'><strong>tota</strong></span> <span class='ocrx_word' id='word_1_530' title='bbox 2378 3371 2462 3420; x_wconf 90' lang='lat' dir='ltr'><strong>die</strong></span> <span class='ocrx_word' id='word_1_531' title='bbox 2493 3372 2694 3432; x_wconf 81' lang='lat' dir='ltr'><strong>magni-</strong></span> 
     </span>
     <span class='ocr_line' id='line_1_99' title="bbox 1688 3433 2101 3484; baseline -0.007 0"><span class='ocrx_word' id='word_1_532' title='bbox 1688 3433 1919 3484; x_wconf 82' lang='lat' dir='ltr'><strong>tudinem</strong></span> <span class='ocrx_word' id='word_1_533' title='bbox 1939 3438 2101 3481; x_wconf 88' lang='lat' dir='ltr'><strong>tuam.</strong></span> 
     </span>
    </p>

    <p class='ocr_par' dir='ltr' id='par_1_26' title="bbox 1752 3493 2693 3555">
     <span class='ocr_line' id='line_1_100' title="bbox 1752 3493 2693 3555; baseline 0 -12"><span class='ocrx_word' id='word_1_534' title='bbox 1752 3494 1889 3555; x_wconf 74' lang='lat' dir='ltr'><strong>Due,</strong></span> <span class='ocrx_word' id='word_1_535' title='bbox 1922 3500 2089 3544; x_wconf 83' lang='lat' dir='ltr'><strong>averte</strong></span> <span class='ocrx_word' id='word_1_536' title='bbox 2132 3493 2309 3542; x_wconf 77' lang='lat' dir='ltr'><strong>faciem</strong></span> <span class='ocrx_word' id='word_1_537' title='bbox 2341 3497 2486 3542; x_wconf 82' lang='lat' dir='ltr'><strong>tuam</strong></span> <span class='ocrx_word' id='word_1_538' title='bbox 2514 3506 2544 3543; x_wconf 81' lang='lat' dir='ltr'><strong>a</strong></span> <span class='ocrx_word' id='word_1_539' title='bbox 2579 3506 2693 3553; x_wconf 81' lang='lat' dir='ltr'><strong>pec-</strong></span> 
     </span>
    </p>
   </div>
   <div class='ocr_carea' id='block_1_4' title="bbox 1853 4111 2793 4331">
    <p class='ocr_par' dir='ltr' id='par_1_27' title="bbox 1853 4111 2793 4331">
     <span class='ocr_line' id='line_1_101' title="bbox 1853 4111 2793 4331; baseline 0 126"><span class='ocrx_word' id='word_1_540' title='bbox 1853 4111 2793 4331; x_wconf 95' lang='lat' dir='ltr'><strong> </strong></span> 
     </span>
    </p>
   </div>
  </div>
 </body>
</html>
