2910 4457
640 369 747 458 [22
1228 406 1500 450 sonuum
1541 405 1788 458 nummu
1828 405 2141 448 contrusus.

1402 521 1646 570 Psalmus
1667 519 1849 570 Venite
1871 534 1885 569 t

694 599 762 648 Ut
797 604 918 650 ante
958 597 1244 650 Nocturuos
1282 599 1487 648 cantari
1517 600 1596 648 vel
1633 599 1839 648 recitari
1880 596 2048 656 debet,
2085 596 2195 645 und
2232 609 2348 647 eum
2392 596 2695 645 Invitatorio

624 667 675 711 et
694 661 985 712 Invitatorii
1006 661 1214 710 dimidio
1232 662 1514 710 Dominicis
1539 665 1660 722 post
1688 661 1899 710 Festum
1930 659 2025 709 SS.
2068 659 2215 708 Trin.
2254 673 2410 723 usque
2437 660 2508 708 ad
2538 659 2692 708 Dom,

628 723 862 773 Calendis
882 724 946 773 Se
986 730 1023 773 t.
1049 724 1350 785 proximam
1369 723 1784 782 inser-tuentibus,
1810 724 1917 770 suis
1938 722 2058 771 locis
2074 722 2300 771 insertis.

685 786 801 833 Inv.
824 738 1114 836 Laucssmus
1148 785 1325 835 Jesum
1359 784 1620 836 Christum
1659 802 1672 837 :
1710 785 1843 846 Quia
1879 786 1985 845 ipse
2016 789 2092 835 est
2124 784 2429 845 Redemptor
2457 782 2695 832 omnium

622 848 945 897 saeculorum.
2427 847 2694 906 Psalmus.

624 909 871 1021 Venite,
894 910 1176 960 exultemus
1204 910 1449 969 Domine,
1482 908 1762 969 jubilemus
1790 909 1894 958 Deo
1915 907 2125 957 salutari
2147 911 2320 957 nostro
2346 920 2698 969 :praeoccupe-

713 984 831 1020 mus
849 972 1025 1021 faciem
1047 974 1158 1034 ejus
1179 974 1233 1021 in
1256 972 1582 1031 consessione,
1607 971 1730 1020 etin
1755 970 1964 1033 psalmis
1982 970 2263 1031 iubilemus
2283 970 2347 1020 ei.
2657 1025 2667 1036 ,

679 1033 969 1083 Laudemus
986 1035 1161 1083 Jesum
1185 1035 1441 1084 Christum
1453 1052 1467 1082 :
1479 1034 1599 1096 quia
1613 1035 1719 1095 ipse
1736 1039 1812 1082 est
1822 1034 2124 1093 Redemptor
2134 1033 2361 1081 omnium
2376 1031 2694 1081 soeculorum.

679 1095 939 1156 Quoniam
960 1097 1097 1145 Deus
1111 1109 1333 1157 magnus
1348 1097 1474 1155 Diffi,
1489 1101 1538 1145 et
1556 1096 1661 1145 Rex
1678 1109 1901 1157 magnus
1914 1107 2064 1154 super
2084 1107 2263 1144 omnes
2281 1096 2401 1144 deos
2419 1111 2430 1142 :
2449 1094 2695 1155 quoniam

620 1170 723 1207 non
748 1158 949 1219 repellet
968 1159 1078 1207 Diis
1102 1160 1295 1219 plebem
1316 1171 1483 1217 suam,
1506 1161 1626 1219 quia
1647 1158 1700 1206 in
1724 1159 2017 1219 manuejus
2036 1163 2159 1207 sunt
2178 1170 2355 1208 omnoe
2378 1163 2503 1205 lines
2524 1162 2692 1219 terrm,

618 1227 669 1271 et
688 1220 983 1269 altitudines
1004 1220 1257 1271 montium
1281 1221 1386 1282 ipse
1402 1220 1665 1282 conspicit.

680 1282 823 1404 guia
841 1283 949 1343 ipse
972 1288 1048 1330 est
1068 1283 1371 1346 Redemptor
1387 1283 1617 1331 omnium
1637 1282 1954 1331 saeculorum.

727 1344 1109 1404 uoniamipsius
1129 1351 1204 1395 est
1220 1359 1378 1407 mare,
1395 1351 1443 1394 et
1460 1344 1566 1405 ipse
1582 1345 1695 1394 feeit
1710 1345 1853 1405 illud;
1871 1349 1920 1392 et
1935 1342 2129 1392 aridam
2152 1342 2495 1393 fundaverunt
2507 1356 2697 1393 manus

616 1406 729 1466 elus
752 1417 766 1452 t
795 1406 962 1455 venite
993 1408 1263 1457 adoremus
1293 1413 1341 1457 et
1373 1407 1696 1468 procidamus
1717 1413 1833 1455 ante
1853 1407 2043 1465 Deum,
2071 1405 2327 1465 ploremus
2356 1418 2526 1455 coram
2558 1407 2692 1464 Dim,

615 1467 707 1529 qui
742 1468 857 1517 fecit
888 1481 1003 1528 nos3
1042 1470 1163 1529 quia
1185 1470 1292 1531 ipse
1312 1476 1385 1520 ost
1406 1470 1517 1519 Diis
1537 1470 1673 1519 Deus
1699 1475 1893 1528 noster,
1922 1479 2012 1516 nos
2033 1473 2203 1517 autem
2226 1468 2441 1529 populus
2476 1469 2607 1530 eiuS,
2645 1473 2695 1517 et

614 1542 964 1641 ovisagffiaez
972 1542 1170 1641 effljum
1187 1594 1442 1642 Christum
1451 1611 1466 1639 .-
1480 1593 1601 1666 quia
1610 1594 1717 1655 ipse
1725 1599 1802 1641 est
1815 1591 2114 1652 Redemptor
2128 1591 2358 1639 omnium
2376 1591 2690 1640 soeculorum.

681 1654 844 1703 Hodie
881 1654 926 1704 si
957 1667 1128 1704 vocem
1161 1658 1274 1718 ejus
1304 1654 1592 1713 audieritis,
1627 1656 1782 1703 nolite
1800 1655 2049 1703 obdurare
2078 1654 2228 1702 corda
2261 1659 2451 1713 vestra,
2479 1653 2610 1702 sicut
2636 1654 2688 1702 in

616 1716 1006 1775 exacerbatione,
1038 1719 1318 1767 seeundum
1341 1717 1477 1766 diem
1502 1716 1790 1765 tentationis
1814 1717 1867 1764 in
1889 1717 2084 1765 deserto
2108 1731 2121 1764 ε
2146 1715 2234 1765 ubi
2255 1721 2579 1766 tentaverunt
2608 1728 2690 1765 me

614 1782 781 1837 patres
801 1778 974 1837 vestri,
1001 1780 1355 1838 probaverunt,
1383 1784 1431 1827 et
1462 1778 1700 1827 viderunt
1720 1791 1867 1838 opera
1888 1790 2018 1826 mea.

762 1840 816 1887 ia
834 1840 941 1900 ipse
961 1845 1037 1887 est
1055 1840 1357 1902 Redemptor
1371 1841 1600 1888 omnium
1621 1841 1937 1889 saeculorum.

729 1900 1031 1962 uadraginta
1051 1903 1204 1951 annis
1227 1900 1489 1962 proximus
1520 1901 1595 1950 sui
1631 1901 1942 1963 generationi
1976 1900 2113 1963 huic,
2153 1907 2203 1952 et
2233 1900 2363 1961 dixi,
2391 1901 2599 1963 Semper
2633 1900 2687 1950 hi

612 1969 784 2013 errant
805 1966 953 2013 corde
976 1979 989 2013 τ
1014 1963 1111 2024 ipsi
1133 1977 1250 2013 vero
1272 1977 1373 2013 non
1397 1970 1741 2025 cognoverunt
1765 1965 1873 2014 vias
1904 1978 2068 2015 meas:
2104 1965 2295 2027 quibus
2324 1963 2496 2026 juravi
2526 1965 2579 2013 in
2611 1964 2687 2013 ira

614 2037 725 2074 mea
742 2062 756 2085 ,
781 2026 835 2075 Si
856 2024 1141 2075 introibunt
1159 2025 1213 2075 in
1237 2026 1464 2088 requiem
1488 2038 1673 2076 meam.
1916 2043 1924 2051 ’

671 2087 960 2137 Laudemus
972 2089 1147 2136 Jesum
1183 2090 1439 2138 Christum
1452 2108 1467 2136 :
1482 2090 1601 2150 quia
1614 2090 1722 2150 ipse
1731 2094 1807 2137 est
1815 2089 2113 2151 Redemptor
2122 2090 2350 2138 omnium
2371 2088 2686 2137 saeculorum.

673 2149 848 2200 Gloria
870 2151 1032 2207 Patri,
1046 2156 1095 2200 et
1109 2150 1259 2211 Filio,
1279 2156 1326 2201 et
1348 2151 1563 2212 Spiritui
1583 2152 1798 2202 Sancto:
1822 2151 1962 2201 Sicut
1981 2156 2087 2201 erat
2107 2150 2162 2201 in
2186 2151 2454 2213 principio,
2477 2156 2526 2199 et
2547 2163 2689 2200 nunc

618 2215 668 2261 et
689 2225 903 2273 semper,
925 2212 1047 2262 etin
1070 2215 1252 2265 saecula
1277 2216 1597 2273 saeculorum,
1621 2213 1809 2264 Amen.

679 2276 815 2335 Quia
835 2277 942 2337 ipse
964 2281 1037 2324 est
1056 2277 1360 2337 Redemptor
1379 2276 1610 2324 omnium
1630 2277 1946 2326 saeculorum.

672 2337 1152 2387 Laudemus-Iesum
1168 2338 1450 2390 Christum:
1462 2340 1581 2399 quia
1593 2339 1698 2398 ipse
1709 2344 1784 2387 est
1795 2339 2101 2399 Redemptor
2114 2340 2347 2389 omnium
2362 2338 2685 2389 saeculorum.

673 2440 706 2489 ‘ll
728 2432 914 2481 Diebus
935 2434 1214 2482 Dominicis
1236 2440 1287 2483 et
1296 2435 1463 2483 Festis
1484 2435 1846 2483 Invitatorium
1858 2439 1908 2482 et
1922 2435 2225 2497 Antiphonoe
2239 2437 2309 2484 ad
2322 2436 2626 2486 Benedictus
2642 2442 2691 2484 et

612 2495 926 2557 Magnificat,
954 2495 1170 2544 sabbato
1200 2497 1320 2544 Arva
1339 2498 1409 2546 ad
1421 2499 1621 2556 Magn„
1648 2509 1842 2557 semper
1861 2497 1917 2543 in
1940 2497 2151 2557 Proprio
2180 2498 2242 2546 de
2262 2499 2507 2557 Tempore
2526 2499 2603 2546 vel
2624 2499 2689 2547 de

564 2606 579 2612 ,
611 2557 826 2616 Sanctis,
849 2558 927 2605 vel
954 2557 1012 2605 iu
1033 2556 1308 2606 Communi
1346 2559 1408 2607 Sa
1416 2563 1646 2606 notorum
1664 2595 1678 2618 ,
1714 2559 1985 2619 quoerenda
2014 2564 2154 2606 sunt.
2193 2558 2480 2606 Ferialibus
2515 2565 2689 2609 autem

609 2619 797 2685 diebus,
817 2622 1022 2681 quaudo
1039 2633 1147 2668 non
1161 2620 1410 2669 habentur
1421 2620 1663 2681 propria,
1693 2632 1803 2681 quae
1823 2632 2017 2680 semper
2046 2620 2104 2666 in
2126 2621 2336 2680 Proprio
2358 2622 2420 2669 de
2439 2622 2688 2682 Tempore

608 2683 879 2746 quoerenda
899 2688 1049 2742 sunt,
1070 2683 1313 2732 dicuntur
1341 2696 1400 2731 ea
1419 2695 1528 2744 quoe
1544 2683 1599 2730 in
1619 2681 1873 2730 Psalterio
1887 2682 1991 2729 suis
2008 2682 2126 2730 locis
2138 2683 2491 2732 inveniuntur.
2506 2685 2688 2733 Oratio

607 2744 725 2793 verd
735 2745 970 2807 proprio,
986 2751 1036 2793 et
1043 2746 1297 2794 Lectiones
1310 2758 1425 2793 cum
1438 2744 1787 2807 Responsoriis
1806 2744 1931 2803 suis,
1952 2757 2145 2805 semper
2158 2745 2216 2791 in
2230 2746 2442 2805 Proprio
2462 2747 2524 2796 de
2539 2747 2688 2796 Tem-

608 2819 729 2867 pore
741 2808 820 2856 vel
840 2808 902 2856 de
922 2807 1137 2869 Sanctis,
1155 2808 1303 2856 velin
1324 2807 1599 2857 Communi
1620 2808 1922 2857 Sanctorum
1935 2842 1949 2866 ‚
1971 2808 2242 2869 quaerenda
2260 2812 2401 2857 sunt.

1300 2904 1595 2965 Symbolum
1629 2903 1992 2966 Apostolicum.

608 2962 809 3075 credo
841 2963 894 3010 in
917 2964 1082 3012 Deum
1110 2965 1316 3013 Patrem
1346 2966 1771 3025 omnipotentem,
1817 2965 2103 3015 Creatorem
2134 2965 2245 3014 coeli
2268 2971 2316 3015 et
2347 2970 2512 3014 terrai.
2535 2964 2601 3014 Et
2627 2966 2683 3016 in

688 3025 863 3075 Jesum
879 3024 1138 3074 Christum
1155 3026 1342 3074 Filium
1360 3028 1473 3087 ejus
1484 3026 1711 3087 unicum,
1729 3027 2006 3076 Dominum
2025 3033 2256 3077 nostrum
2276 3027 2392 3088 :qui
2409 3034 2685 3088 conceptus

602 3092 678 3137 ωε
699 3087 760 3136 de
787 3086 981 3146 Spiritu
1009 3087 1217 3145 Senem,
1244 3093 1394 3136 natus
1425 3102 1483 3138 ex
1519 3089 1683 3138 Maria
1716 3090 1947 3150 Virgine,
1972 3103 2152 3150 passus
2172 3093 2267 3140 sub
2291 3090 2471 3139 Pontio
2493 3089 2681 3152 Pilato,

604 3149 1158 3208 crucifixus-mortuus
1177 3154 1225 3199 et
1239 3150 1466 3208 sepultus
1483 3166 1496 3200 z
1512 3152 1768 3200 deseendit
1782 3154 1843 3201 ad
1860 3152 1911 3200 in
1919 3152 2057 3201 ferna
2078 3169 2089 3201 :
2108 3152 2251 3202 tertia
2267 3152 2347 3203 die
2366 3153 2640 3201 resurrexit
2652 3167 2684 3203 a

602 3211 853 3261 mortuis:
877 3212 1102 3261 ascendit
1122 3213 1182 3261 ad
1207 3212 1388 3261 coelos:
1420 3214 1559 3262 sedet
1591 3213 1654 3262 ad
1684 3215 1937 3263 dexteram
1972 3215 2062 3264 Dei
2084 3215 2252 3264 Patris
2280 3214 2642 3274 omnipotentis
2668 3231 2682 3264 ε

602 3274 720 3324 inde
740 3278 987 3322 venturus
1007 3280 1081 3323 est
1110 3273 1338 3335 judicare
1360 3274 1501 3325 vivos
1522 3281 1570 3325 et
1601 3282 1843 3325 mortuos,
1867 3277 2026 3326 Credo
2047 3278 2099 3325 in
2137 3278 2384 3338 Spiritum
2406 3276 2678 3340 Sanctum3

601 3340 831 3386 sanctam
865 3337 1139 3386 Ecclesiam
1163 3336 1503 3400 Catholicam;
1539 3339 1841 3389 Sanctorum
1862 3340 2300 3399 communionem,
2325 3339 2678 3392 remissionem

603 3404 939 3459 peccatorum,
964 3399 1146 3449 Carnis
1170 3401 1608 3461 resurrectionem,
1624 3407 1672 3451 et
1693 3400 1849 3452 vitam
1874 3406 2134 3461 aeternam,
2160 3404 2347 3452 Amen.
