2910 4457
680 436 748 489 cii
1469 439 1543 480 m:
1570 441 1802 479 rnormo
1826 439 1902 478 m:
2440 420 2594 490 [mn.
2623 440 2709 475 ET

748 595 803 651 p.
828 580 866 643 l,
889 574 925 631 l.
955 578 1038 642 1⁷,
1062 582 1183 645 post
1204 578 1237 604 ‘⁴
1258 571 1605 626 notavimus.''
1639 570 1811 624 adde:
1850 575 1883 600 ‘⁶
1901 568 1970 622 In
1997 567 2263 637 Legendis
2286 576 2468 621 autem
2494 568 2702 622 Sarisb.

678 685 725 737 p.
750 668 811 719 lii
834 664 1154 725 memoratis,
1178 660 1370 714 omissa
1403 667 1519 711 tam
1554 657 1791 728 Symboli
1825 655 1991 726 quam
2025 654 2371 707 Salutationis
2402 656 2706 717 mentione,

673 754 903 822 legitur:
941 754 1104 820 “post
1146 748 1307 800 Pater
1341 755 1520 798 noster
1555 754 1675 796 ante
1712 743 1949 795 lectiones
1986 743 2127 795 dicat
2165 741 2420 794 Sacerdos
2453 752 2706 794 executor

683 840 867 909 Officii
891 841 951 891 in
975 833 1248 890 audientid
1273 834 1348 886 Et
1369 851 1437 887 ne
1465 850 1573 885 nos.
1597 833 1670 886 R.
1699 830 1805 885 Sed
1826 831 2038 884 libera.'’

748 945 802 997 p.
826 928 884 991 li,
906 927 942 979 1.
973 929 1056 989 16,
1080 941 1173 993 pro
1198 927 1230 953 “
1253 922 1338 974 De
1362 920 1664 973 invitatorio
1688 926 1867 972 autem
1904 919 2016 987 ipso
2042 917 2452 986 disputationem
2488 916 2557 969 ad
2581 917 2702 969 Ad-

679 1015 854 1068 denda
877 1009 1217 1082 relegamus.’'
1244 1009 1440 1062 scribe:

751 1119 835 1171 De
871 1115 1170 1170 invitatorio
1205 1121 1386 1166 autem
1420 1113 1536 1180 ipso
1571 1108 1887 1172 notandum,
1920 1125 1987 1162 ex
2020 1108 2124 1161 hac
2158 1107 2372 1161 demum
2408 1108 2699 1161 insertione

679 1206 886 1258 facilius
919 1201 1172 1272 explicari
1207 1216 1354 1269 posse
1388 1199 1682 1251 locutiones
1717 1197 1773 1249 in
1798 1194 2115 1249 calendario
2152 1197 2250 1249 διο.
2287 1196 2484 1259 obvias»,
2507 1196 2699 1247 “invi-

682 1292 928 1344 tatorium
949 1285 1214 1358 simplex?
1239 1289 1273 1316 ‘¹
1293 1287 1396 1338 inv.
1425 1283 1662 1354 duplex‚''
1689 1291 1743 1336 et
1765 1286 1799 1312 ‘⁴
1817 1283 1919 1334 inv.
1948 1281 2199 1352 tn‘plex”;
2234 1281 2300 1335 de
2324 1283 2516 1352 quibus
2539 1282 2701 1334 nobis

680 1377 895 1448 quidem
918 1376 998 1429 ita
1021 1373 1363 1427 statuendum
1387 1371 1598 1424 videtur
1623 1391 1634 1421 ε

755 1470 801 1518 1.
829 1464 1041 1535 quando
1074 1464 1177 1514 inv.
1212 1459 1430 1527 simplex
1466 1467 1560 1523 est,
1584 1459 1764 1510 omnia
1795 1466 1859 1510 ut
1881 1474 1932 1526 p.
1963 1460 2066 1509 122
2097 1456 2202 1509 dici
2235 1456 2618 1518 debere‚—inv.
2664 1475 2702 1508 a

679 1554 854 1616 choro,
889 1551 1163 1604 Psalmum
1199 1550 1266 1602 ab
1300 1545 1906 1608 hebdomadatim—nisi
1939 1544 2101 1614 quod,
2132 1553 2195 1597 ut
2224 1542 2432 1595 videtur
2455 1542 2698 1611 quidem,

681 1642 760 1692 vel
796 1639 1025 1709 simplex
1058 1639 1166 1690 inv.
1204 1637 1396 1690 ultima
1431 1636 1546 1687 vice
1588 1634 1725 1686 inter
1759 1631 2233 1685 hebdomadarium
2269 1640 2324 1683 et
2359 1631 2577 1684 chorum
2616 1633 2700 1684 ita

681 1725 848 1778 dividi
873 1725 1089 1777 debuit:

751 1817 784 1842 “
803 1811 1112 1864 Laudemus
1132 1811 1168 1861 J
1173 1827 1322 1863 esum
1347 1810 1638 1863 Christum.

751 1904 782 1928 “
808 1898 952 1958 Quia
976 1898 1085 1967 ipse
1109 1905 1181 1948 est
1205 1895 1520 1966 Redemptor
1544 1897 1779 1949 omnium
1802 1894 2159 1947 soeeulomm’'.

748 1990 798 2038 2.
839 1984 908 2038 In
933 1985 1036 2036 inv.
1072 1982 1294 2054 duplici,
1316 1991 1671 2053 prae'terquam
1709 1984 1871 2052 quod,
1896 1984 1940 2035 si
1976 1983 2258 2051 regebatur
2292 1981 2479 2034 chorus
2517 1980 2595 2052 (v.
2624 1983 2698 2035 ad

685 2075 745 2127 P.
770 2079 836 2126 21
869 2072 956 2141 b),
981 2073 1050 2126 ab
1084 2071 1318 2141 ejusdem
1353 2073 1643 2125 rectoribus
1669 2071 1913 2125 Psalmus
1949 2071 2204 2124 dicendus
2234 2078 2364 2134 erat,
2387 2070 2486 2123 hoc
2521 2071 2697 2123 solum

681 2161 1000 2216 mutandum
1022 2160 1184 2214 fuisse
1207 2159 1430 2224 videtur,
1454 2176 1645 2231 nempe
1669 2161 1726 2212 in
1762 2161 1918 2212 initio
1952 2167 2007 2212 et
2030 2167 2154 2211 ante
2190 2159 2354 2211 verba
2377 2162 2410 2187 ‘⁶
2433 2157 2612 2210 Hodie
2653 2160 2699 2212 si

683 2267 863 2303 vocem
874 2249 898 2269 '¹
927 2250 1314 2310 invitatorium,
1330 2249 1386 2300 in
1413 2247 1546 2301 duas
1580 2247 1954 2317 parteS,—scil.
1977 2246 2052 2315 (1)
2069 2248 2125 2299 in
2151 2248 2323 2311 initio,
2347 2248 2390 2299 si
2428 2255 2700 2318 regeretur

681 2335 887 2398 chorus„
923 2337 1062 2387 inter
1096 2335 1333 2404 ejusdem
1370 2343 1597 2388 rectores
1633 2344 1687 2388 et
1722 2335 1939 2387 chorum
1979 2336 2171 2407 ipsum,
2208 2338 2251 2388 si
2287 2352 2394 2389 non
2428 2344 2701 2404 regeretur

681 2423 888 2483 chorus,
936 2423 1076 2473 inter
1123 2430 1391 2474 cantorem
1438 2422 1618 2490 (Angl.
1669 2422 1752 2474 the
1783 2422 2071 2492 precentor)
2111 2422 2192 2475 vel
2240 2431 2598 2474 succentorem
2643 2433 2705 2477 et.

682 2506 1067 2575 chorum,—(2)
1085 2515 1214 2559 ante·
1231 2506 1487 2575 praedicta
1504 2506 1626 2559 vero
1645 2508 1800 2560 verba
1819 2508 1928 2560 sive
1945 2516 2215 2576 regeretur
2230 2508 2416 2561 chorus
2439 2510 2547 2561 sive
2570 2526 2700 2572 non,

682 2595 819 2645 inter
842 2601 1109 2645 cantorem
1135 2593 1218 2646 vel
1242 2601 1602 2646 succentorem
1627 2603 1680 2646 et
1703 2594 2351 2658 chorum,-dividendum
2378 2594 2552 2649 fuisse.

754 2683 804 2732 3.
848 2679 995 2732 Inter
1017 2681 1119 2732 inv.
1159 2689 1338 2734 autem
1366 2679 1560 2750 triplex
1592 2689 1647 2734 et
1679 2682 1781 2732 inv.
1820 2679 2013 2751 duplex
2049 2681 2164 2734 haec
2202 2682 2309 2735 duo
2342 2683 2557 2736 fortasse
2594 2683 2700 2736 dis-

683 2767 907 2819 crimina
937 2766 1169 2830 fuerunt,
1192 2783 1382 2836 nempe
1422 2771 1468 2818 1.
1503 2765 1647 2835 quod
1680 2768 2047 2836 inceptionum
2079 2768 2451 2837 praedictarum
2487 2769 2647 2838 prior,
2668 2787 2703 2821 a

685 2861 898 2904 cantore
932 2853 1016 2904 vel
1051 2861 1355 2906 succentore
1390 2870 1595 2923 semper
1629 2841 1889 2917 facienda,
1914 2858 1964 2905 2.
2002 2853 2149 2923 quod
2184 2863 2311 2907 ante
2345 2854 2482 2907 hanc
2519 2856 2700 2924 incep-

690 2938 889 2989 tionem
922 2940 1166 3006 priorem,
1193 2948 1365 2991 totum
1400 2957 1432 2991 a
1469 2939 1757 2991 rectoribus
1788 2938 1931 2992 chori
1966 2940 2401 3008 percantandum,
2431 2950 2590 3009 atque
2624 2942 2705 2993 ita

690 3022 831 3090 quod
850 3021 1106 3076 divisione
1124 3023 1333 3093 duplex,
1352 3026 1746 3093 percantatione
1770 3024 1871 3078 hac
1889 3026 2172 3095 praemissa,
2189 3026 2380 3098 triplex
2399 3026 2704 3082 faciendum

692 3116 817 3161 erat.
862 3108 1020 3169 Quod
1042 3111 1087 3162 si
1111 3111 1342 3178 inceptio
1365 3110 1491 3163 talis
1514 3110 1723 3165 silentio
1747 3111 1816 3164 ad
1842 3112 1999 3165 finem
2023 3130 2073 3182 p.
2101 3117 2133 3165 4
2157 3113 2209 3165 b.
2234 3113 2466 3167 notando
2492 3115 2707 3167 excludi

694 3195 972 3260 videbitur,
1003 3196 1133 3264 quid
1163 3198 1378 3248 omnino
1411 3196 1678 3265 significet
1710 3199 1816 3251 inv.
1853 3197 2047 3269 triplex
2082 3216 2178 3252 nos
2209 3199 2396 3253 saltem
2430 3217 2497 3253 ne
2529 3200 2710 3254 hario-

696 3286 792 3337 lari
817 3284 1033 3354 quidem
1057 3302 1204 3354 posse
1227 3284 1524 3338 fatebimur.
1575 3285 1924 3340 Meminerint
1945 3295 2125 3340 autem
2150 3289 2242 3356 qui
2266 3288 2489 3340 aliorum
2514 3287 2579 3340 de
2605 3289 2711 3340 hac

697 3393 752 3428 re
776 3375 1103 3444 conjecturas
1124 3373 1570 3448 audierint,—-qui
1587 3373 1834 3442 quaedam
1853 3375 2068 3426 tantum
2088 3390 2272 3426 eorum
2291 3391 2411 3443 quae
2436 3373 2500 3426 de
2517 3374 2627 3426 inv,
2648 3376 2705 3426 in

701 3462 985 3515 Breviariis
1002 3461 1143 3515 dicta
1161 3468 1285 3513 sunt
1300 3463 1479 3513 animo
1497 3461 1743 3524 tenuerit,
1759 3461 1807 3513 ei
1826 3458 2039 3529 quidem
2058 3460 2472 3529 haudquaquam
2493 3459 2713 3514 difficile

703 3550 829 3614 sore,
852 3549 1209 3619 conjecturam
1233 3548 1360 3602 satis
1389 3564 1484 3617 per
1505 3565 1560 3601 se
1596 3548 1919 3617 probabilem
1955 3563 2242 3616 proponere
2261 3545 2711 3609 ;—difficultatem
