2910 4457
878 296 952 332 DE
979 298 1597 335 commnmom‘nortmos.
2147 287 2236 338 xlv

216 429 376 483 Eccl.
402 426 706 496 Anglicana
732 428 969 479 omnium
995 428 1190 496 optime
1215 429 1389 480 meriti
1416 427 1469 479 S.
1497 427 1716 480 Thomae
1741 427 2158 493 cantuariensis,
2183 438 2238 481 et

217 517 435 586 egregii
473 516 530 568 S.
576 514 774 567 ceddae
790 513 957 577 s,—S.
996 525 1174 566 autem
1215 514 1415 579 Cedda‚
1451 516 1658 567 etiamsi
1695 516 1751 567 in
1795 514 2038 568 Ecclesia
2077 515 2234 568 Lich-

214 603 454 657 feldensi
477 619 573 671 pro
603 601 800 653 Sancto
828 601 931 652 loci
961 601 1304 668 proculdubio
1337 601 1826 654 commemorandus
1857 610 1985 665 erat,
2009 603 2231 655 minime

215 700 416 743 tamen
450 688 534 740 vel
574 687 880 739 Sarisburiae
917 687 997 739 vel
1029 687 1156 739 alibi
1193 688 1250 738 in
1287 686 1566 740 Provincia
1602 688 1988 751 cantuariensi,
2023 698 2232 757 praeter—

217 793 397 845 quam
420 776 516 827 ubi
551 774 792 826 Ecclesia
815 774 864 825 ei
888 771 1131 826 dedicata
1153 783 1280 837 erat,
1304 773 1514 826 eosdem
1548 792 1670 827 cum
1698 775 1751 827 S.
1777 775 1986 827 Thoma
2007 776 2230 828 honores

211 862 479 915 habuisse
512 859 801 912 credendus
823 861 1192 923 sit,—tertiam
1230 858 1496 929 (inquam)
1530 862 1638 913 sive
1674 860 1816 913 feriae
1855 863 2054 928 quintae
2090 879 2231 914 com-

216 948 665 1001 memorationem
690 954 741 999 et
764 947 820 997 in
847 946 991 998 Eccl.
1020 945 1326 998 cathedrali
1361 946 1552 998 Sarum
1576 956 1628 999 et
1652 947 1870 999 fortasse
1902 949 1959 998 in
1985 948 2099 999 aliis
2123 949 2230 1016 ple-

214 1036 407 1105 risque
442 1050 538 1102 per
574 1031 910 1084 Provinciam
946 1033 1384 1084 Cantuariensem
1419 1032 1674 1085 Ecclesiis
1706 1032 2130 1096 cathedralibus,
2152 1034 2230 1102 ip-

216 1123 334 1174 sius
370 1119 660 1172 beatissimi
686 1118 906 1171 Thomae
930 1120 1486 1171 commemorationem
1511 1119 1669 1173 fuisse
1692 1119 1927 1173 maxime
1963 1119 2230 1189 probabile

218 1208 440 1260 videtur
468 1226 573 1268 ;-
596 1214 660 1258 ut
707 1207 1265 1258 commemorationum
1315 1206 1787 1260 Sarisburiensium
1842 1207 1956 1259 haec
2014 1207 2228 1259 omnino

219 1295 391 1347 fuerit
447 1302 650 1355 norma,
701 1293 809 1344 scil.
867 1293 910 1344 si
967 1300 1070 1344 tres
1124 1294 1179 1344 in
1236 1293 1569 1346 hebdomada
1626 1294 1735 1346 dies
1791 1302 2056 1357 vacarent,
2107 1310 2228 1345 cum

221 1380 376 1433 ΒΝ.
389 1379 472 1431 Μ.
497 1387 610 1431 tam
638 1378 691 1430 S.
719 1378 984 1430 Thomam
1010 1379 1175 1447 quam
1202 1378 1255 1430 S.
1282 1378 1633 1442 Osmundum,
1657 1381 1701 1431 si
1726 1378 1830 1431 duo
1852 1379 2078 1442 tantum,
2104 1396 2229 1431 cum

219 1466 418 1520 eadem
446 1467 499 1519 S.
521 1465 858 1518 Osmundum
882 1467 1052 1519 solum
1075 1467 1230 1536 pleno
1255 1467 1466 1518 servitio
1491 1466 2231 1527 commemorare—Quoties-

221 1570 439 1621 cunque
470 1569 594 1604 vero
628 1568 736 1603 una
767 1550 975 1604 tantum
1007 1555 1064 1604 in
1096 1552 1431 1605 hebdomada
1468 1552 1602 1604 feria
1635 1560 1861 1615 vacaret,
1897 1567 2228 1620 quaecunque

218 1640 320 1692 illa
344 1639 479 1691 feria
501 1646 649 1701 esset,
675 1636 909 1689 (ΜΒΝ.
923 1638 1003 1689 Μ.
1029 1639 1140 1691 sola
1163 1640 1589 1691 commemoratio
1612 1639 1809 1707 ubique
1833 1637 2076 1690 facienda
2101 1649 2225 1691 erat.

295 1726 837 1779 Commemorationes
862 1733 1038 1778 autem
1070 1743 1175 1777 non
1202 1727 1398 1779 fiebant
1420 1734 1517 1778 aut
1542 1727 1599 1778 in
1621 1728 1779 1779 tertia
1802 1726 2079 1779 Adventus
2101 1725 2227 1778 heb-

222 1811 475 1875 domadA,
516 1819 614 1862 aut
648 1828 680 1862 a
718 1810 837 1880 Vig.
876 1810 1055 1864 Nativ.
1098 1811 1318 1864 Domini
1355 1813 1424 1865 ad
1464 1813 1721 1865 Octavam
1758 1813 2093 1882 Epiphaniae,
2131 1821 2227 1865 aut

218 1917 255 1951 a
297 1898 428 1951 feria
465 1906 655 1966 quarta
690 1898 925 1949 cinerum
958 1896 1080 1964 (sive
1115 1899 1171 1949 in
1208 1901 1380 1967 capite
1403 1899 1630 1967 jejunii:
1673 1901 1894 1970 Anglice
1932 1900 2067 1951 Ash-
2078 1899 2226 1951 Wad-

217 1985 432 2054 nesday)
484 1999 652 2052 usque
698 1982 768 2035 ad
817 1982 1153 2035 Dominicam
1201 1986 1259 2036 in
1305 1985 1452 2037 Albis
1496 1984 1740 2053 (Anglice
1788 1985 1917 2037 Low
1965 1985 2227 2055 Sanday),

218 2081 320 2124 aut
356 2089 390 2124 a
426 2071 587 2122 Dom.
614 2075 647 2121 5
671 2078 790 2139 post
814 2070 1019 2123 Pascha
1053 2086 1219 2138 usque
1250 2070 1319 2121 ad
1353 2070 1471 2122 Oct.
1500 2072 1831 2123 Ascensionis
1869 2071 2107 2134 Domini,
2132 2082 2230 2124 aut

220 2175 315 2228 per
343 2157 574 2210 Octavas
596 2156 948 2219 PentecosteS‚
979 2164 1075 2207 aut
1096 2157 1152 2206 in
1185 2156 1301 2208 aliis
1335 2154 1482 2207 festis
1506 2156 1589 2207 vel
1614 2158 1810 2208 octavis
1832 2173 1954 2208 cum
1973 2158 2231 2226 regimine

219 2245 387 2297 chori
411 2245 470 2313 (i.
490 2262 531 2295 e.
553 2243 762 2312 quando
787 2244 1084 2312 regebatur,
1107 2243 1208 2293 sive
1230 2249 1452 2295 rectores
1472 2242 1717 2305 habebat,
1736 2241 1971 2295 Chorus:
2010 2245 2149 2312 quod
2174 2246 2230 2297 in

217 2332 520 2385 solenniore
550 2337 761 2383 tantum
795 2330 982 2384 Officio
1015 2331 1203 2382 fiebat:
1242 2347 1287 2381 v.
1315 2330 1384 2383 ad
1410 2330 1470 2382 P.
1496 2335 1560 2382 21
1588 2329 1672 2401 b),
1697 2335 1793 2383 aut
1815 2334 1870 2384 in
1894 2331 2040 2385 festis
2066 2332 2228 2386 Sanc-

288 2443 314 2474 8
330 2431 333 2432 ⁷
349 2436 395 2484 S.
424 2435 592 2482 cedda
616 2435 851 2497 Episcopi
875 2435 1199 2482 Londinensis
1232 2436 1448 2497 ejusdem
1481 2437 1693 2483 nominis
1716 2443 1765 2484 et
1787 2438 1994 2485 duorum
2017 2438 2224 2486 aliorum

221 2518 543 2565 Sacerdotum
560 2517 898 2580 plaeclarorum
918 2517 1091 2564 Sinibil
1110 2523 1156 2563 et
1171 2517 1363 2563 Chelim
1381 2518 1539 2575 frater,
1557 2519 1715 2579 primo
1730 2518 1927 2579 quidem
1942 2518 2226 2566 Monasterii

221 2599 284 2648 B.
312 2598 486 2645 Mariae
512 2598 796 2659 Lestingayi
826 2598 878 2644 in
910 2597 1083 2644 Insula
1114 2597 1501 2644 Lindisfernensi
1536 2598 1686 2658 (Holy
1709 2597 1892 2658 Island)
1919 2597 2082 2644 Abbas
2105 2599 2224 2654 fuit3

220 2679 398 2725 deinde
418 2682 549 2733 vero,
578 2678 629 2724 in
660 2678 878 2740 partibus
908 2677 1172 2740 peregrinis
1206 2677 1388 2724 diutius
1423 2678 1699 2723 demorante
1730 2677 1973 2733 wilfrido,
2008 2693 2036 2723 a
2068 2679 2227 2740 Wyne

220 2758 618 2807 occidentalium
644 2758 893 2805 Saxonum
925 2758 1167 2820 Episcopo
1198 2758 1426 2819 Archiep.
1458 2758 1603 2804 Ebor.
1637 2757 1900 2804 consecrari
1924 2765 2115 2806 coactus
2139 2768 2226 2807 est.

222 2840 444 2888 Reverso
467 2845 632 2887 autem
650 2838 892 2897 wilfrido,
918 2839 964 2887 S.
994 2839 1158 2886 Cedda
1192 2838 1431 2885 Ecclesiae
1465 2837 1820 2885 Lichfeldensis
1856 2839 2013 2901 Ep'us
2045 2840 2226 2889 electus

220 2928 306 2969 est.
350 2922 582 2969 Mortuus
603 2924 715 2967 vero
735 2920 796 2969 A.
811 2920 874 2967 D.
900 2920 1010 2977 670,
1036 2921 1064 2967 6
1091 2920 1218 2967 Non.
1244 2919 1463 2974 MartiaS,
1482 2927 1529 2967 et
1550 2920 1601 2967 in
1624 2919 1761 2968 Eccl.
1787 2920 1845 2968 Β.
1865 2921 2039 2968 Mariae
2063 2925 2221 2985 primo

220 2991 464 3063 sepultus,
498 3007 609 3063 post
645 3001 918 3048 Ecclesiam
953 3004 1069 3048 vero
1106 3000 1154 3047 S.
1194 3001 1326 3048 Petri
1357 3001 1538 3047 ibidem
1573 3007 1897 3048 constructam
1934 3002 1986 3049 in
2020 3004 2222 3051 eandem

218 3083 502 3140 translatae,
515 3088 780 3142 utrumque
799 3081 960 3129 locum
983 3082 1246 3128 sanitatum
1268 3081 1518 3129 miraculis
1537 3081 1772 3129 celebrem
1790 3083 2013 3130 reddidit.
2050 3084 2225 3132 Postea

222 3169 334 3211 vero
354 3164 588 3211 saeviente
611 3164 904 3211 saeculorum
921 3163 1241 3212 recentiorum
1256 3164 1415 3211 furore
1431 3170 1481 3211 et
1498 3165 1685 3227 rapina,
1700 3165 1868 3212 eximii
1891 3165 2037 3227 hujus
2059 3166 2222 3214 Sancti

223 3260 398 3308 corpus
433 3260 463 3292 a
493 3245 590 3307 piis
624 3244 916 3306 quibusdam
944 3245 1150 3293 feliciter
1171 3246 1380 3293 celatum
1404 3252 1477 3292 est
1493 3265 1506 3303 ς
1542 3253 1689 3307 atque
1720 3247 1837 3293 adeo
1869 3246 2010 3294 hodie
2044 3248 2219 3294 Eccle-

223 3326 344 3373 siam
380 3324 723 3373 cathedralem
760 3325 913 3373 eidem
943 3341 1097 3389 nuper
1127 3326 1487 3388 Birminghami
1513 3328 1783 3375 dedicatam
1818 3328 2085 3375 sanctitatis
2116 3342 2218 3373 suae

222 3407 360 3454 odore
384 3406 612 3454 illustrat.
1600 3414 1604 3418 ’
