<?xml version="1.0" encoding="UTF-8"?>
<!DOCTYPE html PUBLIC "-//W3C//DTD XHTML 1.0 Transitional//EN"
    "http://www.w3.org/TR/xhtml1/DTD/xhtml1-transitional.dtd">
<html xmlns="http://www.w3.org/1999/xhtml" xml:lang="en" lang="en">
 <head>
  <title>
</title>
<meta http-equiv="Content-Type" content="text/html;charset=utf-8" />
  <meta name='ocr-system' content='tesseract 3.04.00' />
  <meta name='ocr-capabilities' content='ocr_page ocr_carea ocr_par ocr_line ocrx_word'/>
</head>
<body>
  <div class='ocr_page' id='page_1' title='image "./portiforiiseubr00cathgoog_0173.png"; bbox 0 0 2910 4457; ppageno 0'>
   <div class='ocr_carea' id='block_1_1' title="bbox 1042 353 2295 417">
    <p class='ocr_par' dir='ltr' id='par_1_1' title="bbox 1042 353 2295 417">
     <span class='ocr_line' id='line_1_1' title="bbox 1042 353 2295 417; baseline 0.006 -7"><span class='ocrx_word' id='word_1_1' title='bbox 1042 371 1115 410; x_wconf 71' lang='lat' dir='ltr'><strong>An</strong></span> <span class='ocrx_word' id='word_1_2' title='bbox 1157 370 1485 412; x_wconf 61' lang='lat' dir='ltr'><strong>mrum-mas.</strong></span> <span class='ocrx_word' id='word_1_3' title='bbox 2216 353 2295 417; x_wconf 79' lang='grc'><strong>55</strong></span> 
     </span>
    </p>
   </div>
   <div class='ocr_carea' id='block_1_2' title="bbox 203 479 1231 3138">
    <p class='ocr_par' dir='ltr' id='par_1_2' title="bbox 205 479 1212 604">
     <span class='ocr_line' id='line_1_2' title="bbox 207 479 1212 534; baseline 0.004 -4"><span class='ocrx_word' id='word_1_4' title='bbox 207 479 462 530; x_wconf 84' lang='lat' dir='ltr'><strong>locaustis</strong></span> <span class='ocrx_word' id='word_1_5' title='bbox 500 494 514 528; x_wconf 73' lang='grc' dir='ltr'><strong><em>ε</em></strong></span> <span class='ocrx_word' id='word_1_6' title='bbox 557 481 768 530; x_wconf 81' lang='lat' dir='ltr'>reddam</span> <span class='ocrx_word' id='word_1_7' title='bbox 810 481 903 530; x_wconf 87' lang='lat' dir='ltr'><strong>tibi</strong></span> <span class='ocrx_word' id='word_1_8' title='bbox 945 487 1059 532; x_wconf 77' lang='lat' dir='ltr'><strong>vota</strong></span> <span class='ocrx_word' id='word_1_9' title='bbox 1102 496 1212 534; x_wconf 82' lang='lat' dir='ltr'><strong>mea</strong></span> 
     </span>
     <span class='ocr_line' id='line_1_3' title="bbox 205 543 1002 604; baseline -0.001 -11"><span class='ocrx_word' id='word_1_10' title='bbox 205 554 324 604; x_wconf 78' lang='lat' dir='ltr'><strong>quae</strong></span> <span class='ocrx_word' id='word_1_11' title='bbox 345 543 697 592; x_wconf 82' lang='lat' dir='ltr'><strong>distinxerunt</strong></span> <span class='ocrx_word' id='word_1_12' title='bbox 717 543 849 592; x_wconf 88' lang='lat' dir='ltr'><strong>labia</strong></span> <span class='ocrx_word' id='word_1_13' title='bbox 874 551 1002 592; x_wconf 86' lang='lat' dir='ltr'><strong>mea.</strong></span> 
     </span>
    </p>

    <p class='ocr_par' dir='ltr' id='par_1_3' title="bbox 206 604 1213 716">
     <span class='ocr_line' id='line_1_4' title="bbox 270 604 1213 656; baseline 0.001 -3"><span class='ocrx_word' id='word_1_14' title='bbox 270 604 341 653; x_wconf 89' lang='lat' dir='ltr'><strong>Et</strong></span> <span class='ocrx_word' id='word_1_15' title='bbox 376 606 604 653; x_wconf 89' lang='lat' dir='ltr'><strong>locutum</strong></span> <span class='ocrx_word' id='word_1_16' title='bbox 636 610 713 653; x_wconf 89' lang='lat' dir='ltr'><strong>est</strong></span> <span class='ocrx_word' id='word_1_17' title='bbox 734 618 790 654; x_wconf 91' lang='lat' dir='ltr'><strong>os</strong></span> <span class='ocrx_word' id='word_1_18' title='bbox 811 618 982 653; x_wconf 88' lang='lat' dir='ltr'><strong>meum</strong></span> <span class='ocrx_word' id='word_1_19' title='bbox 1009 622 1021 655; x_wconf 72' lang='grc' dir='ltr'>ε</span> <span class='ocrx_word' id='word_1_20' title='bbox 1045 607 1097 655; x_wconf 86' lang='lat' dir='ltr'><strong>ln</strong></span> <span class='ocrx_word' id='word_1_21' title='bbox 1121 606 1213 656; x_wconf 87' lang='lat' dir='ltr'><strong>tri·-</strong></span> 
     </span>
     <span class='ocr_line' id='line_1_5' title="bbox 206 666 627 716; baseline -0.002 0"><span class='ocrx_word' id='word_1_22' title='bbox 206 666 476 716; x_wconf 82' lang='lat' dir='ltr'><strong>bulatione</strong></span> <span class='ocrx_word' id='word_1_23' title='bbox 498 679 627 716; x_wconf 86' lang='lat' dir='ltr'><strong>mea.</strong></span> 
     </span>
    </p>

    <p class='ocr_par' dir='ltr' id='par_1_4' title="bbox 203 729 1214 902">
     <span class='ocr_line' id='line_1_6' title="bbox 266 729 1214 790; baseline 0.002 -13"><span class='ocrx_word' id='word_1_24' title='bbox 266 729 587 777; x_wconf 83' lang='lat' dir='ltr'><strong>Holocausta</strong></span> <span class='ocrx_word' id='word_1_25' title='bbox 609 730 879 778; x_wconf 87' lang='lat' dir='ltr'><strong>medullata</strong></span> <span class='ocrx_word' id='word_1_26' title='bbox 898 732 1105 779; x_wconf 77' lang='lat' dir='ltr'><strong>offeram</strong></span> <span class='ocrx_word' id='word_1_27' title='bbox 1122 731 1214 790; x_wconf 79' lang='lat' dir='ltr'><strong>tibi</strong></span> 
     </span>
     <span class='ocr_line' id='line_1_7' title="bbox 205 790 1214 842; baseline 0.003 -3"><span class='ocrx_word' id='word_1_28' title='bbox 205 802 327 839; x_wconf 84' lang='lat' dir='ltr'><strong>cum</strong></span> <span class='ocrx_word' id='word_1_29' title='bbox 362 790 576 838; x_wconf 88' lang='lat' dir='ltr'><strong>incenso</strong></span> <span class='ocrx_word' id='word_1_30' title='bbox 605 791 821 839; x_wconf 87' lang='lat' dir='ltr'><strong>arietum</strong></span> <span class='ocrx_word' id='word_1_31' title='bbox 847 808 860 840; x_wconf 89' lang='lat'><strong>:</strong></span> <span class='ocrx_word' id='word_1_32' title='bbox 891 795 1097 842; x_wconf 80' lang='lat' dir='ltr'><strong>offeram</strong></span> <span class='ocrx_word' id='word_1_33' title='bbox 1120 793 1214 842; x_wconf 87' lang='lat' dir='ltr'><strong>tibi</strong></span> 
     </span>
     <span class='ocr_line' id='line_1_8' title="bbox 203 851 714 902; baseline -0.002 0"><span class='ocrx_word' id='word_1_34' title='bbox 203 853 365 902; x_wconf 81' lang='lat' dir='ltr'><strong>boves</strong></span> <span class='ocrx_word' id='word_1_35' title='bbox 387 864 510 900; x_wconf 90' lang='lat' dir='ltr'><strong>cum</strong></span> <span class='ocrx_word' id='word_1_36' title='bbox 541 851 714 901; x_wconf 80' lang='lat' dir='ltr'><strong>hircis,</strong></span> 
     </span>
    </p>

    <p class='ocr_par' dir='ltr' id='par_1_5' title="bbox 209 913 1214 1086">
     <span class='ocr_line' id='line_1_9' title="bbox 269 913 1214 975; baseline 0.004 -14"><span class='ocrx_word' id='word_1_37' title='bbox 269 913 484 970; x_wconf 86' lang='lat' dir='ltr'><strong>Venite,</strong></span> <span class='ocrx_word' id='word_1_38' title='bbox 511 914 697 971; x_wconf 87' lang='lat' dir='ltr'><strong>audite,</strong></span> <span class='ocrx_word' id='word_1_39' title='bbox 741 919 789 963; x_wconf 89' lang='lat' dir='ltr'><strong>et</strong></span> <span class='ocrx_word' id='word_1_40' title='bbox 831 918 1065 975; x_wconf 89' lang='lat' dir='ltr'><strong>narrab0,</strong></span> <span class='ocrx_word' id='word_1_41' title='bbox 1109 928 1214 965; x_wconf 87' lang='lat' dir='ltr'><strong>om·</strong></span> 
     </span>
     <span class='ocr_line' id='line_1_10' title="bbox 209 974 1214 1047; baseline 0.002 -24"><span class='ocrx_word' id='word_1_42' title='bbox 209 987 304 1047; x_wconf 57' lang='lat' dir='ltr'><strong>nes</strong></span> <span class='ocrx_word' id='word_1_43' title='bbox 325 976 426 1035; x_wconf 85' lang='lat' dir='ltr'><strong>qui</strong></span> <span class='ocrx_word' id='word_1_44' title='bbox 449 974 640 1025; x_wconf 82' lang='lat' dir='ltr'><strong>timetis</strong></span> <span class='ocrx_word' id='word_1_45' title='bbox 661 977 824 1025; x_wconf 90' lang='lat' dir='ltr'><strong>Deum</strong></span> <span class='ocrx_word' id='word_1_46' title='bbox 853 993 865 1005; x_wconf 93' lang='lat'><strong>·</strong></span> <span class='ocrx_word' id='word_1_47' title='bbox 888 983 1077 1040; x_wconf 85' lang='lat' dir='ltr'><strong>quanta</strong></span> <span class='ocrx_word' id='word_1_48' title='bbox 1101 979 1214 1028; x_wconf 77' lang='lat' dir='ltr'><strong>iecit</strong></span> 
     </span>
     <span class='ocr_line' id='line_1_11' title="bbox 209 1049 575 1086; baseline -0.003 0"><span class='ocrx_word' id='word_1_49' title='bbox 209 1049 407 1086; x_wconf 82' lang='lat' dir='ltr'><strong>ammae</strong></span> <span class='ocrx_word' id='word_1_50' title='bbox 431 1050 575 1086; x_wconf 79' lang='lat' dir='ltr'><strong>meae.</strong></span> 
     </span>
    </p>

    <p class='ocr_par' dir='ltr' id='par_1_6' title="bbox 208 1097 1216 1221">
     <span class='ocr_line' id='line_1_12' title="bbox 273 1097 1216 1158; baseline 0.003 -10"><span class='ocrx_word' id='word_1_51' title='bbox 273 1097 367 1148; x_wconf 77' lang='lat' dir='ltr'><strong>Ad</strong></span> <span class='ocrx_word' id='word_1_52' title='bbox 408 1098 582 1158; x_wconf 89' lang='lat' dir='ltr'><strong>ipsum</strong></span> <span class='ocrx_word' id='word_1_53' title='bbox 612 1112 698 1148; x_wconf 90' lang='lat' dir='ltr'><strong>ore</strong></span> <span class='ocrx_word' id='word_1_54' title='bbox 729 1112 840 1149; x_wconf 91' lang='lat' dir='ltr'><strong>meo</strong></span> <span class='ocrx_word' id='word_1_55' title='bbox 870 1102 1084 1150; x_wconf 78' lang='lat' dir='ltr'><strong>clamavi</strong></span> <span class='ocrx_word' id='word_1_56' title='bbox 1118 1116 1131 1150; x_wconf 71' lang='grc' dir='ltr'><strong>ε</strong></span> <span class='ocrx_word' id='word_1_57' title='bbox 1168 1105 1216 1151; x_wconf 89' lang='lat' dir='ltr'><strong>et</strong></span> 
     </span>
     <span class='ocr_line' id='line_1_13' title="bbox 208 1160 898 1221; baseline 0.004 -12"><span class='ocrx_word' id='word_1_58' title='bbox 208 1160 437 1210; x_wconf 79' lang='lat' dir='ltr'><strong>exaltavi</strong></span> <span class='ocrx_word' id='word_1_59' title='bbox 457 1163 554 1209; x_wconf 91' lang='lat' dir='ltr'><strong>sub</strong></span> <span class='ocrx_word' id='word_1_60' title='bbox 574 1162 749 1221; x_wconf 89' lang='lat' dir='ltr'><strong>lingua</strong></span> <span class='ocrx_word' id='word_1_61' title='bbox 770 1176 898 1212; x_wconf 90' lang='lat' dir='ltr'><strong>mea.</strong></span> 
     </span>
    </p>

    <p class='ocr_par' dir='ltr' id='par_1_7' title="bbox 213 1221 1218 1336">
     <span class='ocr_line' id='line_1_14' title="bbox 276 1221 1218 1285; baseline 0.005 -15"><span class='ocrx_word' id='word_1_62' title='bbox 276 1221 619 1282; x_wconf 85' lang='lat' dir='ltr'><strong>Iniquitatem</strong></span> <span class='ocrx_word' id='word_1_63' title='bbox 671 1222 717 1271; x_wconf 89' lang='lat' dir='ltr'><strong>si</strong></span> <span class='ocrx_word' id='word_1_64' title='bbox 766 1226 932 1285; x_wconf 79' lang='lat' dir='ltr'><strong>aspexi</strong></span> <span class='ocrx_word' id='word_1_65' title='bbox 974 1226 1028 1274; x_wconf 87' lang='lat' dir='ltr'><strong>ln</strong></span> <span class='ocrx_word' id='word_1_66' title='bbox 1073 1226 1218 1275; x_wconf 88' lang='lat' dir='ltr'><strong>corde</strong></span> 
     </span>
     <span class='ocr_line' id='line_1_15' title="bbox 213 1284 902 1336; baseline 0.006 -4"><span class='ocrx_word' id='word_1_67' title='bbox 213 1295 332 1333; x_wconf 87' lang='lat' dir='ltr'><strong>meo</strong></span> <span class='ocrx_word' id='word_1_68' title='bbox 359 1299 374 1333; x_wconf 71' lang='grc' dir='ltr'><strong><em>ε</em></strong></span> <span class='ocrx_word' id='word_1_69' title='bbox 400 1297 506 1332; x_wconf 92' lang='lat' dir='ltr'><strong>non</strong></span> <span class='ocrx_word' id='word_1_70' title='bbox 529 1284 755 1333; x_wconf 78' lang='lat' dir='ltr'>exaudiet</span> <span class='ocrx_word' id='word_1_71' title='bbox 776 1287 902 1336; x_wconf 71' lang='lat' dir='ltr'><strong>Diis.</strong></span> 
     </span>
    </p>

    <p class='ocr_par' dir='ltr' id='par_1_8' title="bbox 215 1346 1218 1468">
     <span class='ocr_line' id='line_1_16' title="bbox 279 1346 1218 1405; baseline 0.002 -11"><span class='ocrx_word' id='word_1_72' title='bbox 279 1346 559 1405; x_wconf 77' lang='lat' dir='ltr'>Propterea</span> <span class='ocrx_word' id='word_1_73' title='bbox 589 1348 838 1396; x_wconf 65' lang='lat' dir='ltr'><strong>exaudivit</strong></span> <span class='ocrx_word' id='word_1_74' title='bbox 860 1350 995 1399; x_wconf 90' lang='lat' dir='ltr'><strong>Deus</strong></span> <span class='ocrx_word' id='word_1_75' title='bbox 1019 1365 1032 1400; x_wconf 71' lang='grc' dir='ltr'>ε</span> <span class='ocrx_word' id='word_1_76' title='bbox 1063 1355 1112 1399; x_wconf 88' lang='lat' dir='ltr'><strong>et</strong></span> <span class='ocrx_word' id='word_1_77' title='bbox 1143 1353 1218 1397; x_wconf 87' lang='lat' dir='ltr'><strong>at-</strong></span> 
     </span>
     <span class='ocr_line' id='line_1_17' title="bbox 215 1407 1066 1468; baseline 0.006 -13"><span class='ocrx_word' id='word_1_78' title='bbox 215 1407 386 1456; x_wconf 82' lang='lat' dir='ltr'><strong>tendit</strong></span> <span class='ocrx_word' id='word_1_79' title='bbox 407 1408 520 1456; x_wconf 76' lang='lat' dir='ltr'><strong>voci</strong></span> <span class='ocrx_word' id='word_1_80' title='bbox 541 1410 903 1468; x_wconf 79' lang='lat' dir='ltr'><strong>deprecationis</strong></span> <span class='ocrx_word' id='word_1_81' title='bbox 924 1424 1066 1462; x_wconf 82' lang='lat' dir='ltr'><strong>meae.</strong></span> 
     </span>
    </p>

    <p class='ocr_par' dir='ltr' id='par_1_9' title="bbox 216 1469 1221 1643">
     <span class='ocr_line' id='line_1_18' title="bbox 280 1469 1219 1533; baseline 0.001 -14"><span class='ocrx_word' id='word_1_82' title='bbox 280 1469 594 1519; x_wconf 81' lang='lat' dir='ltr'><strong>Benedictus</strong></span> <span class='ocrx_word' id='word_1_83' title='bbox 614 1472 765 1531; x_wconf 83' lang='lat' dir='ltr'><strong>Deus,</strong></span> <span class='ocrx_word' id='word_1_84' title='bbox 788 1474 880 1533; x_wconf 83' lang='lat' dir='ltr'><strong>qui</strong></span> <span class='ocrx_word' id='word_1_85' title='bbox 909 1487 1008 1521; x_wconf 92' lang='lat' dir='ltr'><strong>non</strong></span> <span class='ocrx_word' id='word_1_86' title='bbox 1031 1472 1219 1522; x_wconf 86' lang='lat' dir='ltr'><strong>amovit</strong></span> 
     </span>
     <span class='ocr_line' id='line_1_19' title="bbox 216 1529 1221 1590; baseline 0.005 -11"><span class='ocrx_word' id='word_1_87' title='bbox 216 1529 628 1590; x_wconf 77' lang='lat' dir='ltr'><strong>deprecationem</strong></span> <span class='ocrx_word' id='word_1_88' title='bbox 651 1546 818 1582; x_wconf 89' lang='lat' dir='ltr'><strong>meam</strong></span> <span class='ocrx_word' id='word_1_89' title='bbox 843 1550 855 1583; x_wconf 76' lang='lat' dir='ltr'><strong><em>z</em></strong></span> <span class='ocrx_word' id='word_1_90' title='bbox 879 1540 928 1583; x_wconf 87' lang='lat' dir='ltr'><strong>ct</strong></span> <span class='ocrx_word' id='word_1_91' title='bbox 942 1536 1221 1585; x_wconf 89' lang='lat' dir='ltr'><strong>misericor-</strong></span> 
     </span>
     <span class='ocr_line' id='line_1_20' title="bbox 218 1591 710 1643; baseline 0.006 -3"><span class='ocrx_word' id='word_1_92' title='bbox 218 1591 364 1642; x_wconf 82' lang='lat' dir='ltr'><strong>diam</strong></span> <span class='ocrx_word' id='word_1_93' title='bbox 387 1606 538 1642; x_wconf 86' lang='lat' dir='ltr'><strong>suam</strong></span> <span class='ocrx_word' id='word_1_94' title='bbox 560 1607 589 1643; x_wconf 92' lang='lat' dir='ltr'><strong>a</strong></span> <span class='ocrx_word' id='word_1_95' title='bbox 610 1606 710 1643; x_wconf 91' lang='lat' dir='ltr'><strong>me.</strong></span> 
     </span>
    </p>

    <p class='ocr_par' dir='ltr' id='par_1_10' title="bbox 218 1656 1220 1783">
     <span class='ocr_line' id='line_1_21' title="bbox 281 1656 1220 1707; baseline 0.003 -4"><span class='ocrx_word' id='word_1_96' title='bbox 281 1656 410 1704; x_wconf 78' lang='lat' dir='ltr'><strong>Non</strong></span> <span class='ocrx_word' id='word_1_97' title='bbox 452 1656 640 1704; x_wconf 75' lang='lat' dir='ltr'><strong>dicitur</strong></span> <span class='ocrx_word' id='word_1_98' title='bbox 679 1658 750 1706; x_wconf 83' lang='lat' dir='ltr'><strong>ad</strong></span> <span class='ocrx_word' id='word_1_99' title='bbox 790 1657 1077 1707; x_wconf 73' lang='lat' dir='ltr'><strong>Nocturnas</strong></span> <span class='ocrx_word' id='word_1_100' title='bbox 1125 1657 1220 1706; x_wconf 78' lang='lat' dir='ltr'><strong>iste</strong></span> 
     </span>
     <span class='ocr_line' id='line_1_22' title="bbox 218 1714 1217 1783; baseline 0.005 -21"><span class='ocrx_word' id='word_1_101' title='bbox 218 1714 432 1767; x_wconf 80' lang='lat' dir='ltr'><strong>Psalm.</strong></span> <span class='ocrx_word' id='word_1_102' title='bbox 447 1717 562 1778; x_wconf 78' lang='lat' dir='ltr'><em>loevj</em></span> <span class='ocrx_word' id='word_1_103' title='bbox 569 1718 705 1766; x_wconf 89' lang='lat' dir='ltr'><strong>Deus</strong></span> <span class='ocrx_word' id='word_1_104' title='bbox 717 1718 1217 1783; x_wconf 86' lang='lat' dir='ltr'><strong>misereatur.(p.13.)</strong></span> 
     </span>
    </p>

    <p class='ocr_par' dir='ltr' id='par_1_11' title="bbox 220 1780 1224 2023">
     <span class='ocr_line' id='line_1_23' title="bbox 523 1780 939 1841; baseline 0.01 -16"><span class='ocrx_word' id='word_1_105' title='bbox 523 1780 767 1827; x_wconf 76' lang='lat' dir='ltr'><strong>Psalmus</strong></span> <span class='ocrx_word' id='word_1_106' title='bbox 791 1781 939 1841; x_wconf 57' lang='lat' dir='ltr'><strong>lxm-ij.</strong></span> 
     </span>
     <span class='ocr_line' id='line_1_24' title="bbox 225 1842 1222 1949; baseline 0.006 -63"><span class='ocrx_word' id='word_1_107' title='bbox 225 1845 503 1949; x_wconf 80' lang='lat' dir='ltr'><strong>Exurgat</strong></span> <span class='ocrx_word' id='word_1_108' title='bbox 530 1842 683 1898; x_wconf 74' lang='lat' dir='ltr'><strong>DeuS,</strong></span> <span class='ocrx_word' id='word_1_109' title='bbox 723 1847 771 1890; x_wconf 87' lang='lat' dir='ltr'><strong>et</strong></span> <span class='ocrx_word' id='word_1_110' title='bbox 801 1842 1106 1902; x_wconf 80' lang='lat' dir='ltr'><strong>dissipentur</strong></span> <span class='ocrx_word' id='word_1_111' title='bbox 1128 1843 1222 1892; x_wconf 91' lang='lat' dir='ltr'><strong>ini-</strong></span> 
     </span>
     <span class='ocr_line' id='line_1_25' title="bbox 312 1901 1224 1966; baseline 0.007 -17"><span class='ocrx_word' id='word_1_112' title='bbox 312 1902 440 1951; x_wconf 89' lang='lat' dir='ltr'><strong>mici</strong></span> <span class='ocrx_word' id='word_1_113' title='bbox 455 1903 565 1962; x_wconf 75' lang='lat' dir='ltr'><strong>eJus</strong></span> <span class='ocrx_word' id='word_1_114' title='bbox 583 1917 594 1950; x_wconf 91' lang='lat'>:</span> <span class='ocrx_word' id='word_1_115' title='bbox 613 1908 662 1952; x_wconf 89' lang='lat' dir='ltr'><strong>et</strong></span> <span class='ocrx_word' id='word_1_116' title='bbox 684 1901 882 1964; x_wconf 80' lang='lat' dir='ltr'><strong>fugiant</strong></span> <span class='ocrx_word' id='word_1_117' title='bbox 900 1905 988 1966; x_wconf 88' lang='lat' dir='ltr'><strong>qui</strong></span> <span class='ocrx_word' id='word_1_118' title='bbox 1008 1906 1224 1955; x_wconf 83' lang='lat' dir='ltr'><strong>oderunt</strong></span> 
     </span>
     <span class='ocr_line' id='line_1_26' title="bbox 220 1963 696 2023; baseline 0.006 -13"><span class='ocrx_word' id='word_1_119' title='bbox 220 1973 344 2011; x_wconf 87' lang='lat' dir='ltr'><strong>eum</strong></span> <span class='ocrx_word' id='word_1_120' title='bbox 370 1977 404 2012; x_wconf 91' lang='lat' dir='ltr'><strong>a</strong></span> <span class='ocrx_word' id='word_1_121' title='bbox 426 1965 548 2013; x_wconf 79' lang='lat' dir='ltr'><strong>facie</strong></span> <span class='ocrx_word' id='word_1_122' title='bbox 567 1963 696 2023; x_wconf 78' lang='lat' dir='ltr'><strong>ejus,</strong></span> 
     </span>
    </p>

    <p class='ocr_par' dir='ltr' id='par_1_12' title="bbox 220 2024 1224 2206">
     <span class='ocr_line' id='line_1_27' title="bbox 284 2024 1219 2086; baseline 0.003 -12"><span class='ocrx_word' id='word_1_123' title='bbox 284 2024 436 2074; x_wconf 85' lang='lat' dir='ltr'><strong>Sicut</strong></span> <span class='ocrx_word' id='word_1_124' title='bbox 480 2026 646 2075; x_wconf 86' lang='lat' dir='ltr'><strong>deficit</strong></span> <span class='ocrx_word' id='word_1_125' title='bbox 688 2026 877 2086; x_wconf 72' lang='lat' dir='ltr'><strong>sumna,</strong></span> <span class='ocrx_word' id='word_1_126' title='bbox 930 2027 1166 2077; x_wconf 87' lang='lat' dir='ltr'><strong>deficiant</strong></span> <span class='ocrx_word' id='word_1_127' title='bbox 1205 2043 1219 2077; x_wconf 72' lang='grc' dir='ltr'><strong>ε</strong></span> 
     </span>
     <span class='ocr_line' id='line_1_28' title="bbox 220 2085 1224 2152; baseline 0.007 -19"><span class='ocrx_word' id='word_1_128' title='bbox 220 2085 362 2134; x_wconf 81' lang='lat' dir='ltr'><strong>sicut</strong></span> <span class='ocrx_word' id='word_1_129' title='bbox 397 2087 511 2134; x_wconf 84' lang='lat' dir='ltr'><strong>nuit</strong></span> <span class='ocrx_word' id='word_1_130' title='bbox 540 2100 649 2136; x_wconf 89' lang='lat' dir='ltr'><strong>cera</strong></span> <span class='ocrx_word' id='word_1_131' title='bbox 673 2101 699 2135; x_wconf 85' lang='lat' dir='ltr'><strong>a</strong></span> <span class='ocrx_word' id='word_1_132' title='bbox 724 2088 845 2137; x_wconf 86' lang='lat' dir='ltr'><strong>l&#39;acie</strong></span> <span class='ocrx_word' id='word_1_133' title='bbox 874 2088 1027 2150; x_wconf 80' lang='lat' dir='ltr'><strong>igniS,</strong></span> <span class='ocrx_word' id='word_1_134' title='bbox 1051 2091 1123 2140; x_wconf 87' lang='lat' dir='ltr'><strong>sic</strong></span> <span class='ocrx_word' id='word_1_135' title='bbox 1144 2103 1224 2152; x_wconf 80' lang='lat' dir='ltr'><strong>pe·-</strong></span> 
     </span>
     <span class='ocr_line' id='line_1_29' title="bbox 222 2150 1002 2206; baseline 0.008 -12"><span class='ocrx_word' id='word_1_136' title='bbox 222 2153 382 2196; x_wconf 85' lang='lat' dir='ltr'><strong>reant</strong></span> <span class='ocrx_word' id='word_1_137' title='bbox 404 2153 684 2206; x_wconf 81' lang='lat' dir='ltr'><strong>peccatores</strong></span> <span class='ocrx_word' id='word_1_138' title='bbox 703 2162 732 2197; x_wconf 94' lang='lat' dir='ltr'><strong>a</strong></span> <span class='ocrx_word' id='word_1_139' title='bbox 753 2150 872 2199; x_wconf 77' lang='lat' dir='ltr'><strong>facie</strong></span> <span class='ocrx_word' id='word_1_140' title='bbox 892 2151 1002 2200; x_wconf 87' lang='lat' dir='ltr'><strong>Dei.</strong></span> 
     </span>
    </p>

    <p class='ocr_par' dir='ltr' id='par_1_13' title="bbox 219 2209 1225 2382">
     <span class='ocr_line' id='line_1_30' title="bbox 287 2209 1222 2270; baseline 0.005 -11"><span class='ocrx_word' id='word_1_141' title='bbox 287 2209 365 2259; x_wconf 92' lang='lat' dir='ltr'><strong>Et</strong></span> <span class='ocrx_word' id='word_1_142' title='bbox 394 2209 524 2269; x_wconf 84' lang='lat' dir='ltr'><strong>justi</strong></span> <span class='ocrx_word' id='word_1_143' title='bbox 551 2210 827 2270; x_wconf 89' lang='lat' dir='ltr'><strong>epulentur,</strong></span> <span class='ocrx_word' id='word_1_144' title='bbox 849 2217 897 2262; x_wconf 90' lang='lat' dir='ltr'><strong>et</strong></span> <span class='ocrx_word' id='word_1_145' title='bbox 915 2213 1138 2264; x_wconf 81' lang='lat' dir='ltr'><strong>exultent</strong></span> <span class='ocrx_word' id='word_1_146' title='bbox 1168 2213 1222 2264; x_wconf 89' lang='lat' dir='ltr'><strong>in</strong></span> 
     </span>
     <span class='ocr_line' id='line_1_31' title="bbox 221 2271 1225 2330; baseline 0.007 -10"><span class='ocrx_word' id='word_1_147' title='bbox 221 2277 509 2330; x_wconf 74' lang='lat' dir='ltr'><strong>conspectu</strong></span> <span class='ocrx_word' id='word_1_148' title='bbox 528 2271 653 2321; x_wconf 84' lang='lat' dir='ltr'><strong>Dei:</strong></span> <span class='ocrx_word' id='word_1_149' title='bbox 675 2276 722 2321; x_wconf 88' lang='lat' dir='ltr'><strong>et</strong></span> <span class='ocrx_word' id='word_1_150' title='bbox 741 2274 1041 2326; x_wconf 84' lang='lat' dir='ltr'><strong>delectentur</strong></span> <span class='ocrx_word' id='word_1_151' title='bbox 1064 2277 1117 2324; x_wconf 91' lang='lat' dir='ltr'><strong>in</strong></span> <span class='ocrx_word' id='word_1_152' title='bbox 1141 2277 1225 2327; x_wconf 86' lang='lat' dir='ltr'><strong>lae-</strong></span> 
     </span>
     <span class='ocr_line' id='line_1_32' title="bbox 219 2332 365 2382; baseline -0.007 -1"><span class='ocrx_word' id='word_1_153' title='bbox 219 2332 365 2382; x_wconf 85' lang='lat' dir='ltr'><strong>titia.</strong></span> 
     </span>
    </p>

    <p class='ocr_par' dir='ltr' id='par_1_14' title="bbox 227 2393 1226 2581">
     <span class='ocr_line' id='line_1_33' title="bbox 289 2393 1225 2455; baseline 0.004 -10"><span class='ocrx_word' id='word_1_154' title='bbox 289 2395 511 2445; x_wconf 85' lang='lat' dir='ltr'><strong>Cantate</strong></span> <span class='ocrx_word' id='word_1_155' title='bbox 529 2393 649 2455; x_wconf 84' lang='lat' dir='ltr'><strong>Dec,</strong></span> <span class='ocrx_word' id='word_1_156' title='bbox 681 2395 934 2455; x_wconf 87' lang='lat' dir='ltr'><strong>psalmum</strong></span> <span class='ocrx_word' id='word_1_157' title='bbox 965 2399 1114 2448; x_wconf 86' lang='lat' dir='ltr'><strong>dicite</strong></span> <span class='ocrx_word' id='word_1_158' title='bbox 1135 2411 1225 2448; x_wconf 91' lang='lat' dir='ltr'><strong>no-</strong></span> 
     </span>
     <span class='ocr_line' id='line_1_34' title="bbox 228 2456 1226 2520; baseline 0.005 -15"><span class='ocrx_word' id='word_1_159' title='bbox 228 2456 369 2505; x_wconf 86' lang='lat' dir='ltr'><strong>mini</strong></span> <span class='ocrx_word' id='word_1_160' title='bbox 384 2456 499 2517; x_wconf 81' lang='lat' dir='ltr'><strong>eJ&#39;us</strong></span> <span class='ocrx_word' id='word_1_161' title='bbox 518 2472 530 2504; x_wconf 74' lang='lat' dir='ltr'><em>z</em></span> <span class='ocrx_word' id='word_1_162' title='bbox 553 2457 648 2506; x_wconf 90' lang='lat' dir='ltr'><strong>iter</strong></span> <span class='ocrx_word' id='word_1_163' title='bbox 665 2457 808 2508; x_wconf 79' lang='lat' dir='ltr'><strong>facite</strong></span> <span class='ocrx_word' id='word_1_164' title='bbox 829 2460 873 2509; x_wconf 89' lang='lat' dir='ltr'><strong>ei</strong></span> <span class='ocrx_word' id='word_1_165' title='bbox 896 2461 984 2520; x_wconf 89' lang='lat' dir='ltr'><strong>qui</strong></span> <span class='ocrx_word' id='word_1_166' title='bbox 1002 2462 1226 2510; x_wconf 87' lang='lat' dir='ltr'><strong>ascendit</strong></span> 
     </span>
     <span class='ocr_line' id='line_1_35' title="bbox 227 2521 1113 2581; baseline 0.006 -16"><span class='ocrx_word' id='word_1_167' title='bbox 227 2529 291 2565; x_wconf 88' lang='lat' dir='ltr'><strong>su</strong></span> <span class='ocrx_word' id='word_1_168' title='bbox 329 2531 388 2567; x_wconf 88' lang='lat' dir='ltr'><strong>er</strong></span> <span class='ocrx_word' id='word_1_169' title='bbox 405 2530 661 2581; x_wconf 83' lang='lat' dir='ltr'><strong>occasum3</strong></span> <span class='ocrx_word' id='word_1_170' title='bbox 686 2521 794 2569; x_wconf 76' lang='lat' dir='ltr'><strong>Dns</strong></span> <span class='ocrx_word' id='word_1_171' title='bbox 814 2535 996 2570; x_wconf 91' lang='lat' dir='ltr'><strong>nomen</strong></span> <span class='ocrx_word' id='word_1_172' title='bbox 1020 2522 1113 2570; x_wconf 91' lang='lat' dir='ltr'><strong>illi.</strong></span> 
     </span>
    </p>

    <p class='ocr_par' dir='ltr' id='par_1_15' title="bbox 230 2580 1228 2764">
     <span class='ocr_line' id='line_1_36' title="bbox 342 2580 1228 2644; baseline 0.009 -18"><span class='ocrx_word' id='word_1_173' title='bbox 342 2580 530 2629; x_wconf 80' lang='lat' dir='ltr'><strong>xultate</strong></span> <span class='ocrx_word' id='word_1_174' title='bbox 545 2581 597 2628; x_wconf 92' lang='lat' dir='ltr'><strong>in</strong></span> <span class='ocrx_word' id='word_1_175' title='bbox 616 2588 883 2643; x_wconf 89' lang='lat' dir='ltr'><strong>conspectu</strong></span> <span class='ocrx_word' id='word_1_176' title='bbox 898 2585 1011 2644; x_wconf 87' lang='lat' dir='ltr'><strong>ejus</strong></span> <span class='ocrx_word' id='word_1_177' title='bbox 1030 2599 1042 2632; x_wconf 66' lang='grc' dir='ltr'>ι</span> <span class='ocrx_word' id='word_1_178' title='bbox 1061 2586 1228 2633; x_wconf 88' lang='lat' dir='ltr'><strong>turba·</strong></span> 
     </span>
     <span class='ocr_line' id='line_1_37' title="bbox 230 2639 1228 2706; baseline 0.007 -18"><span class='ocrx_word' id='word_1_179' title='bbox 230 2639 429 2690; x_wconf 88' lang='lat' dir='ltr'><strong>buntur</strong></span> <span class='ocrx_word' id='word_1_180' title='bbox 452 2655 479 2690; x_wconf 89' lang='lat' dir='ltr'><strong>a</strong></span> <span class='ocrx_word' id='word_1_181' title='bbox 503 2642 624 2691; x_wconf 76' lang='lat' dir='ltr'><strong>facie</strong></span> <span class='ocrx_word' id='word_1_182' title='bbox 644 2644 687 2704; x_wconf 86' lang='lat' dir='ltr'><strong>ej</strong></span> <span class='ocrx_word' id='word_1_183' title='bbox 696 2657 771 2702; x_wconf 74' lang='lat' dir='ltr'><strong>ua,</strong></span> <span class='ocrx_word' id='word_1_184' title='bbox 796 2645 955 2704; x_wconf 89' lang='lat' dir='ltr'><strong>patris</strong></span> <span class='ocrx_word' id='word_1_185' title='bbox 984 2648 1228 2706; x_wconf 88' lang='lat' dir='ltr'><strong>orphano-</strong></span> 
     </span>
     <span class='ocr_line' id='line_1_38' title="bbox 233 2704 974 2764; baseline 0.007 -14"><span class='ocrx_word' id='word_1_186' title='bbox 233 2715 375 2762; x_wconf 86' lang='lat' dir='ltr'><strong>rum,</strong></span> <span class='ocrx_word' id='word_1_187' title='bbox 400 2710 449 2753; x_wconf 92' lang='lat' dir='ltr'><strong>et</strong></span> <span class='ocrx_word' id='word_1_188' title='bbox 464 2704 652 2764; x_wconf 85' lang='lat' dir='ltr'><strong>judicis</strong></span> <span class='ocrx_word' id='word_1_189' title='bbox 682 2706 974 2755; x_wconf 73' lang='lat' dir='ltr'><strong>viduarum.</strong></span> 
     </span>
    </p>

    <p class='ocr_par' dir='ltr' id='par_1_16' title="bbox 232 2766 1228 2880">
     <span class='ocr_line' id='line_1_39' title="bbox 296 2766 1228 2830; baseline 0.004 -17"><span class='ocrx_word' id='word_1_190' title='bbox 296 2766 439 2814; x_wconf 88' lang='lat' dir='ltr'><strong>Deus</strong></span> <span class='ocrx_word' id='word_1_191' title='bbox 460 2767 512 2814; x_wconf 89' lang='lat' dir='ltr'><strong>in</strong></span> <span class='ocrx_word' id='word_1_192' title='bbox 540 2767 641 2814; x_wconf 93' lang='lat' dir='ltr'><strong>loco</strong></span> <span class='ocrx_word' id='word_1_193' title='bbox 657 2773 830 2816; x_wconf 86' lang='lat' dir='ltr'><strong>sancto</strong></span> <span class='ocrx_word' id='word_1_194' title='bbox 847 2781 939 2816; x_wconf 89' lang='lat' dir='ltr'><strong>suo</strong></span> <span class='ocrx_word' id='word_1_195' title='bbox 956 2784 967 2817; x_wconf 78' lang='grc' dir='ltr'><strong><em>ε</em></strong></span> <span class='ocrx_word' id='word_1_196' title='bbox 987 2769 1122 2818; x_wconf 90' lang='lat' dir='ltr'><strong>Deus</strong></span> <span class='ocrx_word' id='word_1_197' title='bbox 1137 2768 1228 2830; x_wconf 86' lang='lat' dir='ltr'><strong>qui</strong></span> 
     </span>
     <span class='ocr_line' id='line_1_40' title="bbox 232 2824 1226 2880; baseline 0.007 -7"><span class='ocrx_word' id='word_1_198' title='bbox 232 2824 523 2877; x_wconf 87' lang='lat' dir='ltr'><strong>inhabitare</strong></span> <span class='ocrx_word' id='word_1_199' title='bbox 537 2827 653 2876; x_wconf 78' lang='lat' dir='ltr'><strong>facit</strong></span> <span class='ocrx_word' id='word_1_200' title='bbox 662 2830 818 2878; x_wconf 90' lang='lat' dir='ltr'><strong>unius</strong></span> <span class='ocrx_word' id='word_1_201' title='bbox 830 2831 986 2879; x_wconf 87' lang='lat' dir='ltr'><strong>moris</strong></span> <span class='ocrx_word' id='word_1_202' title='bbox 996 2831 1047 2878; x_wconf 90' lang='lat' dir='ltr'><strong>in</strong></span> <span class='ocrx_word' id='word_1_203' title='bbox 1060 2832 1226 2880; x_wconf 90' lang='lat' dir='ltr'><strong>domo.</strong></span> 
     </span>
    </p>

    <p class='ocr_par' dir='ltr' id='par_1_17' title="bbox 235 2889 1231 3074">
     <span class='ocr_line' id='line_1_41' title="bbox 296 2889 1227 2949; baseline 0.008 -14"><span class='ocrx_word' id='word_1_204' title='bbox 296 2889 405 2949; x_wconf 87' lang='lat' dir='ltr'><strong>Qui</strong></span> <span class='ocrx_word' id='word_1_205' title='bbox 422 2890 588 2939; x_wconf 87' lang='lat' dir='ltr'><strong>educit</strong></span> <span class='ocrx_word' id='word_1_206' title='bbox 609 2890 802 2940; x_wconf 79' lang='lat' dir='ltr'><strong>vinctos</strong></span> <span class='ocrx_word' id='word_1_207' title='bbox 821 2893 874 2940; x_wconf 91' lang='lat' dir='ltr'><strong>in</strong></span> <span class='ocrx_word' id='word_1_208' title='bbox 899 2892 1191 2942; x_wconf 76' lang='lat' dir='ltr'><strong>fortitudine</strong></span> <span class='ocrx_word' id='word_1_209' title='bbox 1214 2907 1227 2942; x_wconf 73' lang='grc' dir='ltr'><strong>ε</strong></span> 
     </span>
     <span class='ocr_line' id='line_1_42' title="bbox 235 2949 1231 3015; baseline 0.006 -18"><span class='ocrx_word' id='word_1_210' title='bbox 235 2949 477 3000; x_wconf 86' lang='lat' dir='ltr'><strong>similiter</strong></span> <span class='ocrx_word' id='word_1_211' title='bbox 498 2965 581 3001; x_wconf 89' lang='lat' dir='ltr'><strong>eos</strong></span> <span class='ocrx_word' id='word_1_212' title='bbox 598 2955 684 3013; x_wconf 89' lang='lat' dir='ltr'><strong>qui</strong></span> <span class='ocrx_word' id='word_1_213' title='bbox 702 2960 1011 3014; x_wconf 78' lang='lat' dir='ltr'><strong>exasperant,</strong></span> <span class='ocrx_word' id='word_1_214' title='bbox 1035 2954 1125 3015; x_wconf 90' lang='lat' dir='ltr'><strong>qui</strong></span> <span class='ocrx_word' id='word_1_215' title='bbox 1145 2956 1231 3004; x_wconf 87' lang='lat' dir='ltr'><strong>ha·</strong></span> 
     </span>
     <span class='ocr_line' id='line_1_43' title="bbox 236 3010 803 3074; baseline 0.004 -13"><span class='ocrx_word' id='word_1_216' title='bbox 236 3010 407 3061; x_wconf 85' lang='lat' dir='ltr'><strong>bitant</strong></span> <span class='ocrx_word' id='word_1_217' title='bbox 426 3012 481 3061; x_wconf 91' lang='lat' dir='ltr'><strong>in</strong></span> <span class='ocrx_word' id='word_1_218' title='bbox 504 3014 803 3074; x_wconf 78' lang='lat' dir='ltr'><strong>sepulchris·</strong></span> 
     </span>
    </p>

    <p class='ocr_par' dir='ltr' id='par_1_18' title="bbox 298 3075 1231 3138">
     <span class='ocr_line' id='line_1_44' title="bbox 298 3075 1231 3138; baseline 0.004 -15"><span class='ocrx_word' id='word_1_219' title='bbox 298 3075 441 3123; x_wconf 89' lang='lat' dir='ltr'><strong>Deus</strong></span> <span class='ocrx_word' id='word_1_220' title='bbox 452 3075 571 3124; x_wconf 78' lang='lat' dir='ltr'><strong>cum</strong></span> <span class='ocrx_word' id='word_1_221' title='bbox 584 3075 891 3136; x_wconf 82' lang='lat' dir='ltr'><strong>egredereris</strong></span> <span class='ocrx_word' id='word_1_222' title='bbox 902 3075 953 3124; x_wconf 92' lang='lat' dir='ltr'><strong>in</strong></span> <span class='ocrx_word' id='word_1_223' title='bbox 966 3082 1231 3138; x_wconf 87' lang='lat' dir='ltr'><strong>conspectu</strong></span> 
     </span>
    </p>
   </div>
   <div class='ocr_carea' id='block_1_3' title="bbox 238 3136 1232 3259">
    <p class='ocr_par' dir='ltr' id='par_1_19' title="bbox 238 3136 1232 3259">
     <span class='ocr_line' id='line_1_45' title="bbox 238 3136 1232 3246; baseline 0.006 -62"><span class='ocrx_word' id='word_1_224' title='bbox 238 3136 416 3246; x_wconf 50' lang='lat' dir='ltr'><strong>{eoquli</strong></span> <span class='ocrx_word' id='word_1_225' title='bbox 438 3138 514 3185; x_wconf 92' lang='lat' dir='ltr'><strong>tui</strong></span> <span class='ocrx_word' id='word_1_226' title='bbox 538 3153 552 3186; x_wconf 72' lang='grc' dir='ltr'>ε</span> <span class='ocrx_word' id='word_1_227' title='bbox 575 3138 694 3186; x_wconf 80' lang='lat' dir='ltr'><strong>cum</strong></span> <span class='ocrx_word' id='word_1_228' title='bbox 717 3140 1049 3199; x_wconf 85' lang='lat' dir='ltr'><strong>pertransires</strong></span> <span class='ocrx_word' id='word_1_229' title='bbox 1071 3141 1124 3188; x_wconf 92' lang='lat' dir='ltr'><strong>in</strong></span> <span class='ocrx_word' id='word_1_230' title='bbox 1146 3142 1232 3190; x_wconf 91' lang='lat' dir='ltr'><strong>de-</strong></span> 
     </span>
     <span class='ocr_line' id='line_1_46' title="bbox 294 3211 406 3259; baseline 0 -13"><span class='ocrx_word' id='word_1_231' title='bbox 294 3212 321 3246; x_wconf 94' lang='lat' dir='ltr'><strong>r</strong></span> <span class='ocrx_word' id='word_1_232' title='bbox 345 3211 406 3259; x_wconf 70' lang='grc' dir='ltr'><strong>ος</strong></span> 
     </span>
    </p>
   </div>
   <div class='ocr_carea' id='block_1_4' title="bbox 302 3260 1235 3323">
    <p class='ocr_par' dir='ltr' id='par_1_20' title="bbox 302 3260 1235 3323">
     <span class='ocr_line' id='line_1_47' title="bbox 302 3260 1235 3323; baseline 0.002 -15"><span class='ocrx_word' id='word_1_233' title='bbox 302 3260 462 3309; x_wconf 85' lang='lat' dir='ltr'><strong>Terra</strong></span> <span class='ocrx_word' id='word_1_234' title='bbox 479 3265 614 3308; x_wconf 90' lang='lat' dir='ltr'><strong>mota</strong></span> <span class='ocrx_word' id='word_1_235' title='bbox 631 3266 729 3323; x_wconf 90' lang='lat' dir='ltr'><strong>est;</strong></span> <span class='ocrx_word' id='word_1_236' title='bbox 752 3262 936 3310; x_wconf 88' lang='lat' dir='ltr'><strong>etenim</strong></span> <span class='ocrx_word' id='word_1_237' title='bbox 953 3260 1064 3311; x_wconf 89' lang='lat' dir='ltr'><strong>coeli</strong></span> <span class='ocrx_word' id='word_1_238' title='bbox 1077 3261 1235 3312; x_wconf 89' lang='lat' dir='ltr'><strong>distil-</strong></span> 
     </span>
    </p>
   </div>
   <div class='ocr_carea' id='block_1_5' title="bbox 240 3319 1234 3432">
    <p class='ocr_par' dir='ltr' id='par_1_21' title="bbox 240 3319 1234 3432">
     <span class='ocr_line' id='line_1_48' title="bbox 240 3319 1234 3374; baseline 0.006 -6"><span class='ocrx_word' id='word_1_239' title='bbox 240 3319 478 3370; x_wconf 83' lang='lat' dir='ltr'><strong>laverunt</strong></span> <span class='ocrx_word' id='word_1_240' title='bbox 509 3335 538 3370; x_wconf 90' lang='lat' dir='ltr'><strong>a</strong></span> <span class='ocrx_word' id='word_1_241' title='bbox 572 3322 694 3372; x_wconf 75' lang='lat' dir='ltr'><strong>facie</strong></span> <span class='ocrx_word' id='word_1_242' title='bbox 722 3323 814 3373; x_wconf 88' lang='lat' dir='ltr'><strong>Dei</strong></span> <span class='ocrx_word' id='word_1_243' title='bbox 836 3323 1017 3374; x_wconf 86' lang='lat' dir='ltr'><strong>Sinai:</strong></span> <span class='ocrx_word' id='word_1_244' title='bbox 1049 3336 1080 3373; x_wconf 88' lang='lat' dir='ltr'><strong>a</strong></span> <span class='ocrx_word' id='word_1_245' title='bbox 1114 3325 1234 3374; x_wconf 76' lang='lat' dir='ltr'><strong>facie</strong></span> 
     </span>
     <span class='ocr_line' id='line_1_49' title="bbox 240 3381 530 3432; baseline 0.003 -1"><span class='ocrx_word' id='word_1_246' title='bbox 240 3381 334 3432; x_wconf 89' lang='lat' dir='ltr'><strong>Dei</strong></span> <span class='ocrx_word' id='word_1_247' title='bbox 356 3385 530 3432; x_wconf 73' lang='lat' dir='ltr'><strong>Israel.</strong></span> 
     </span>
    </p>
   </div>
   <div class='ocr_carea' id='block_1_6' title="bbox 244 3444 1235 3570">
    <p class='ocr_par' dir='ltr' id='par_1_22' title="bbox 244 3444 1235 3570">
     <span class='ocr_line' id='line_1_50' title="bbox 306 3444 1235 3509; baseline 0.003 -15"><span class='ocrx_word' id='word_1_248' title='bbox 306 3444 542 3494; x_wconf 84' lang='lat' dir='ltr'><strong>Pluviam</strong></span> <span class='ocrx_word' id='word_1_249' title='bbox 576 3446 913 3496; x_wconf 85' lang='lat' dir='ltr'><strong>voluntariam</strong></span> <span class='ocrx_word' id='word_1_250' title='bbox 950 3449 1235 3509; x_wconf 81' lang='lat' dir='ltr'><strong>segregabis</strong></span> 
     </span>
     <span class='ocr_line' id='line_1_51' title="bbox 244 3504 1233 3570; baseline 0.005 -16"><span class='ocrx_word' id='word_1_251' title='bbox 244 3504 383 3557; x_wconf 86' lang='lat' dir='ltr'><strong>Deus</strong></span> <span class='ocrx_word' id='word_1_252' title='bbox 414 3507 696 3558; x_wconf 66' lang='lat' dir='ltr'><strong>haereditati</strong></span> <span class='ocrx_word' id='word_1_253' title='bbox 732 3513 856 3570; x_wconf 56' lang='lat' dir='ltr'><strong>tuan</strong></span> <span class='ocrx_word' id='word_1_254' title='bbox 898 3513 947 3558; x_wconf 86' lang='lat' dir='ltr'><strong>et</strong></span> <span class='ocrx_word' id='word_1_255' title='bbox 974 3509 1233 3560; x_wconf 82' lang='lat' dir='ltr'><strong>infirmata</strong></span> 
     </span>
    </p>
   </div>
   <div class='ocr_carea' id='block_1_7' title="bbox 1309 482 2312 2887">
    <p class='ocr_par' dir='ltr' id='par_1_23' title="bbox 1309 482 2218 543">
     <span class='ocr_line' id='line_1_52' title="bbox 1309 482 2218 543; baseline 0.003 -13"><span class='ocrx_word' id='word_1_256' title='bbox 1309 486 1385 530; x_wconf 82' lang='lat' dir='ltr'><strong>est</strong></span> <span class='ocrx_word' id='word_1_257' title='bbox 1438 495 1452 531; x_wconf 76' lang='grc' dir='ltr'><strong><em>ε</em></strong></span> <span class='ocrx_word' id='word_1_258' title='bbox 1506 484 1564 529; x_wconf 88' lang='lat' dir='ltr'><strong>tu</strong></span> <span class='ocrx_word' id='word_1_259' title='bbox 1617 492 1734 531; x_wconf 79' lang='lat' dir='ltr'><strong>vero</strong></span> <span class='ocrx_word' id='word_1_260' title='bbox 1786 482 2033 543; x_wconf 63' lang='lat' dir='ltr'><strong>perfecisti</strong></span> <span class='ocrx_word' id='word_1_261' title='bbox 2086 496 2218 533; x_wconf 85' lang='lat' dir='ltr'><strong>eam.</strong></span> 
     </span>
    </p>

    <p class='ocr_par' dir='ltr' id='par_1_24' title="bbox 1311 542 2297 667">
     <span class='ocr_line' id='line_1_53' title="bbox 1374 542 2297 607; baseline 0.005 -15"><span class='ocrx_word' id='word_1_262' title='bbox 1374 542 1634 592; x_wconf 80' lang='lat' dir='ltr'><strong>Animalia</strong></span> <span class='ocrx_word' id='word_1_263' title='bbox 1646 550 1732 593; x_wconf 88' lang='lat' dir='ltr'><strong>tua</strong></span> <span class='ocrx_word' id='word_1_264' title='bbox 1742 545 2041 594; x_wconf 87' lang='lat' dir='ltr'><strong>habitabunt</strong></span> <span class='ocrx_word' id='word_1_265' title='bbox 2053 547 2107 594; x_wconf 91' lang='lat' dir='ltr'><strong>ln</strong></span> <span class='ocrx_word' id='word_1_266' title='bbox 2120 559 2175 594; x_wconf 90' lang='lat' dir='ltr'><strong>ea</strong></span> <span class='ocrx_word' id='word_1_267' title='bbox 2190 562 2202 596; x_wconf 76' lang='lat' dir='ltr'><em>z</em></span> <span class='ocrx_word' id='word_1_268' title='bbox 2216 561 2297 607; x_wconf 86' lang='lat' dir='ltr'><strong>pa-</strong></span> 
     </span>
     <span class='ocr_line' id='line_1_54' title="bbox 1311 603 2293 667; baseline 0.004 -14"><span class='ocrx_word' id='word_1_269' title='bbox 1311 605 1434 653; x_wconf 86' lang='lat' dir='ltr'><strong>rasti</strong></span> <span class='ocrx_word' id='word_1_270' title='bbox 1448 603 1502 652; x_wconf 90' lang='lat' dir='ltr'><strong>in</strong></span> <span class='ocrx_word' id='word_1_271' title='bbox 1520 606 1781 655; x_wconf 88' lang='lat' dir='ltr'><strong>dulcedine</strong></span> <span class='ocrx_word' id='word_1_272' title='bbox 1796 613 1881 655; x_wconf 90' lang='lat' dir='ltr'><strong>tua</strong></span> <span class='ocrx_word' id='word_1_273' title='bbox 1899 607 2123 667; x_wconf 88' lang='lat' dir='ltr'><strong>pauperi,</strong></span> <span class='ocrx_word' id='word_1_274' title='bbox 2141 609 2293 658; x_wconf 87' lang='lat' dir='ltr'><strong>Deus.</strong></span> 
     </span>
    </p>

    <p class='ocr_par' dir='ltr' id='par_1_25' title="bbox 1309 667 2297 778">
     <span class='ocr_line' id='line_1_55' title="bbox 1372 667 2297 731; baseline 0.006 -18"><span class='ocrx_word' id='word_1_275' title='bbox 1372 667 1481 715; x_wconf 77' lang='lat' dir='ltr'><strong>Dns</strong></span> <span class='ocrx_word' id='word_1_276' title='bbox 1510 667 1650 715; x_wconf 87' lang='lat' dir='ltr'><strong>dabit</strong></span> <span class='ocrx_word' id='word_1_277' title='bbox 1671 669 1882 716; x_wconf 81' lang='lat' dir='ltr'><strong>verbum</strong></span> <span class='ocrx_word' id='word_1_278' title='bbox 1909 670 2297 731; x_wconf 85' lang='lat' dir='ltr'><strong>euangelizanti·</strong></span> 
     </span>
     <span class='ocr_line' id='line_1_56' title="bbox 1309 728 1843 778; baseline 0.004 -2"><span class='ocrx_word' id='word_1_279' title='bbox 1309 728 1404 777; x_wconf 91' lang='lat' dir='ltr'><strong>bus</strong></span> <span class='ocrx_word' id='word_1_280' title='bbox 1424 742 1436 775; x_wconf 76' lang='lat' dir='ltr'><em>z</em></span> <span class='ocrx_word' id='word_1_281' title='bbox 1460 728 1644 776; x_wconf 70' lang='lat' dir='ltr'><strong>virtute</strong></span> <span class='ocrx_word' id='word_1_282' title='bbox 1666 731 1843 778; x_wconf 86' lang='lat' dir='ltr'><strong>multa.</strong></span> 
     </span>
    </p>

    <p class='ocr_par' dir='ltr' id='par_1_26' title="bbox 1309 790 2297 913">
     <span class='ocr_line' id='line_1_57' title="bbox 1373 790 2297 843; baseline 0.004 -6"><span class='ocrx_word' id='word_1_283' title='bbox 1373 790 1481 837; x_wconf 77' lang='lat' dir='ltr'><strong>Rex</strong></span> <span class='ocrx_word' id='word_1_284' title='bbox 1511 790 1758 837; x_wconf 60' lang='lat' dir='ltr'><strong>virtutum</strong></span> <span class='ocrx_word' id='word_1_285' title='bbox 1791 791 1959 840; x_wconf 84' lang='lat' dir='ltr'><strong>dilecti</strong></span> <span class='ocrx_word' id='word_1_286' title='bbox 1991 792 2157 842; x_wconf 83' lang='lat' dir='ltr'><strong>(illecti</strong></span> <span class='ocrx_word' id='word_1_287' title='bbox 2192 809 2206 842; x_wconf 72' lang='grc' dir='ltr'><strong>ε</strong></span> <span class='ocrx_word' id='word_1_288' title='bbox 2248 800 2297 843; x_wconf 92' lang='lat' dir='ltr'><strong>et</strong></span> 
     </span>
     <span class='ocr_line' id='line_1_58' title="bbox 1309 851 2126 913; baseline 0.004 -14"><span class='ocrx_word' id='word_1_289' title='bbox 1309 851 1494 911; x_wconf 85' lang='lat' dir='ltr'><strong>speciei</strong></span> <span class='ocrx_word' id='word_1_290' title='bbox 1513 851 1695 899; x_wconf 78' lang='lat' dir='ltr'><strong>(lomus</strong></span> <span class='ocrx_word' id='word_1_291' title='bbox 1714 853 1934 902; x_wconf 77' lang='lat' dir='ltr'><strong>dividere</strong></span> <span class='ocrx_word' id='word_1_292' title='bbox 1952 855 2126 913; x_wconf 89' lang='lat' dir='ltr'><strong>spolia.</strong></span> 
     </span>
    </p>

    <p class='ocr_par' dir='ltr' id='par_1_27' title="bbox 1311 912 2299 1098">
     <span class='ocr_line' id='line_1_59' title="bbox 1374 912 2295 976; baseline 0.005 -15"><span class='ocrx_word' id='word_1_293' title='bbox 1374 912 1429 961; x_wconf 91' lang='lat' dir='ltr'><strong>Si</strong></span> <span class='ocrx_word' id='word_1_294' title='bbox 1449 912 1712 961; x_wconf 84' lang='lat' dir='ltr'><strong>dormiatis</strong></span> <span class='ocrx_word' id='word_1_295' title='bbox 1741 914 1869 963; x_wconf 89' lang='lat' dir='ltr'><strong>inter</strong></span> <span class='ocrx_word' id='word_1_296' title='bbox 1901 916 2092 964; x_wconf 89' lang='lat' dir='ltr'><strong>medios</strong></span> <span class='ocrx_word' id='word_1_297' title='bbox 2121 918 2295 976; x_wconf 80' lang='lat' dir='ltr'><strong>clerOS,</strong></span> 
     </span>
     <span class='ocr_line' id='line_1_60' title="bbox 1312 975 2299 1037; baseline 0.008 -16"><span class='ocrx_word' id='word_1_298' title='bbox 1312 987 1489 1034; x_wconf 80' lang='lat' dir='ltr'><strong>pennae</strong></span> <span class='ocrx_word' id='word_1_299' title='bbox 1535 975 1778 1025; x_wconf 60' lang='lat' dir='ltr'><strong>columbas</strong></span> <span class='ocrx_word' id='word_1_300' title='bbox 1822 977 2155 1037; x_wconf 58' lang='lat' dir='ltr'><strong>deargentata}</strong></span> <span class='ocrx_word' id='word_1_301' title='bbox 2188 994 2202 1027; x_wconf 90' lang='lat'>:</span> <span class='ocrx_word' id='word_1_302' title='bbox 2250 984 2299 1028; x_wconf 91' lang='lat' dir='ltr'><strong>et</strong></span> 
     </span>
     <span class='ocr_line' id='line_1_61' title="bbox 1311 1036 2298 1098; baseline 0.005 -14"><span class='ocrx_word' id='word_1_303' title='bbox 1311 1036 1584 1095; x_wconf 88' lang='lat' dir='ltr'><strong>posteriora</strong></span> <span class='ocrx_word' id='word_1_304' title='bbox 1606 1037 1743 1086; x_wconf 88' lang='lat' dir='ltr'><strong>dorsi</strong></span> <span class='ocrx_word' id='word_1_305' title='bbox 1757 1038 1871 1098; x_wconf 87' lang='lat' dir='ltr'><strong>ejus</strong></span> <span class='ocrx_word' id='word_1_306' title='bbox 1884 1038 1938 1085; x_wconf 90' lang='lat' dir='ltr'><strong>in</strong></span> <span class='ocrx_word' id='word_1_307' title='bbox 1964 1040 2146 1097; x_wconf 89' lang='lat' dir='ltr'><strong>pallore</strong></span> <span class='ocrx_word' id='word_1_308' title='bbox 2167 1042 2298 1089; x_wconf 90' lang='lat' dir='ltr'><strong>auri.</strong></span> 
     </span>
    </p>

    <p class='ocr_par' dir='ltr' id='par_1_28' title="bbox 1314 1098 2303 1286">
     <span class='ocr_line' id='line_1_62' title="bbox 1373 1098 2303 1161; baseline 0.006 -16"><span class='ocrx_word' id='word_1_309' title='bbox 1373 1098 1511 1146; x_wconf 90' lang='lat' dir='ltr'><strong>Dum</strong></span> <span class='ocrx_word' id='word_1_310' title='bbox 1533 1098 1774 1147; x_wconf 82' lang='lat' dir='ltr'><strong>discernit</strong></span> <span class='ocrx_word' id='word_1_311' title='bbox 1792 1101 2018 1149; x_wconf 85' lang='lat' dir='ltr'><strong>Coelestis</strong></span> <span class='ocrx_word' id='word_1_312' title='bbox 2051 1114 2190 1161; x_wconf 83' lang='lat' dir='ltr'><strong>reges</strong></span> <span class='ocrx_word' id='word_1_313' title='bbox 2221 1114 2303 1150; x_wconf 91' lang='lat' dir='ltr'><strong>su-</strong></span> 
     </span>
     <span class='ocr_line' id='line_1_63' title="bbox 1314 1161 2302 1221; baseline 0.005 -14"><span class='ocrx_word' id='word_1_314' title='bbox 1314 1171 1400 1221; x_wconf 90' lang='lat' dir='ltr'><strong>per</strong></span> <span class='ocrx_word' id='word_1_315' title='bbox 1421 1173 1551 1220; x_wconf 88' lang='lat' dir='ltr'><strong>eam,</strong></span> <span class='ocrx_word' id='word_1_316' title='bbox 1577 1161 1692 1211; x_wconf 86' lang='lat' dir='ltr'><strong>nive</strong></span> <span class='ocrx_word' id='word_1_317' title='bbox 1712 1163 2078 1211; x_wconf 85' lang='lat' dir='ltr'><strong>dealbabuntur</strong></span> <span class='ocrx_word' id='word_1_318' title='bbox 2111 1164 2164 1211; x_wconf 91' lang='lat' dir='ltr'><strong>in</strong></span> <span class='ocrx_word' id='word_1_319' title='bbox 2198 1164 2302 1212; x_wconf 91' lang='lat' dir='ltr'><strong>Sel-</strong></span> 
     </span>
     <span class='ocr_line' id='line_1_64' title="bbox 1314 1224 2174 1286; baseline 0.005 -17"><span class='ocrx_word' id='word_1_320' title='bbox 1314 1234 1433 1270; x_wconf 93' lang='lat' dir='ltr'><strong>mon</strong></span> <span class='ocrx_word' id='word_1_321' title='bbox 1454 1238 1467 1270; x_wconf 89' lang='lat'>:</span> <span class='ocrx_word' id='word_1_322' title='bbox 1487 1236 1633 1272; x_wconf 89' lang='lat' dir='ltr'><strong>mons</strong></span> <span class='ocrx_word' id='word_1_323' title='bbox 1647 1224 1758 1283; x_wconf 91' lang='lat' dir='ltr'><strong>Dei,</strong></span> <span class='ocrx_word' id='word_1_324' title='bbox 1781 1237 1931 1273; x_wconf 92' lang='lat' dir='ltr'><strong>mons</strong></span> <span class='ocrx_word' id='word_1_325' title='bbox 1949 1224 2174 1286; x_wconf 77' lang='lat' dir='ltr'><strong>pinguis·</strong></span> 
     </span>
    </p>

    <p class='ocr_par' dir='ltr' id='par_1_29' title="bbox 1314 1284 2302 1456">
     <span class='ocr_line' id='line_1_65' title="bbox 1375 1284 2300 1348; baseline 0.002 -14"><span class='ocrx_word' id='word_1_326' title='bbox 1375 1284 1528 1334; x_wconf 90' lang='lat' dir='ltr'><strong>Mons</strong></span> <span class='ocrx_word' id='word_1_327' title='bbox 1552 1288 1859 1346; x_wconf 79' lang='lat' dir='ltr'><strong>coagulatuS,</strong></span> <span class='ocrx_word' id='word_1_328' title='bbox 1884 1299 2035 1335; x_wconf 92' lang='lat' dir='ltr'><strong>mons</strong></span> <span class='ocrx_word' id='word_1_329' title='bbox 2061 1288 2300 1348; x_wconf 84' lang='lat' dir='ltr'><strong>pinguis:</strong></span> 
     </span>
     <span class='ocr_line' id='line_1_66' title="bbox 1314 1347 2302 1454; baseline 0.007 -63"><span class='ocrx_word' id='word_1_330' title='bbox 1314 1349 1369 1454; x_wconf 47' lang='lat' dir='ltr'><strong>pt</strong></span> <span class='ocrx_word' id='word_1_331' title='bbox 1399 1347 1524 1407; x_wconf 88' lang='lat' dir='ltr'><strong>quid</strong></span> <span class='ocrx_word' id='word_1_332' title='bbox 1555 1348 1885 1408; x_wconf 87' lang='lat' dir='ltr'><strong>suspicamini</strong></span> <span class='ocrx_word' id='word_1_333' title='bbox 1908 1355 2104 1398; x_wconf 88' lang='lat' dir='ltr'><strong>montes</strong></span> <span class='ocrx_word' id='word_1_334' title='bbox 2125 1362 2302 1410; x_wconf 80' lang='lat' dir='ltr'><strong>coagu-</strong></span> 
     </span>
     <span class='ocr_line' id='line_1_67' title="bbox 1332 1411 1476 1456; baseline 0.014 -2"><span class='ocrx_word' id='word_1_335' title='bbox 1332 1411 1476 1456; x_wconf 69' lang='lat' dir='ltr'><strong>atos?</strong></span> 
     </span>
    </p>

    <p class='ocr_par' dir='ltr' id='par_1_30' title="bbox 1315 1469 2305 1641">
     <span class='ocr_line' id='line_1_68' title="bbox 1379 1469 2304 1530; baseline 0.001 -12"><span class='ocrx_word' id='word_1_336' title='bbox 1379 1469 1532 1518; x_wconf 87' lang='lat' dir='ltr'><strong>Mons</strong></span> <span class='ocrx_word' id='word_1_337' title='bbox 1575 1470 1628 1516; x_wconf 90' lang='lat' dir='ltr'><strong>in</strong></span> <span class='ocrx_word' id='word_1_338' title='bbox 1675 1482 1775 1529; x_wconf 86' lang='lat' dir='ltr'><strong>quo</strong></span> <span class='ocrx_word' id='word_1_339' title='bbox 1815 1470 2185 1530; x_wconf 85' lang='lat' dir='ltr'><strong>beneplacitum</strong></span> <span class='ocrx_word' id='word_1_340' title='bbox 2229 1477 2304 1520; x_wconf 90' lang='lat' dir='ltr'><strong>est</strong></span> 
     </span>
     <span class='ocr_line' id='line_1_69' title="bbox 1316 1530 2305 1581; baseline 0.004 -4"><span class='ocrx_word' id='word_1_341' title='bbox 1316 1530 1418 1577; x_wconf 85' lang='lat' dir='ltr'><strong>Deo</strong></span> <span class='ocrx_word' id='word_1_342' title='bbox 1435 1530 1663 1579; x_wconf 78' lang='lat' dir='ltr'><strong>babitare</strong></span> <span class='ocrx_word' id='word_1_343' title='bbox 1678 1532 1732 1580; x_wconf 91' lang='lat' dir='ltr'><strong>in</strong></span> <span class='ocrx_word' id='word_1_344' title='bbox 1749 1545 1839 1581; x_wconf 85' lang='lat' dir='ltr'><strong>eo:</strong></span> <span class='ocrx_word' id='word_1_345' title='bbox 1860 1532 2049 1580; x_wconf 88' lang='lat' dir='ltr'><strong>etenim</strong></span> <span class='ocrx_word' id='word_1_346' title='bbox 2077 1534 2188 1581; x_wconf 77' lang='lat' dir='ltr'><strong>Diis</strong></span> <span class='ocrx_word' id='word_1_347' title='bbox 2213 1533 2305 1581; x_wconf 84' lang='lat' dir='ltr'><strong>ha·-</strong></span> 
     </span>
     <span class='ocr_line' id='line_1_70' title="bbox 1315 1591 1757 1641; baseline 0.005 -2"><span class='ocrx_word' id='word_1_348' title='bbox 1315 1591 1497 1639; x_wconf 87' lang='lat' dir='ltr'><strong>bitabit</strong></span> <span class='ocrx_word' id='word_1_349' title='bbox 1513 1592 1565 1640; x_wconf 90' lang='lat' dir='ltr'><strong>in</strong></span> <span class='ocrx_word' id='word_1_350' title='bbox 1584 1594 1757 1641; x_wconf 88' lang='lat' dir='ltr'><strong>finem.</strong></span> 
     </span>
    </p>

    <p class='ocr_par' dir='ltr' id='par_1_31' title="bbox 1317 1652 2307 1829">
     <span class='ocr_line' id='line_1_71' title="bbox 1379 1652 2307 1706; baseline 0.002 -2"><span class='ocrx_word' id='word_1_351' title='bbox 1379 1652 1575 1704; x_wconf 89' lang='lat' dir='ltr'><strong>Currus</strong></span> <span class='ocrx_word' id='word_1_352' title='bbox 1590 1654 1679 1703; x_wconf 84' lang='lat' dir='ltr'><strong>Dei</strong></span> <span class='ocrx_word' id='word_1_353' title='bbox 1697 1656 1867 1704; x_wconf 75' lang='lat' dir='ltr'><strong>decem</strong></span> <span class='ocrx_word' id='word_1_354' title='bbox 1888 1653 2117 1704; x_wconf 86' lang='lat' dir='ltr'><strong>millibus</strong></span> <span class='ocrx_word' id='word_1_355' title='bbox 2132 1655 2307 1706; x_wconf 85' lang='lat' dir='ltr'><strong>multi-</strong></span> 
     </span>
     <span class='ocr_line' id='line_1_72' title="bbox 1317 1715 2302 1778; baseline 0.005 -16"><span class='ocrx_word' id='word_1_356' title='bbox 1317 1715 1441 1776; x_wconf 85' lang='lat' dir='ltr'><strong>plex,</strong></span> <span class='ocrx_word' id='word_1_357' title='bbox 1458 1717 1617 1766; x_wconf 91' lang='lat' dir='ltr'><strong>millia</strong></span> <span class='ocrx_word' id='word_1_358' title='bbox 1634 1718 1912 1768; x_wconf 66' lang='lat' dir='ltr'><strong>laetantium</strong></span> <span class='ocrx_word' id='word_1_359' title='bbox 1927 1733 1939 1767; x_wconf 90' lang='lat'><strong>:</strong></span> <span class='ocrx_word' id='word_1_360' title='bbox 1956 1719 2065 1767; x_wconf 73' lang='lat' dir='ltr'><strong>Diis</strong></span> <span class='ocrx_word' id='word_1_361' title='bbox 2077 1719 2129 1767; x_wconf 89' lang='lat' dir='ltr'><strong>in</strong></span> <span class='ocrx_word' id='word_1_362' title='bbox 2143 1719 2232 1778; x_wconf 88' lang='lat' dir='ltr'><strong>eis,</strong></span> <span class='ocrx_word' id='word_1_363' title='bbox 2248 1720 2302 1767; x_wconf 89' lang='lat' dir='ltr'><strong>in</strong></span> 
     </span>
     <span class='ocr_line' id='line_1_73' title="bbox 1318 1776 1740 1829; baseline 0.012 -5"><span class='ocrx_word' id='word_1_364' title='bbox 1318 1776 1461 1825; x_wconf 84' lang='lat' dir='ltr'><strong>Sinai</strong></span> <span class='ocrx_word' id='word_1_365' title='bbox 1478 1780 1529 1826; x_wconf 88' lang='lat' dir='ltr'><strong>in</strong></span> <span class='ocrx_word' id='word_1_366' title='bbox 1548 1786 1740 1829; x_wconf 78' lang='lat' dir='ltr'><strong>sanem.</strong></span> 
     </span>
    </p>

    <p class='ocr_par' dir='ltr' id='par_1_32' title="bbox 1318 1839 2306 1964">
     <span class='ocr_line' id='line_1_74' title="bbox 1382 1839 2306 1902; baseline 0.001 -14"><span class='ocrx_word' id='word_1_367' title='bbox 1382 1839 1672 1890; x_wconf 80' lang='lat' dir='ltr'><strong>Ascendisti</strong></span> <span class='ocrx_word' id='word_1_368' title='bbox 1693 1842 1744 1890; x_wconf 90' lang='lat' dir='ltr'><strong>in</strong></span> <span class='ocrx_word' id='word_1_369' title='bbox 1764 1841 1943 1899; x_wconf 87' lang='lat' dir='ltr'><strong>altum,</strong></span> <span class='ocrx_word' id='word_1_370' title='bbox 1963 1841 2135 1901; x_wconf 83' lang='lat' dir='ltr'><strong>cepisti</strong></span> <span class='ocrx_word' id='word_1_371' title='bbox 2150 1841 2306 1902; x_wconf 86' lang='lat' dir='ltr'><strong>capti-</strong></span> 
     </span>
     <span class='ocr_line' id='line_1_75' title="bbox 1318 1901 2304 1964; baseline 0.003 -17"><span class='ocrx_word' id='word_1_372' title='bbox 1318 1901 1542 1951; x_wconf 85' lang='lat' dir='ltr'><strong>vitatem:</strong></span> <span class='ocrx_word' id='word_1_373' title='bbox 1553 1904 1921 1964; x_wconf 85' lang='lat' dir='ltr'><strong>accepistidona</strong></span> <span class='ocrx_word' id='word_1_374' title='bbox 1933 1904 1984 1951; x_wconf 93' lang='lat' dir='ltr'><strong>in</strong></span> <span class='ocrx_word' id='word_1_375' title='bbox 1997 1903 2304 1951; x_wconf 86' lang='lat' dir='ltr'><strong>hominibus.</strong></span> 
     </span>
    </p>

    <p class='ocr_par' dir='ltr' id='par_1_33' title="bbox 1316 1962 2307 2074">
     <span class='ocr_line' id='line_1_76' title="bbox 1379 1962 2307 2015; baseline 0.002 -4"><span class='ocrx_word' id='word_1_376' title='bbox 1379 1962 1580 2012; x_wconf 90' lang='lat' dir='ltr'><strong>Etenim</strong></span> <span class='ocrx_word' id='word_1_377' title='bbox 1600 1978 1699 2013; x_wconf 92' lang='lat' dir='ltr'><strong>non</strong></span> <span class='ocrx_word' id='word_1_378' title='bbox 1717 1967 1976 2015; x_wconf 87' lang='lat' dir='ltr'><strong>credentes</strong></span> <span class='ocrx_word' id='word_1_379' title='bbox 1992 1980 2005 2010; x_wconf 74' lang='lat' dir='ltr'>z</span> <span class='ocrx_word' id='word_1_380' title='bbox 2024 1965 2307 2013; x_wconf 86' lang='lat' dir='ltr'><strong>inhabitare</strong></span> 
     </span>
     <span class='ocr_line' id='line_1_77' title="bbox 1316 2022 1651 2074; baseline 0.006 -2"><span class='ocrx_word' id='word_1_381' title='bbox 1316 2022 1452 2072; x_wconf 68' lang='lat' dir='ltr'><strong>Dum</strong></span> <span class='ocrx_word' id='word_1_382' title='bbox 1471 2026 1651 2074; x_wconf 89' lang='lat' dir='ltr'><strong>Deum.</strong></span> 
     </span>
    </p>

    <p class='ocr_par' dir='ltr' id='par_1_34' title="bbox 1317 2085 2309 2258">
     <span class='ocr_line' id='line_1_78' title="bbox 1381 2085 2309 2145; baseline -0.002 -11"><span class='ocrx_word' id='word_1_383' title='bbox 1381 2086 1683 2134; x_wconf 85' lang='lat' dir='ltr'><strong>Benedictus</strong></span> <span class='ocrx_word' id='word_1_384' title='bbox 1696 2088 1804 2136; x_wconf 78' lang='lat' dir='ltr'><strong>Dns</strong></span> <span class='ocrx_word' id='word_1_385' title='bbox 1814 2087 1895 2135; x_wconf 88' lang='lat' dir='ltr'><strong>die</strong></span> <span class='ocrx_word' id='word_1_386' title='bbox 1908 2085 2131 2145; x_wconf 83' lang='lat' dir='ltr'><strong>quotidie</strong></span> <span class='ocrx_word' id='word_1_387' title='bbox 2146 2100 2158 2132; x_wconf 75' lang='grc' dir='ltr'>ε</span> <span class='ocrx_word' id='word_1_388' title='bbox 2175 2097 2309 2143; x_wconf 91' lang='lat' dir='ltr'><strong>pros·</strong></span> 
     </span>
     <span class='ocr_line' id='line_1_79' title="bbox 1317 2146 2308 2206; baseline 0.001 -13"><span class='ocrx_word' id='word_1_389' title='bbox 1317 2159 1497 2206; x_wconf 87' lang='lat' dir='ltr'><strong>perum</strong></span> <span class='ocrx_word' id='word_1_390' title='bbox 1515 2148 1608 2195; x_wconf 87' lang='lat' dir='ltr'><strong>iter</strong></span> <span class='ocrx_word' id='word_1_391' title='bbox 1631 2149 1772 2197; x_wconf 83' lang='lat' dir='ltr'><strong>saciet</strong></span> <span class='ocrx_word' id='word_1_392' title='bbox 1793 2148 1938 2198; x_wconf 88' lang='lat' dir='ltr'><strong>nobis</strong></span> <span class='ocrx_word' id='word_1_393' title='bbox 1953 2149 2089 2196; x_wconf 88' lang='lat' dir='ltr'><strong>Deus</strong></span> <span class='ocrx_word' id='word_1_394' title='bbox 2119 2146 2308 2194; x_wconf 86' lang='lat' dir='ltr'><strong>saluta-</strong></span> 
     </span>
     <span class='ocr_line' id='line_1_80' title="bbox 1321 2208 1785 2258; baseline 0 -1"><span class='ocrx_word' id='word_1_395' title='bbox 1321 2208 1459 2257; x_wconf 89' lang='lat' dir='ltr'><strong>rium</strong></span> <span class='ocrx_word' id='word_1_396' title='bbox 1478 2214 1785 2258; x_wconf 89' lang='lat' dir='ltr'><strong>nostrorum.</strong></span> 
     </span>
    </p>

    <p class='ocr_par' dir='ltr' id='par_1_35' title="bbox 1321 2268 2306 2383">
     <span class='ocr_line' id='line_1_81' title="bbox 1382 2268 2306 2331; baseline -0.002 -12"><span class='ocrx_word' id='word_1_397' title='bbox 1382 2272 1520 2320; x_wconf 87' lang='lat' dir='ltr'><strong>Deus</strong></span> <span class='ocrx_word' id='word_1_398' title='bbox 1535 2277 1718 2331; x_wconf 89' lang='lat' dir='ltr'><strong>noster,</strong></span> <span class='ocrx_word' id='word_1_399' title='bbox 1737 2273 1871 2320; x_wconf 89' lang='lat' dir='ltr'><strong>Deus</strong></span> <span class='ocrx_word' id='word_1_400' title='bbox 1884 2272 2049 2320; x_wconf 81' lang='lat' dir='ltr'><strong>salvos</strong></span> <span class='ocrx_word' id='word_1_401' title='bbox 2063 2268 2274 2319; x_wconf 75' lang='lat' dir='ltr'><strong>faciendi</strong></span> <span class='ocrx_word' id='word_1_402' title='bbox 2293 2284 2306 2317; x_wconf 72' lang='grc' dir='ltr'><strong>ε</strong></span> 
     </span>
     <span class='ocr_line' id='line_1_82' title="bbox 1321 2333 1990 2383; baseline 0.001 -2"><span class='ocrx_word' id='word_1_403' title='bbox 1321 2337 1369 2381; x_wconf 91' lang='lat' dir='ltr'><strong>et</strong></span> <span class='ocrx_word' id='word_1_404' title='bbox 1386 2333 1487 2381; x_wconf 75' lang='lat' dir='ltr'><strong>Dni</strong></span> <span class='ocrx_word' id='word_1_405' title='bbox 1506 2333 1604 2381; x_wconf 78' lang='lat' dir='ltr'><strong>Dni</strong></span> <span class='ocrx_word' id='word_1_406' title='bbox 1621 2335 1780 2383; x_wconf 79' lang='lat' dir='ltr'><strong>exitus</strong></span> <span class='ocrx_word' id='word_1_407' title='bbox 1795 2334 1990 2382; x_wconf 89' lang='lat' dir='ltr'><strong>mortis.</strong></span> 
     </span>
    </p>

    <p class='ocr_par' dir='ltr' id='par_1_36' title="bbox 1320 2394 2310 2629">
     <span class='ocr_line' id='line_1_83' title="bbox 1385 2394 2308 2455; baseline 0 -13"><span class='ocrx_word' id='word_1_408' title='bbox 1385 2395 1730 2445; x_wconf 87' lang='lat' dir='ltr'><strong>Veruntamen</strong></span> <span class='ocrx_word' id='word_1_409' title='bbox 1753 2397 1889 2445; x_wconf 85' lang='lat' dir='ltr'><strong>Deus</strong></span> <span class='ocrx_word' id='word_1_410' title='bbox 1923 2394 2205 2455; x_wconf 78' lang='lat' dir='ltr'><strong>confringet</strong></span> <span class='ocrx_word' id='word_1_411' title='bbox 2226 2407 2308 2443; x_wconf 88' lang='lat' dir='ltr'><strong>ca-</strong></span> 
     </span>
     <span class='ocr_line' id='line_1_84' title="bbox 1320 2455 2306 2516; baseline 0.002 -13"><span class='ocrx_word' id='word_1_412' title='bbox 1320 2455 1424 2516; x_wconf 88' lang='lat' dir='ltr'><strong>pita</strong></span> <span class='ocrx_word' id='word_1_413' title='bbox 1444 2456 1769 2507; x_wconf 89' lang='lat' dir='ltr'><strong>inimicorum</strong></span> <span class='ocrx_word' id='word_1_414' title='bbox 1799 2471 2009 2507; x_wconf 90' lang='lat' dir='ltr'><strong>suorum</strong></span> <span class='ocrx_word' id='word_1_415' title='bbox 2034 2474 2046 2506; x_wconf 73' lang='grc' dir='ltr'>ε</span> <span class='ocrx_word' id='word_1_416' title='bbox 2069 2456 2306 2505; x_wconf 82' lang='lat' dir='ltr'><strong>verticem</strong></span> 
     </span>
     <span class='ocr_line' id='line_1_85' title="bbox 1321 2518 2310 2590; baseline 0 -24"><span class='ocrx_word' id='word_1_417' title='bbox 1321 2518 1489 2590; x_wconf 82' lang='lat' dir='ltr'><strong>capilli</strong></span> <span class='ocrx_word' id='word_1_418' title='bbox 1527 2520 1987 2583; x_wconf 87' lang='lat' dir='ltr'><strong>perambulantium</strong></span> <span class='ocrx_word' id='word_1_419' title='bbox 2023 2521 2076 2568; x_wconf 87' lang='lat' dir='ltr'><strong>in</strong></span> <span class='ocrx_word' id='word_1_420' title='bbox 2114 2518 2310 2568; x_wconf 86' lang='lat' dir='ltr'><strong>delictis</strong></span> 
     </span>
     <span class='ocr_line' id='line_1_86' title="bbox 1321 2592 1447 2629; baseline 0.008 -1"><span class='ocrx_word' id='word_1_421' title='bbox 1321 2592 1447 2629; x_wconf 82' lang='lat' dir='ltr'><strong>suis.</strong></span> 
     </span>
    </p>

    <p class='ocr_par' dir='ltr' id='par_1_37' title="bbox 1322 2641 2307 2764">
     <span class='ocr_line' id='line_1_87' title="bbox 1383 2641 2307 2701; baseline -0.001 -12"><span class='ocrx_word' id='word_1_422' title='bbox 1383 2641 1523 2690; x_wconf 86' lang='lat' dir='ltr'><strong>Dixit</strong></span> <span class='ocrx_word' id='word_1_423' title='bbox 1542 2643 1669 2701; x_wconf 76' lang='lat' dir='ltr'><strong>DnS,</strong></span> <span class='ocrx_word' id='word_1_424' title='bbox 1691 2643 1764 2692; x_wconf 84' lang='lat' dir='ltr'><strong>Ex</strong></span> <span class='ocrx_word' id='word_1_425' title='bbox 1782 2643 1946 2691; x_wconf 86' lang='lat' dir='ltr'><strong>Basan</strong></span> <span class='ocrx_word' id='word_1_426' title='bbox 1978 2645 2266 2690; x_wconf 75' lang='lat' dir='ltr'><strong>convertam</strong></span> <span class='ocrx_word' id='word_1_427' title='bbox 2293 2654 2307 2688; x_wconf 69' lang='grc' dir='ltr'>ε</span> 
     </span>
     <span class='ocr_line' id='line_1_88' title="bbox 1322 2701 2237 2764; baseline -0.001 -13"><span class='ocrx_word' id='word_1_428' title='bbox 1322 2709 1611 2752; x_wconf 85' lang='lat' dir='ltr'><strong>convertam</strong></span> <span class='ocrx_word' id='word_1_429' title='bbox 1634 2703 1687 2751; x_wconf 93' lang='lat' dir='ltr'><strong>in</strong></span> <span class='ocrx_word' id='word_1_430' title='bbox 1711 2705 2019 2764; x_wconf 78' lang='lat' dir='ltr'><strong>profundum</strong></span> <span class='ocrx_word' id='word_1_431' title='bbox 2041 2701 2200 2750; x_wconf 86' lang='lat' dir='ltr'><strong>maris</strong></span> <span class='ocrx_word' id='word_1_432' title='bbox 2224 2716 2237 2750; x_wconf 72' lang='grc' dir='ltr'><strong>ι</strong></span> 
     </span>
    </p>

    <p class='ocr_par' dir='ltr' id='par_1_38' title="bbox 1326 2762 2312 2887">
     <span class='ocr_line' id='line_1_89' title="bbox 1387 2762 2312 2824; baseline -0.003 -11"><span class='ocrx_word' id='word_1_433' title='bbox 1387 2764 1457 2813; x_wconf 92' lang='lat' dir='ltr'><strong>Ut</strong></span> <span class='ocrx_word' id='word_1_434' title='bbox 1491 2765 1774 2824; x_wconf 83' lang='lat' dir='ltr'><strong>intingatur</strong></span> <span class='ocrx_word' id='word_1_435' title='bbox 1810 2777 1897 2824; x_wconf 89' lang='lat' dir='ltr'><strong>pes</strong></span> <span class='ocrx_word' id='word_1_436' title='bbox 1936 2771 2057 2812; x_wconf 84' lang='lat' dir='ltr'><strong>tuus</strong></span> <span class='ocrx_word' id='word_1_437' title='bbox 2095 2762 2149 2810; x_wconf 89' lang='lat' dir='ltr'><strong>in</strong></span> <span class='ocrx_word' id='word_1_438' title='bbox 2193 2775 2312 2811; x_wconf 91' lang='lat' dir='ltr'><strong>san-</strong></span> 
     </span>
     <span class='ocr_line' id='line_1_90' title="bbox 1326 2826 2311 2887; baseline -0.001 -13"><span class='ocrx_word' id='word_1_439' title='bbox 1326 2826 1479 2886; x_wconf 82' lang='lat' dir='ltr'><strong>guine</strong></span> <span class='ocrx_word' id='word_1_440' title='bbox 1519 2841 1531 2874; x_wconf 89' lang='lat'>:</span> <span class='ocrx_word' id='word_1_441' title='bbox 1572 2826 1746 2887; x_wconf 85' lang='lat' dir='ltr'><strong>lingua</strong></span> <span class='ocrx_word' id='word_1_442' title='bbox 1788 2839 1975 2875; x_wconf 90' lang='lat' dir='ltr'><strong>canum</strong></span> <span class='ocrx_word' id='word_1_443' title='bbox 2011 2830 2216 2874; x_wconf 91' lang='lat' dir='ltr'><strong>tuorum</strong></span> <span class='ocrx_word' id='word_1_444' title='bbox 2253 2838 2311 2875; x_wconf 85' lang='lat' dir='ltr'><strong>ex</strong></span> 
     </span>
    </p>
   </div>
   <div class='ocr_carea' id='block_1_8' title="bbox 1316 2887 1782 2949">
    <p class='ocr_par' dir='ltr' id='par_1_39' title="bbox 1316 2887 1782 2949">
     <span class='ocr_line' id='line_1_91' title="bbox 1316 2887 1782 2949; baseline 0 -12"><span class='ocrx_word' id='word_1_445' title='bbox 1316 2887 1551 2943; x_wconf 75' lang='lat' dir='ltr'><strong>‚inimicis</strong></span> <span class='ocrx_word' id='word_1_446' title='bbox 1571 2890 1634 2937; x_wconf 92' lang='lat' dir='ltr'><strong>ab</strong></span> <span class='ocrx_word' id='word_1_447' title='bbox 1656 2889 1782 2949; x_wconf 87' lang='lat' dir='ltr'><strong>ipso.</strong></span> 
     </span>
    </p>
   </div>
   <div class='ocr_carea' id='block_1_9' title="bbox 1325 2949 2315 3558">
    <p class='ocr_par' dir='ltr' id='par_1_40' title="bbox 1325 2949 2315 3125">
     <span class='ocr_line' id='line_1_92' title="bbox 1388 2949 2315 3012; baseline 0.002 -14"><span class='ocrx_word' id='word_1_448' title='bbox 1388 2949 1639 2999; x_wconf 86' lang='lat' dir='ltr'><strong>Viderunt</strong></span> <span class='ocrx_word' id='word_1_449' title='bbox 1652 2951 1912 3012; x_wconf 84' lang='lat' dir='ltr'><strong>ingressus</strong></span> <span class='ocrx_word' id='word_1_450' title='bbox 1925 2955 2040 2999; x_wconf 89' lang='lat' dir='ltr'><strong>tuos</strong></span> <span class='ocrx_word' id='word_1_451' title='bbox 2052 2950 2189 2999; x_wconf 88' lang='lat' dir='ltr'><strong>Deus</strong></span> <span class='ocrx_word' id='word_1_452' title='bbox 2209 2965 2221 2999; x_wconf 76' lang='lat' dir='ltr'><strong><em>z</em></strong></span> <span class='ocrx_word' id='word_1_453' title='bbox 2238 2949 2315 3000; x_wconf 85' lang='lat' dir='ltr'><strong>in·</strong></span> 
     </span>
     <span class='ocr_line' id='line_1_93' title="bbox 1327 3013 2314 3076; baseline 0 -15"><span class='ocrx_word' id='word_1_454' title='bbox 1327 3026 1534 3074; x_wconf 83' lang='lat' dir='ltr'><strong>gressus</strong></span> <span class='ocrx_word' id='word_1_455' title='bbox 1561 3013 1654 3062; x_wconf 87' lang='lat' dir='ltr'><strong>Dei</strong></span> <span class='ocrx_word' id='word_1_456' title='bbox 1683 3014 1800 3074; x_wconf 90' lang='lat' dir='ltr'><strong>mei,</strong></span> <span class='ocrx_word' id='word_1_457' title='bbox 1832 3013 1986 3075; x_wconf 83' lang='lat' dir='ltr'><strong>Regis</strong></span> <span class='ocrx_word' id='word_1_458' title='bbox 2006 3013 2107 3062; x_wconf 90' lang='lat' dir='ltr'><strong>mei</strong></span> <span class='ocrx_word' id='word_1_459' title='bbox 2128 3013 2218 3076; x_wconf 87' lang='lat' dir='ltr'><strong>qui</strong></span> <span class='ocrx_word' id='word_1_460' title='bbox 2239 3019 2314 3063; x_wconf 64' lang='lat' dir='ltr'><strong>est</strong></span> 
     </span>
     <span class='ocr_line' id='line_1_94' title="bbox 1325 3075 1590 3125; baseline 0.004 -1"><span class='ocrx_word' id='word_1_461' title='bbox 1325 3075 1379 3124; x_wconf 88' lang='lat' dir='ltr'><strong>iu</strong></span> <span class='ocrx_word' id='word_1_462' title='bbox 1402 3081 1590 3125; x_wconf 80' lang='lat' dir='ltr'><strong>sancto·</strong></span> 
     </span>
    </p>

    <p class='ocr_par' dir='ltr' id='par_1_41' title="bbox 1327 3136 2314 3322">
     <span class='ocr_line' id='line_1_95' title="bbox 1388 3136 2313 3198; baseline -0.001 -12"><span class='ocrx_word' id='word_1_463' title='bbox 1388 3139 1749 3188; x_wconf 84' lang='lat' dir='ltr'><strong>Praevenerunt</strong></span> <span class='ocrx_word' id='word_1_464' title='bbox 1777 3137 2029 3198; x_wconf 86' lang='lat' dir='ltr'><strong>principes</strong></span> <span class='ocrx_word' id='word_1_465' title='bbox 2056 3136 2313 3198; x_wconf 80' lang='lat' dir='ltr'><strong>conjuncti</strong></span> 
     </span>
     <span class='ocr_line' id='line_1_96' title="bbox 1327 3199 2314 3260; baseline 0 -13"><span class='ocrx_word' id='word_1_466' title='bbox 1327 3200 1659 3260; x_wconf 86' lang='lat' dir='ltr'><strong>psallentibus</strong></span> <span class='ocrx_word' id='word_1_467' title='bbox 1685 3216 1697 3248; x_wconf 76' lang='grc' dir='ltr'>ε</span> <span class='ocrx_word' id='word_1_468' title='bbox 1728 3199 1782 3247; x_wconf 94' lang='lat' dir='ltr'><strong>in</strong></span> <span class='ocrx_word' id='word_1_469' title='bbox 1814 3200 1979 3248; x_wconf 90' lang='lat' dir='ltr'><strong>medio</strong></span> <span class='ocrx_word' id='word_1_470' title='bbox 2009 3199 2314 3259; x_wconf 76' lang='lat' dir='ltr'><strong>iuvencula-</strong></span> 
     </span>
     <span class='ocr_line' id='line_1_97' title="bbox 1328 3260 1956 3322; baseline -0.003 -12"><span class='ocrx_word' id='word_1_471' title='bbox 1328 3275 1445 3311; x_wconf 91' lang='lat' dir='ltr'><strong>rum</strong></span> <span class='ocrx_word' id='word_1_472' title='bbox 1468 3260 1956 3322; x_wconf 83' lang='lat' dir='ltr'><strong>tympanistriarum.</strong></span> 
     </span>
    </p>

    <p class='ocr_par' dir='ltr' id='par_1_42' title="bbox 1328 3321 2314 3453">
     <span class='ocr_line' id='line_1_98' title="bbox 1392 3321 2314 3372; baseline -0.004 0"><span class='ocrx_word' id='word_1_473' title='bbox 1392 3324 1452 3372; x_wconf 88' lang='lat' dir='ltr'><strong>In</strong></span> <span class='ocrx_word' id='word_1_474' title='bbox 1487 3323 1708 3372; x_wconf 88' lang='lat' dir='ltr'><strong>ecclesiis</strong></span> <span class='ocrx_word' id='word_1_475' title='bbox 1736 3321 2011 3372; x_wconf 86' lang='lat' dir='ltr'><strong>benedicite</strong></span> <span class='ocrx_word' id='word_1_476' title='bbox 2037 3322 2140 3371; x_wconf 88' lang='lat' dir='ltr'><strong>Deo</strong></span> <span class='ocrx_word' id='word_1_477' title='bbox 2165 3337 2178 3370; x_wconf 71' lang='grc' dir='ltr'>ι</span> <span class='ocrx_word' id='word_1_478' title='bbox 2201 3322 2314 3369; x_wconf 80' lang='grc' dir='ltr'><strong>1)ῡο</strong></span> 
     </span>
     <span class='ocr_line' id='line_1_99' title="bbox 1328 3384 2273 3453; baseline -0.003 -19"><span class='ocrx_word' id='word_1_479' title='bbox 1328 3385 1389 3434; x_wconf 92' lang='lat' dir='ltr'><strong>de</strong></span> <span class='ocrx_word' id='word_1_480' title='bbox 1411 3384 1634 3433; x_wconf 78' lang='lat' dir='ltr'><strong>fontibus</strong></span> <span class='ocrx_word' id='word_1_481' title='bbox 1653 3384 1826 3434; x_wconf 73' lang='lat' dir='ltr'><strong>Israel.</strong></span> <span class='ocrx_word' id='word_1_482' title='bbox 2263 3442 2273 3453; x_wconf 44' lang='lat'><strong>·</strong></span> 
     </span>
    </p>

    <p class='ocr_par' dir='ltr' id='par_1_43' title="bbox 1331 3443 2313 3558">
     <span class='ocr_line' id='line_1_100' title="bbox 1393 3443 2313 3506; baseline -0.004 -10"><span class='ocrx_word' id='word_1_483' title='bbox 1393 3445 1472 3496; x_wconf 92' lang='lat' dir='ltr'><strong>lbi</strong></span> <span class='ocrx_word' id='word_1_484' title='bbox 1503 3445 1770 3506; x_wconf 69' lang='lat' dir='ltr'><strong>Beniamin</strong></span> <span class='ocrx_word' id='word_1_485' title='bbox 1802 3443 2199 3495; x_wconf 89' lang='lat' dir='ltr'><strong>adolescentulus</strong></span> <span class='ocrx_word' id='word_1_486' title='bbox 2223 3457 2235 3492; x_wconf 69' lang='grc' dir='ltr'><strong><em>ε</em></strong></span> <span class='ocrx_word' id='word_1_487' title='bbox 2260 3455 2313 3492; x_wconf 89' lang='lat' dir='ltr'><strong>1n</strong></span> 
     </span>
     <span class='ocr_line' id='line_1_101' title="bbox 1331 3507 1757 3558; baseline -0.005 -1"><span class='ocrx_word' id='word_1_488' title='bbox 1331 3507 1517 3558; x_wconf 86' lang='lat' dir='ltr'><strong>mentis</strong></span> <span class='ocrx_word' id='word_1_489' title='bbox 1539 3519 1757 3557; x_wconf 81' lang='lat' dir='ltr'><strong>excessu.</strong></span> 
     </span>
    </p>
   </div>
  </div>
 </body>
</html>
