2910 4457
217 464 353 515 Oculi
372 462 476 515 nui
506 471 656 523 super
672 461 838 522 justos
861 475 875 509 ε
916 464 966 509 et
984 471 1135 508 aures

164 528 262 587 elus
280 528 337 576 ad
370 538 542 587 preces
561 536 757 573 eorum.

218 589 392 638 Vultus
410 592 581 635 autem
602 586 705 634 Dni
728 595 879 643 super
902 582 1136 631 facientes

164 651 280 699 mala
299 667 312 700 :
331 655 387 699 ut
408 650 584 710 perdat
597 649 660 696 de
680 653 812 696 terra
836 646 1134 694 memoriam

960 346 1033 385 An
1073 343 1399 386 nunnius.
2148 323 2228 385 35

1290 457 1479 507 Omnia
1491 468 1603 507 ossa
1619 468 1731 506 mea
1748 455 1915 505 dicent
1932 454 2085 517 mne,
2107 456 2225 517 quis

1228 521 1413 569 similis
1430 520 1558 568 tibi?

1290 582 1526 641 Eripiens
1552 583 1752 641 inopem
1773 582 1835 630 de
1858 592 2014 629 manu
2053 578 2225 627 fortio-

1232 656 1348 692 rum
1375 645 1487 702 ejus
1524 658 1538 693 :
1568 655 1785 704 egenum
1817 648 1866 692 et
1902 653 2168 703 pauperem
2195 652 2225 690 a

1231 706 1591 765 diripientibus
1611 718 1747 754 eum.

1296 768 1571 826 surgentes
1584 772 1732 814 testes
1753 765 1916 825 iniqui
1935 781 1950 816 ι
1965 777 2077 826 quae
2088 765 2226 827 igno-

1234 830 1410 877 rabam
1433 827 1811 887 interrogabant
1833 840 1930 875 me.

1297 890 1665 939 Retribuebant
1697 889 1826 936 mibi
1856 888 1987 936 mala
2019 900 2109 947 pro
2139 889 2226 938 bo·-

1235 952 1319 1000 nis
1343 968 1356 1001 :
1379 952 1694 999 sterilitatem
1718 951 1902 998 animae
1927 962 2068 998 meae.

1297 1014 1406 1074 Ego
1426 1018 1595 1063 autern
1617 1012 1734 1060 cum
1766 1012 1894 1059 mibi
1925 1009 2120 1059 molesti
2150 1023 2230 1059 es-

1235 1080 1347 1124 sent
1371 1091 1383 1126 ε
1408 1076 1652 1124 induebar
1673 1074 1854 1123 cilicio,

1300 1138 1651 1186 Humiliabam
1684 1137 1735 1184 in
1772 1134 1969 1194 jejunio
2000 1133 2228 1183 animam

1236 1211 1402 1247 meam
1428 1205 1513 1248 :et
1543 1199 1702 1248 oratio
1731 1210 1842 1247 mea
1874 1198 1929 1246 in
1965 1197 2084 1246 sinu
2117 1207 2229 1245 meo

1237 1265 1572 1309 convertetur.

1302 1322 1462 1382 Quasi
1478 1321 1781 1382 proximum,
1796 1324 1842 1369 et
1854 1320 2001 1381 quasi
2020 1320 2226 1369 fratrem

1239 1390 1491 1441 nostrum,
1524 1385 1598 1432 sic
1634 1385 1997 1442 complacebam
2034 1398 2047 1431 ε
2080 1382 2228 1441 quasi

1239 1445 1419 1555 {ugens
1440 1451 1489 1493 et
1521 1448 1873 1504 contristatus,
1897 1445 1967 1492 sic
1989 1444 2231 1491 humilia-

1274 1520 1351 1554 ar.

1302 1569 1369 1617 Et
1403 1567 1674 1615 adversum
1708 1577 1790 1613 me
1823 1565 1975 1613 laetati
2001 1567 2146 1624 sunt,
2178 1570 2228 1612 et

1240 1634 1584 1679 convenerunt
1608 1644 1621 1678 ε
1644 1631 1944 1688 congregata
1979 1633 2100 1675 sunt
2139 1638 2228 1675 su-

1240 1704 1328 1752 per
1350 1704 1431 1739 me
1453 1691 1647 1751 flagella
1662 1727 1676 1751 ‚
1700 1697 1748 1739 et
1770 1689 2017 1750 ignoravi.

1301 1754 1545 1812 Dissipati
1585 1756 1731 1812 sunt,
1777 1764 1866 1800 nec
1907 1750 2224 1811 compuncti;

1238 1819 1563 1864 tentaverunt
1617 1827 1726 1875 me3
1782 1814 2227 1862 subsannaverunt

1241 1889 1322 1926 me
1382 1877 1779 1925 subsannatione
1831 1892 1844 1925 :
1894 1875 2228 1925 frenduerunt

1241 1950 1390 1998 super
1412 1952 1494 1987 me
1513 1938 1749 1987 dentibus
1769 1939 1895 1985 suiS.

1302 2001 1437 2059 Diie,
1474 2001 1678 2059 quando
1720 1998 1986 2058 respicies?
2019 1996 2226 2044 restitue

1240 2062 1469 2110 animam
1504 2073 1670 2109 meam
1715 2073 1744 2107 a
1784 2060 2102 2119 malignitate
2143 2069 2228 2105 eo-

1242 2136 1360 2173 rum
1387 2138 1400 2171 :
1428 2135 1457 2170 a
1479 2122 1710 2169 leonibus
1735 2121 1941 2167 unicam
1965 2130 2151 2167 meam.

1304 2183 1586 2235 Confitebor
1600 2182 1692 2231 tibi
1710 2182 1760 2230 in
1783 2181 1987 2230 ecclesia
2009 2191 2224 2240 magna:

1241 2247 1297 2297 in
1323 2247 1504 2306 populo
1527 2246 1667 2304 gravi
1688 2244 1901 2292 laudabo
1922 2248 1986 2290 te.

1305 2309 1417 2357 Non
1441 2307 1846 2367 supergaudeant
1871 2305 2000 2354 mihi
2025 2303 2116 2365 qui
2137 2304 2227 2352 ad-

1243 2376 1511 2419 versantur
1533 2369 1661 2417 mihi
1682 2368 1856 2428 inique
1873 2368 1990 2428 :qui
2009 2367 2227 2415 oderunt

1242 2445 1325 2481 me
1346 2432 1504 2492 gratis
1521 2468 1534 2491 ,
1558 2436 1605 2480 et
1625 2435 1864 2480 annuunt
1883 2429 2059 2478 oculis.

1306 2494 1564 2555 Quoniam
1606 2493 1736 2542 mibi
1777 2493 1982 2553 quidem
2024 2489 2226 2550 pacifice

1243 2556 1576 2616 loquebantur
1599 2571 1612 2605 ε
1634 2559 1682 2604 et
1703 2555 1756 2602 in
1787 2554 2051 2602 iracundia
2081 2558 2226 2600 terrae

1244 2618 1508 2678 loquentes
1528 2618 1669 2666 dolos
1689 2616 1993 2674 cogitabant.

1304 2680 1718 2728 Etdilataverunt
1727 2688 1876 2734 super
1889 2687 1970 2721 me
1981 2685 2036 2722 os
2045 2684 2194 2721 suum
2209 2689 2223 2720 ι

1241 2742 1495 2799 dixerunt,
1512 2739 1670 2800 Euge,
1684 2750 1743 2786 eu
1750 2749 1825 2797 ge,
1839 2735 2076 2784 viderunt
2092 2732 2225 2781 oculi

1244 2803 1422 2852 nostri.

1308 2862 1498 2913 Vidisti
1519 2861 1655 2920 Due,
1692 2872 1756 2909 ne
1775 2858 2119 2916 sileasznr‘ie,
2164 2868 2228 2904 ne

1242 2926 1471 2978 discedas
1490 2937 1518 2972 a
1539 2937 1640 2973 me.

1305 2989 1508 3048 Exurge
1538 2991 1586 3035 et
1636 2983 1840 3034 intende
1865 2982 2060 3044 judicio
2113 2993 2227 3030 meo

1243 3051 1379 3100 Deus
1399 3062 1544 3100 meus
1559 3064 1572 3099 ε
1587 3053 1636 3098 et
1654 3049 1762 3097 Dr‘is
1781 3059 1926 3095 meus
1946 3047 2001 3094 in
2020 3055 2227 3093 causam

1246 3125 1431 3163 meam.

1308 3175 1489 3224 Judica
1529 3185 1612 3221 me
1657 3170 1937 3220 secundum
1975 3165 2230 3226 justitiam

1248 3242 1391 3285 tuam
1406 3272 1420 3295 ‚
1442 3236 1553 3283 Bne
1573 3235 1711 3283 Deus
1745 3243 1892 3279 meus
1915 3243 1929 3278 ε
1950 3233 1999 3276 et
2019 3239 2121 3276 non
2142 3237 2229 3274 su-

1242 3298 1588 3358 pergaudeant
1607 3293 1754 3343 mihi.
2085 3343 2091 3348 ,

1243 3363 1248 3388 ³
1310 3359 1422 3408 Non
1436 3358 1608 3407 dicant
1619 3358 1673 3404 in
1687 3352 1922 3403 cordibus
1933 3351 2056 3408 suiS,
2068 3349 2227 3408 Euge,

1249 3432 1375 3481 euge
1424 3419 1609 3468 animae
1662 3419 1844 3465 nostroe
1867 3428 1881 3462 ε
1904 3424 1994 3462 nec
2027 3411 2227 3468 dicant,

1254 3481 1621 3532 Devorabimus
1638 3490 1775 3528 eum.
