2910 4457
203 346 291 397 An
308 348 392 399 Pr.
416 352 439 399 1
459 351 612 399 -Pr.
632 350 726 416 50)
968 366 1078 405 mm
1106 366 1202 407 1855
1228 368 1339 407 Ano.
1367 368 1427 405 Ετ
1453 368 1596 407 cona.
2284 358 2352 444 xj

301 501 443 551 Huic
462 501 622 567 igitur
644 501 934 566 quaestioni,
962 500 1146 552 saltem
1171 501 1343 567 quoad
1372 502 1540 553 Usum
1564 502 2019 567 Sarisburiensem,
2051 505 2162 555 fieri
2184 513 2359 571 potest

204 589 261 635 ut
278 600 371 651 per
391 584 689 650 diligentem
707 585 846 635 Picae
862 584 1249 651 indagationem
1270 585 1460 651 (neque
1478 586 1616 636 enim
1632 584 1843 636 modum
1859 586 2018 637 alium
2037 588 2205 639 adhuc
2223 590 2357 655 scio)

97 707 112 711 .‚
202 682 512 735 responsum
535 667 848 717 inveniatur.

301 751 405 800 Per
420 749 726 815 diligentem,
744 750 973 815 inquam,
989 749 1406 815 indagationem3
1423 766 1544 801 nam
1567 752 1619 804 1‘!
1645 768 1752 802 non
1769 752 1825 801 in
1837 751 2010 804 liberie
2026 758 2245 816 tantum,
2266 755 2360 805 sed

202 834 258 884 in
283 848 423 899 aeque
443 831 617 883 liberie
641 831 821 884 diebus
846 832 1083 898 exempla
1113 836 1407 897 quaerantur
1440 839 1670 900 oportet3
1707 841 1759 885 et
1783 836 1844 887 de
1872 835 2110 886 libertate
2136 837 2229 886 tali
2251 854 2361 888 non

201 918 371 982 primo
394 931 597 981 semper
616 915 810 965 intuitu
834 919 1029 965 certum
1053 920 1147 966 est.
1182 916 1236 967 2‘3
1260 916 1446 965 Errata
1470 918 1653 982 quaein
1673 920 1917 969 feriarum
1932 922 2160 971 numeris
2178 938 2360 988 perpe-

94 1027 99 1054 :
200 1005 294 1049 tuo
319 996 753 1048 transscribendis
786 1002 892 1048 tam
916 997 1069 1047 facile
1097 998 1409 1061 oriebantur,
1444 1000 1804 1066 indagatorem
1836 1002 2104 1053 incautum
2137 1020 2246 1054 non
2268 1022 2359 1071 pa-

91 1113 104 1139 ς.
200 1098 320 1132 rum
358 1080 553 1143 fallere,
593 1080 678 1130 vel
720 1079 903 1131 saltem
937 1079 1161 1145 turbare,
1202 1087 1435 1147 possent.
1483 1085 1539 1133 3‘?
1595 1084 1713 1134 Non
1736 1101 1828 1150 per
1860 1101 2024 1135 unum
2057 1091 2108 1135 et
2140 1086 2360 1136 alterum

91 1197 109 1210 --
201 1164 511 1231 exemplum,
546 1164 639 1215 sed
662 1180 754 1229 per
777 1163 1207 1215 consuetudinem
1235 1163 1541 1232 regularem,
1570 1166 1824 1231 ejusmodi
1862 1167 1923 1217 de
1950 1183 2051 1232 quo
2078 1167 2166 1218 hic
2190 1169 2362 1235 agitur

201 1247 478 1314 probanda
500 1253 578 1299 est
600 1246 701 1298 lex.

308 1330 462 1393 Quod
482 1336 655 1381 autem
676 1330 742 1379 ad
766 1330 928 1380 Usum
954 1330 1392 1382 Herefordensem
1413 1332 1612 1395 attinet,
1646 1332 1702 1382 in
1733 1348 1794 1382 ea
1817 1349 1967 1398 quam
1994 1333 2162 1385 solam
2189 1333 2361 1384 adhuc

201 1413 457 1436 '‘ss-³2²²
491 1412 890 1463 TIerefordensis
925 1412 1034 1462 vidi
1067 1414 1221 1464 Parte
1259 1418 1367 1464 no'n
1406 1414 1673 1465 invenitur
1707 1415 1834 1465 Pica
1867 1416 1938 1480 (v,
1969 1431 2142 1480 supra,
2176 1416 2231 1464 in
2265 1432 2356 1465 no-

538 1516 541 1539 ι
563 1495 608 1545 si
630 1495 753 1561 quid
778 1495 900 1546 alibi
927 1495 990 1546 de
1012 1496 1113 1547 hac
1136 1498 1422 1563 quaestione
1445 1497 1659 1564 legerim
1683 1514 1822 1548 nunc
1844 1498 2104 1549 recordor.

538 1578 621 1629 Ad
656 1579 891 1630 notulam
925 1594 952 1643 fl
978 1580 1399 1631 annotatationes
1428 1581 1662 1645 quaedam
1685 1582 1739 1631 in
1765 1582 1915 1632 Fasc.
1938 1580 2004 1645 Π,
2029 1581 2142 1643 ad§
2167 1583 2248 1645 98,
2272 1597 2358 1647 pp.

538 1662 605 1726 vj,
630 1661 922 1713 videantur.

538 1746 609 1795 ait.
634 1745 787 1796 Dom.
812 1747 873 1809 G,
898 1763 994 1813 pro
1024 1745 1166 1798 “Fer.
1193 1751 1221 1798 2
1248 1753 1300 1797 et
1322 1746 1385 1799 6''
1406 1745 1526 1815 lege
1553 1748 1694 1798 “Fen
1719 1750 1765 1810 2,
1793 1746 1879 1814 [4,]
1906 1752 1957 1797 et
1979 1745 2057 1797 6”.

568 1860 676 1911 par.
709 1844 788 1909 4.)
830 1846 892 1896 In
928 1846 1112 1898 Officio
1145 1848 1397 1911 Romano,
1430 1846 1639 1912 quando
1680 1847 1854 1914 plures
1894 1845 2027 1895 fiunt
2064 1843 2359 1906 Orationes,

542 1942 597 1976 er
621 1932 673 1976 et
693 1927 877 1978 ultima
898 1927 1106 1994 plenam
1128 1927 1324 1980 habent
1347 1929 1755 1993 conclusionem,
1779 1928 1962 1980 mediae
1983 1926 2197 1979 nullam.

538 2014 547 2067 i
571 2026 679 2076 par.
703 2010 770 2074 2.)
789 2019 948 2076 prout
970 2011 1195 2078 iuferius
1215 2011 1288 2063 ad
1321 2011 1512 2077 Oompl.
1522 2019 1641 2078 post
1667 2011 1982 2063 Psalterium
2013 2017 2131 2062 suut
2166 2009 2361 2075 notata]

538 2110 580 2143 ιε
604 2092 804 2156 dicitur,
830 2094 954 2159 quia
974 2094 1030 2144 in
1063 2094 1327 2161 plerisque
1349 2096 1629 2146 Breviariis
1655 2092 2131 2145 Sarisburiensibus
2165 2093 2364 2143 Psalte-

538 2190 615 2226 {ra
638 2192 753 2243 quae
775 2177 871 2228 toti
895 2192 1033 2227 anno
1064 2176 1361 2230 Communia
1393 2183 1516 2231 sunt
1539 2180 1675 2228 inter
1707 2175 1990 2244 Proprium
2023 2175 2088 2227 de
2121 2174 2365 2242 Tempore

538 2277 579 2310 m.
600 2260 664 2312 de
688 2258 909 2323 Sanctia,
933 2289 1003 2299 —
1026 2267 1117 2312 aut
1152 2263 1275 2312 anni
1298 2264 1474 2326 totius,
1509 2267 1614 2326 aut,
1651 2260 1791 2327 quod
1814 2260 2118 2328 plerumque
2141 2259 2363 2322 videtur,

538 2343 673 2393 nalis
706 2343 794 2394 vel
815 2342 1106 2408 AEstivalis,
1129 2372 1194 2381 -—
1216 2347 1569 2396 inveniuntur.

538 2451 560 2460 -
585 2426 655 2490 8.)
679 2425 766 2474 An
797 2427 1134 2477 MAwrmAs
1154 2455 1226 2466 —-
1247 2427 1467 2495 nostro]
1502 2430 1562 2479 In
1594 2429 1664 2478 L:
1703 2427 1821 2478 “Ad
1854 2426 2008 2478 Μαιέ
2038 2426 2103 2478 de
2125 2425 2368 2477 Adventu

538 2527 591 2572 n,
624 2510 763 2559 Ecce
798 2511 945 2561 venit
975 2511 1103 2562 Rex.
1150 2509 1344 2563 Chorus
1374 2520 1734 2578 prosequatur,
1771 2512 2116 2563 Occurramus
2158 2509 2366 2561 obuiam

538 2599 692 2644 ostro.

548 2677 701 2727 lineae
722 2678 752 2727 9
776 2675 949 2741 finem,
973 2676 1212 2743 appende
1234 2675 1498 2727 notulam:

538 2765 669 2810 mter
704 2759 1111 2810 “Invitam-ium.
1144 2760 1283 2810 Ecce
1317 2761 1464 2810 venit
1492 2760 1616 2808 Rex.
1647 2757 1841 2809 Chorus
1859 2765 2230 2822 prosequatur:
2265 2755 2366 2805 Oc-

540 2826 748 2877 obviam
782 2825 1042 2877 Salvator-i
1072 2825 1309 2876 nostr0.”
1344 2826 1407 2875 de
1440 2826 1740 2876 invitatorio
1776 2823 1904 2874 nihil
1938 2823 2082 2873 aliud
2111 2823 2213 2873 hoc
2246 2822 2364 2872 loco

538 2983 545 3030 b
570 2991 680 3041 par.
707 2975 774 3041 2.)
808 2974 897 3026 ubi
928 2976 1152 3027 totaliter
1174 2975 1231 3026 i‘n
1254 2973 1525 3026 audientia
1546 2973 1791 3025 dicantur
1813 2973 1892 3024 vel
1914 2969 2225 3035 cantentur]
2253 2970 2367 3020 Nisi

538 3058 581 3108 is
604 3063 842 3124 respectu
860 3058 1121 3109 offertorii
1148 3059 1291 3108 “Ave
1314 3058 1498 3120 Maria,
1522 3058 1690 3124 gratia
1712 3057 1893 3123 plena:
1918 3054 2034 3105 Dfis
2055 3061 2252 3105 tecum:
2277 3053 2366 3103 be-

551 3141 607 3190 in
629 3141 952 3204 mulieribuS‚
988 3147 1038 3192 et
1059 3141 1366 3192 benedictus
1389 3140 1589 3190 fructus
1613 3141 1809 3190 ventris
1833 3138 1972 3202 tui.”,
1998 3138 2136 3205 quod
2162 3137 2366 3187 saeculis

538 3239 591 3272 us
616 3223 686 3288 (v.
712 3223 777 3272 ad
798 3225 856 3274 P.
879 3227 988 3287 121,
1011 3239 1061 3288 p.
1086 3223 1267 3287 xxxix)
1293 3239 1386 3289 pro
1420 3223 1626 3288 integra
1650 3222 1973 3272 Salutatione
1997 3220 2253 3286 Angelica
2274 3219 2367 3268 ha-

538 3306 679 3356 fendi
701 3310 889 3372 potest,
917 3333 977 3344 —
1002 3306 1158 3357 scribi
1183 3305 1261 3371 (ut
1284 3304 1507 3371 videtur)
1539 3304 1731 3369 debuit,
1754 3304 1868 3356 “ubi
1891 3304 2116 3355 totaliter
2137 3303 2196 3354 iu
2217 3301 2368 3352 audi-

538 3397 612 3442 !ur
634 3389 714 3440 vel
736 3396 969 3440 cantetur
991 3389 1145 3439 Pater
1168 3387 1397 3440 noster.'’

538 3482 543 3524 ι
566 3489 617 3537 p.
641 3472 742 3535 ciii,
767 3470 804 3521 1.
829 3475 875 3535 7,
898 3486 992 3536 pro
1020 3471 1139 3537 “(cf.
1164 3472 1319 3522 etiam
1336 3487 1388 3536 p.
1407 3468 1522 3536 vi)’'
1546 3470 1730 3533 scribe,
1759 3469 1858 3535 “(v.
1884 3486 1972 3536 pp.
1997 3469 2052 3519 vi
2077 3473 2129 3519 et
2150 3467 2223 3529 lii,
2250 3480 2369 3515 cum

538 3554 642 3604 ndo
668 3571 719 3620 p.
744 3552 926 3622 lxiii)”.

313 3642 397 3690 Pr.
418 3639 453 3688 5
476 3637 553 3703 α.)
577 3655 626 3704 p.
649 3637 721 3702 lii,
745 3638 780 3689 l.
803 3636 1002 3706 penult.
1028 3637 1203 3689 verbis
1230 3637 1343 3688 “Br.
1368 3635 1606 3688 Ebm-‚a”
1630 3634 1866 3702 appende
1888 3633 2146 3685 notulam:

310 3736 342 3769 ⁴*
361 3737 423 3787 In
446 3736 508 3801 L,
541 3753 650 3788 non
681 3739 737 3787 in
767 3737 1078 3803 supradictis
1101 3742 1303 3788 tantum
1325 3737 1492 3787 tribus
1516 3736 1664 3800 locis,
1691 3733 1783 3786 sed
1807 3734 1933 3784 etin
1951 3733 2222 3783 Passionis
2241 3729 2372 3781 1)ῆί-

208 3820 287 3852 ca.
328 3803 606 3852 formulam
646 3819 764 3852 cum
808 3803 1016 3852 “Deus”
1049 3804 1201 3852 nlene
1242 3805 1554 3852 exscriptam
1593 3802 1873 3852 habemus:
1915 3815 2210 3852 ouanuuam
2249 3804 2372 3852 nost
