<?xml version="1.0" encoding="UTF-8"?>
<!DOCTYPE html PUBLIC "-//W3C//DTD XHTML 1.0 Transitional//EN"
    "http://www.w3.org/TR/xhtml1/DTD/xhtml1-transitional.dtd">
<html xmlns="http://www.w3.org/1999/xhtml" xml:lang="en" lang="en">
 <head>
  <title>
</title>
<meta http-equiv="Content-Type" content="text/html;charset=utf-8" />
  <meta name='ocr-system' content='tesseract 3.04.00' />
  <meta name='ocr-capabilities' content='ocr_page ocr_carea ocr_par ocr_line ocrx_word'/>
</head>
<body>
  <div class='ocr_page' id='page_1' title='image "./portiforiiseubr00cathgoog_0150.png"; bbox 0 0 2910 4457; ppageno 0'>
   <div class='ocr_carea' id='block_1_1' title="bbox 614 350 1879 412">
    <p class='ocr_par' dir='ltr' id='par_1_1' title="bbox 614 350 1879 412">
     <span class='ocr_line' id='line_1_1' title="bbox 614 350 1879 412; baseline -0.004 0"><span class='ocrx_word' id='word_1_1' title='bbox 614 350 695 412; x_wconf 73' lang='lat'><strong>32</strong></span> <span class='ocrx_word' id='word_1_2' title='bbox 1427 366 1595 408; x_wconf 76' lang='lat' dir='ltr'><strong>nim</strong></span> <span class='ocrx_word' id='word_1_3' title='bbox 1638 364 1879 408; x_wconf 64' lang='lat' dir='ltr'><strong>saccum</strong></span> 
     </span>
    </p>
   </div>
   <div class='ocr_carea' id='block_1_2' title="bbox 611 481 1610 3491">
    <p class='ocr_par' dir='ltr' id='par_1_2' title="bbox 615 481 1598 605">
     <span class='ocr_line' id='line_1_2' title="bbox 615 481 1598 543; baseline -0.002 -11"><span class='ocrx_word' id='word_1_4' title='bbox 615 492 761 533; x_wconf 83' lang='lat' dir='ltr'><strong>meus</strong></span> <span class='ocrx_word' id='word_1_5' title='bbox 783 496 797 532; x_wconf 72' lang='grc' dir='ltr'><strong>ι</strong></span> <span class='ocrx_word' id='word_1_6' title='bbox 818 481 930 532; x_wconf 86' lang='lat' dir='ltr'><strong>etin</strong></span> <span class='ocrx_word' id='word_1_7' title='bbox 946 481 1054 542; x_wconf 81' lang='lat' dir='ltr'><strong>ipso</strong></span> <span class='ocrx_word' id='word_1_8' title='bbox 1063 481 1283 543; x_wconf 78' lang='lat' dir='ltr'><strong>speravit</strong></span> <span class='ocrx_word' id='word_1_9' title='bbox 1296 494 1380 532; x_wconf 86' lang='lat' dir='ltr'><strong>cor</strong></span> <span class='ocrx_word' id='word_1_10' title='bbox 1397 492 1570 531; x_wconf 91' lang='lat' dir='ltr'><strong>meum</strong></span> <span class='ocrx_word' id='word_1_11' title='bbox 1582 516 1598 542; x_wconf 88' lang='lat'><strong>,</strong></span> 
     </span>
     <span class='ocr_line' id='line_1_3' title="bbox 615 545 1045 605; baseline 0 -12"><span class='ocrx_word' id='word_1_12' title='bbox 615 549 664 593; x_wconf 81' lang='lat' dir='ltr'><strong>et</strong></span> <span class='ocrx_word' id='word_1_13' title='bbox 684 545 890 605; x_wconf 73' lang='lat' dir='ltr'><strong>adjutus</strong></span> <span class='ocrx_word' id='word_1_14' title='bbox 908 556 1045 593; x_wconf 87' lang='lat' dir='ltr'><strong>sum.</strong></span> 
     </span>
    </p>

    <p class='ocr_par' dir='ltr' id='par_1_3' title="bbox 615 605 1602 717">
     <span class='ocr_line' id='line_1_4' title="bbox 676 605 1602 657; baseline -0.001 -2"><span class='ocrx_word' id='word_1_15' title='bbox 676 605 743 655; x_wconf 87' lang='lat' dir='ltr'><strong>Et</strong></span> <span class='ocrx_word' id='word_1_16' title='bbox 771 606 997 655; x_wconf 85' lang='lat' dir='ltr'><strong>refloruit</strong></span> <span class='ocrx_word' id='word_1_17' title='bbox 1027 618 1144 656; x_wconf 91' lang='lat' dir='ltr'><strong>caro</strong></span> <span class='ocrx_word' id='word_1_18' title='bbox 1178 617 1327 657; x_wconf 88' lang='lat' dir='ltr'><strong>mea.</strong></span> <span class='ocrx_word' id='word_1_19' title='bbox 1357 609 1407 656; x_wconf 88' lang='lat' dir='ltr'><strong>et</strong></span> <span class='ocrx_word' id='word_1_20' title='bbox 1426 617 1485 654; x_wconf 86' lang='lat' dir='ltr'><strong>ex</strong></span> <span class='ocrx_word' id='word_1_21' title='bbox 1513 616 1602 654; x_wconf 88' lang='lat' dir='ltr'><strong>vo-</strong></span> 
     </span>
     <span class='ocr_line' id='line_1_5' title="bbox 615 668 1317 717; baseline -0.001 -1"><span class='ocrx_word' id='word_1_22' title='bbox 615 668 808 717; x_wconf 87' lang='lat' dir='ltr'><strong>luntate</strong></span> <span class='ocrx_word' id='word_1_23' title='bbox 827 679 940 716; x_wconf 82' lang='lat' dir='ltr'><strong>mea</strong></span> <span class='ocrx_word' id='word_1_24' title='bbox 961 668 1231 717; x_wconf 83' lang='lat' dir='ltr'><strong>confitebor</strong></span> <span class='ocrx_word' id='word_1_25' title='bbox 1252 668 1317 717; x_wconf 89' lang='lat' dir='ltr'><strong>ei.</strong></span> 
     </span>
    </p>

    <p class='ocr_par' dir='ltr' id='par_1_4' title="bbox 614 729 1603 841">
     <span class='ocr_line' id='line_1_6' title="bbox 676 729 1603 801; baseline -0.002 -24"><span class='ocrx_word' id='word_1_26' title='bbox 676 729 786 777; x_wconf 78' lang='lat' dir='ltr'><strong>Diis</strong></span> <span class='ocrx_word' id='word_1_27' title='bbox 807 729 1044 778; x_wconf 80' lang='lat' dir='ltr'><strong>fortitudo</strong></span> <span class='ocrx_word' id='word_1_28' title='bbox 1067 731 1223 789; x_wconf 88' lang='lat' dir='ltr'><strong>plebis</strong></span> <span class='ocrx_word' id='word_1_29' title='bbox 1250 741 1394 801; x_wconf 65' lang='lat' dir='ltr'><strong>sute-</strong></span> <span class='ocrx_word' id='word_1_30' title='bbox 1422 732 1473 777; x_wconf 87' lang='lat' dir='ltr'><strong>et</strong></span> <span class='ocrx_word' id='word_1_31' title='bbox 1493 739 1603 788; x_wconf 89' lang='lat' dir='ltr'><strong>pro-</strong></span> 
     </span>
     <span class='ocr_line' id='line_1_7' title="bbox 614 776 1601 841; baseline -0.004 0"><span class='ocrx_word' id='word_1_32' title='bbox 614 795 768 841; x_wconf 80' lang='lat' dir='ltr'><strong>tector</strong></span> <span class='ocrx_word' id='word_1_33' title='bbox 797 791 1134 840; x_wconf 80' lang='lat' dir='ltr'><strong>salvationum</strong></span> <span class='ocrx_word' id='word_1_34' title='bbox 1170 776 1358 840; x_wconf 80' lang='lat' dir='ltr'><strong>Christi</strong></span> <span class='ocrx_word' id='word_1_35' title='bbox 1386 791 1470 839; x_wconf 90' lang='lat' dir='ltr'><strong>sui</strong></span> <span class='ocrx_word' id='word_1_36' title='bbox 1507 793 1601 839; x_wconf 86' lang='lat' dir='ltr'><strong>est.</strong></span> 
     </span>
    </p>

    <p class='ocr_par' dir='ltr' id='par_1_5' title="bbox 613 851 1605 1037">
     <span class='ocr_line' id='line_1_8' title="bbox 677 851 1599 912; baseline -0.002 -11"><span class='ocrx_word' id='word_1_37' title='bbox 677 852 886 901; x_wconf 86' lang='lat' dir='ltr'><strong>Salvum</strong></span> <span class='ocrx_word' id='word_1_38' title='bbox 915 851 991 900; x_wconf 80' lang='lat' dir='ltr'><strong>sac</strong></span> <span class='ocrx_word' id='word_1_39' title='bbox 1021 853 1262 912; x_wconf 89' lang='lat' dir='ltr'><strong>populum</strong></span> <span class='ocrx_word' id='word_1_40' title='bbox 1282 857 1431 901; x_wconf 90' lang='lat' dir='ltr'><strong>tuum</strong></span> <span class='ocrx_word' id='word_1_41' title='bbox 1463 852 1599 910; x_wconf 67' lang='lat' dir='ltr'><strong>Dite,</strong></span> 
     </span>
     <span class='ocr_line' id='line_1_9' title="bbox 613 912 1605 974; baseline 0.001 -12"><span class='ocrx_word' id='word_1_42' title='bbox 613 919 663 962; x_wconf 87' lang='lat' dir='ltr'><strong>et</strong></span> <span class='ocrx_word' id='word_1_43' title='bbox 695 912 903 963; x_wconf 80' lang='lat' dir='ltr'>benedic</span> <span class='ocrx_word' id='word_1_44' title='bbox 929 913 1210 963; x_wconf 65' lang='lat' dir='ltr'><strong>haereditati</strong></span> <span class='ocrx_word' id='word_1_45' title='bbox 1244 920 1380 964; x_wconf 81' lang='lat' dir='ltr'><strong>tuae·</strong></span> <span class='ocrx_word' id='word_1_46' title='bbox 1400 918 1449 963; x_wconf 90' lang='lat' dir='ltr'><strong>et</strong></span> <span class='ocrx_word' id='word_1_47' title='bbox 1488 925 1605 974; x_wconf 87' lang='lat' dir='ltr'><strong>rege</strong></span> 
     </span>
     <span class='ocr_line' id='line_1_10' title="bbox 614 975 1601 1037; baseline -0.003 -12"><span class='ocrx_word' id='word_1_48' title='bbox 614 988 723 1034; x_wconf 68' lang='grc'><strong>505,</strong></span> <span class='ocrx_word' id='word_1_49' title='bbox 740 980 786 1024; x_wconf 90' lang='lat' dir='ltr'><strong>et</strong></span> <span class='ocrx_word' id='word_1_50' title='bbox 796 975 968 1023; x_wconf 81' lang='lat' dir='ltr'>extolle</span> <span class='ocrx_word' id='word_1_51' title='bbox 978 975 1089 1024; x_wconf 89' lang='lat' dir='ltr'><strong>illos</strong></span> <span class='ocrx_word' id='word_1_52' title='bbox 1099 976 1320 1037; x_wconf 84' lang='lat' dir='ltr'><strong>usquein</strong></span> <span class='ocrx_word' id='word_1_53' title='bbox 1334 980 1601 1024; x_wconf 84' lang='lat' dir='ltr'><strong>aeternum.</strong></span> 
     </span>
    </p>

    <p class='ocr_par' dir='ltr' id='par_1_6' title="bbox 616 1036 1603 1149">
     <span class='ocr_line' id='line_1_11' title="bbox 676 1036 1603 1087; baseline -0.002 0"><span class='ocrx_word' id='word_1_54' title='bbox 676 1036 849 1087; x_wconf 78' lang='lat' dir='ltr'><strong>Gloria</strong></span> <span class='ocrx_word' id='word_1_55' title='bbox 863 1038 1023 1086; x_wconf 86' lang='lat' dir='ltr'><strong>Patri.</strong></span> <span class='ocrx_word' id='word_1_56' title='bbox 1037 1039 1102 1087; x_wconf 73' lang='lat' dir='ltr'><strong>A.</strong></span> <span class='ocrx_word' id='word_1_57' title='bbox 1116 1039 1225 1087; x_wconf 75' lang='lat' dir='ltr'><strong>Diis</strong></span> <span class='ocrx_word' id='word_1_58' title='bbox 1242 1037 1471 1087; x_wconf 77' lang='lat' dir='ltr'><strong>defensor</strong></span> <span class='ocrx_word' id='word_1_59' title='bbox 1486 1037 1603 1085; x_wconf 82' lang='lat' dir='ltr'><strong>vitae</strong></span> 
     </span>
     <span class='ocr_line' id='line_1_12' title="bbox 616 1111 760 1149; baseline 0.016 -2"><span class='ocrx_word' id='word_1_60' title='bbox 616 1111 760 1149; x_wconf 82' lang='lat' dir='ltr'><strong>meae.</strong></span> 
     </span>
    </p>

    <p class='ocr_par' dir='ltr' id='par_1_7' title="bbox 715 1159 1604 1333">
     <span class='ocr_line' id='line_1_13' title="bbox 874 1159 1337 1221; baseline 0 -13"><span class='ocrx_word' id='word_1_61' title='bbox 874 1161 1118 1209; x_wconf 72' lang='lat' dir='ltr'><strong>Psalmus</strong></span> <span class='ocrx_word' id='word_1_62' title='bbox 1147 1159 1337 1221; x_wconf 64' lang='lat' dir='ltr'><strong>oemij.</strong></span> 
     </span>
     <span class='ocr_line' id='line_1_14' title="bbox 715 1220 1604 1272; baseline 0.001 -3"><span class='ocrx_word' id='word_1_63' title='bbox 715 1222 854 1271; x_wconf 81' lang='lat' dir='ltr'><strong>trerte</strong></span> <span class='ocrx_word' id='word_1_64' title='bbox 881 1223 994 1271; x_wconf 80' lang='lat' dir='ltr'><strong>Dno</strong></span> <span class='ocrx_word' id='word_1_65' title='bbox 1024 1222 1117 1271; x_wconf 82' lang='lat' dir='ltr'><strong>filii</strong></span> <span class='ocrx_word' id='word_1_66' title='bbox 1137 1223 1266 1272; x_wconf 83' lang='lat' dir='ltr'><strong>Dei:</strong></span> <span class='ocrx_word' id='word_1_67' title='bbox 1297 1221 1471 1270; x_wconf 78' lang='lat' dir='ltr'><strong>afferte</strong></span> <span class='ocrx_word' id='word_1_68' title='bbox 1489 1220 1604 1270; x_wconf 81' lang='grc' dir='ltr'><strong>Βῑιο</strong></span> 
     </span>
     <span class='ocr_line' id='line_1_15' title="bbox 715 1283 1100 1333; baseline 0.008 -4"><span class='ocrx_word' id='word_1_69' title='bbox 715 1283 845 1332; x_wconf 86' lang='lat' dir='ltr'><strong>filios</strong></span> <span class='ocrx_word' id='word_1_70' title='bbox 863 1285 1100 1333; x_wconf 86' lang='lat' dir='ltr'><strong>arietum.</strong></span> 
     </span>
    </p>

    <p class='ocr_par' dir='ltr' id='par_1_8' title="bbox 614 1343 1602 1529">
     <span class='ocr_line' id='line_1_16' title="bbox 678 1343 1602 1406; baseline 0 -13"><span class='ocrx_word' id='word_1_71' title='bbox 678 1343 871 1395; x_wconf 75' lang='lat' dir='ltr'><strong>Afferte</strong></span> <span class='ocrx_word' id='word_1_72' title='bbox 888 1346 1003 1394; x_wconf 77' lang='lat' dir='ltr'><strong>Dno</strong></span> <span class='ocrx_word' id='word_1_73' title='bbox 1024 1345 1240 1406; x_wconf 83' lang='lat' dir='ltr'><strong>gloriam</strong></span> <span class='ocrx_word' id='word_1_74' title='bbox 1260 1349 1309 1394; x_wconf 91' lang='lat' dir='ltr'><strong>et</strong></span> <span class='ocrx_word' id='word_1_75' title='bbox 1329 1343 1602 1404; x_wconf 87' lang='lat' dir='ltr'><strong>bonorem,</strong></span> 
     </span>
     <span class='ocr_line' id='line_1_17' title="bbox 615 1406 1604 1468; baseline -0.002 -13"><span class='ocrx_word' id='word_1_76' title='bbox 615 1406 790 1455; x_wconf 75' lang='lat' dir='ltr'><strong>afferte</strong></span> <span class='ocrx_word' id='word_1_77' title='bbox 826 1408 939 1456; x_wconf 74' lang='lat' dir='ltr'><strong>Dr‘io</strong></span> <span class='ocrx_word' id='word_1_78' title='bbox 971 1408 1185 1468; x_wconf 80' lang='lat' dir='ltr'><strong>gloriam</strong></span> <span class='ocrx_word' id='word_1_79' title='bbox 1225 1406 1420 1455; x_wconf 92' lang='lat' dir='ltr'><strong>nomini</strong></span> <span class='ocrx_word' id='word_1_80' title='bbox 1454 1406 1604 1466; x_wconf 73' lang='lat' dir='ltr'><strong>eJus:</strong></span> 
     </span>
     <span class='ocr_line' id='line_1_18' title="bbox 614 1467 1542 1529; baseline -0.003 -11"><span class='ocrx_word' id='word_1_81' title='bbox 614 1467 817 1518; x_wconf 78' lang='lat' dir='ltr'><strong>adorate</strong></span> <span class='ocrx_word' id='word_1_82' title='bbox 836 1470 974 1517; x_wconf 77' lang='lat' dir='ltr'><strong>Dnm</strong></span> <span class='ocrx_word' id='word_1_83' title='bbox 995 1470 1049 1518; x_wconf 91' lang='lat' dir='ltr'><strong>in</strong></span> <span class='ocrx_word' id='word_1_84' title='bbox 1070 1470 1200 1518; x_wconf 88' lang='lat' dir='ltr'><strong>atrio</strong></span> <span class='ocrx_word' id='word_1_85' title='bbox 1219 1473 1393 1517; x_wconf 88' lang='lat' dir='ltr'><strong>sancto</strong></span> <span class='ocrx_word' id='word_1_86' title='bbox 1412 1469 1542 1529; x_wconf 83' lang='lat' dir='ltr'><strong>ejus.</strong></span> 
     </span>
    </p>

    <p class='ocr_par' dir='ltr' id='par_1_9' title="bbox 611 1529 1607 1701">
     <span class='ocr_line' id='line_1_19' title="bbox 678 1529 1607 1591; baseline 0.001 -15"><span class='ocrx_word' id='word_1_87' title='bbox 678 1529 785 1577; x_wconf 85' lang='lat' dir='ltr'><strong>Vox</strong></span> <span class='ocrx_word' id='word_1_88' title='bbox 814 1531 918 1580; x_wconf 80' lang='lat' dir='ltr'><strong>Dfii</strong></span> <span class='ocrx_word' id='word_1_89' title='bbox 941 1542 1091 1591; x_wconf 89' lang='lat' dir='ltr'><strong>super</strong></span> <span class='ocrx_word' id='word_1_90' title='bbox 1120 1531 1467 1591; x_wconf 82' lang='lat' dir='ltr'><strong>aquas‚1)eus</strong></span> <span class='ocrx_word' id='word_1_91' title='bbox 1496 1542 1607 1578; x_wconf 91' lang='lat' dir='ltr'><strong>ma-</strong></span> 
     </span>
     <span class='ocr_line' id='line_1_20' title="bbox 611 1591 1607 1700; baseline 0.001 -62"><span class='ocrx_word' id='word_1_92' title='bbox 611 1591 810 1700; x_wconf 63' lang='grc' dir='ltr'><strong>]εεῑῖιιί5</strong></span> <span class='ocrx_word' id='word_1_93' title='bbox 837 1593 1096 1645; x_wconf 83' lang='lat' dir='ltr'><strong>intonuit:</strong></span> <span class='ocrx_word' id='word_1_94' title='bbox 1125 1594 1236 1642; x_wconf 88' lang='lat' dir='ltr'><strong>Dus</strong></span> <span class='ocrx_word' id='word_1_95' title='bbox 1262 1604 1414 1652; x_wconf 89' lang='lat' dir='ltr'><strong>super</strong></span> <span class='ocrx_word' id='word_1_96' title='bbox 1447 1603 1607 1652; x_wconf 88' lang='lat' dir='ltr'><strong>aquas</strong></span> 
     </span>
     <span class='ocr_line' id='line_1_21' title="bbox 616 1657 823 1701; baseline 0.005 -1"><span class='ocrx_word' id='word_1_97' title='bbox 616 1664 706 1700; x_wconf 90' lang='lat' dir='ltr'><strong>mu</strong></span> <span class='ocrx_word' id='word_1_98' title='bbox 728 1657 823 1701; x_wconf 80' lang='lat' dir='ltr'><strong>tas,</strong></span> 
     </span>
    </p>

    <p class='ocr_par' dir='ltr' id='par_1_10' title="bbox 615 1713 1602 1834">
     <span class='ocr_line' id='line_1_22' title="bbox 678 1713 1602 1764; baseline 0.002 -4"><span class='ocrx_word' id='word_1_99' title='bbox 678 1713 787 1762; x_wconf 86' lang='lat' dir='ltr'><strong>Vox</strong></span> <span class='ocrx_word' id='word_1_100' title='bbox 813 1714 916 1763; x_wconf 74' lang='lat' dir='ltr'><strong>Diri</strong></span> <span class='ocrx_word' id='word_1_101' title='bbox 946 1715 999 1762; x_wconf 92' lang='lat' dir='ltr'><strong>in</strong></span> <span class='ocrx_word' id='word_1_102' title='bbox 1031 1715 1255 1764; x_wconf 83' lang='lat' dir='ltr'><strong>virtute:</strong></span> <span class='ocrx_word' id='word_1_103' title='bbox 1290 1725 1383 1763; x_wconf 85' lang='lat' dir='ltr'><strong>vox</strong></span> <span class='ocrx_word' id='word_1_104' title='bbox 1413 1713 1515 1762; x_wconf 80' lang='lat' dir='ltr'><strong>Diii</strong></span> <span class='ocrx_word' id='word_1_105' title='bbox 1548 1713 1602 1762; x_wconf 89' lang='lat' dir='ltr'><strong>in</strong></span> 
     </span>
     <span class='ocr_line' id='line_1_23' title="bbox 615 1774 1012 1834; baseline 0.003 -11"><span class='ocrx_word' id='word_1_106' title='bbox 615 1774 1012 1834; x_wconf 83' lang='lat' dir='ltr'><strong>magnificentia.</strong></span> 
     </span>
    </p>

    <p class='ocr_par' dir='ltr' id='par_1_11' title="bbox 616 1835 1606 1958">
     <span class='ocr_line' id='line_1_24' title="bbox 679 1835 1606 1896; baseline 0.003 -13"><span class='ocrx_word' id='word_1_107' title='bbox 679 1836 786 1884; x_wconf 82' lang='lat' dir='ltr'><strong>Vox</strong></span> <span class='ocrx_word' id='word_1_108' title='bbox 806 1836 908 1884; x_wconf 74' lang='lat' dir='ltr'><strong>Diri</strong></span> <span class='ocrx_word' id='word_1_109' title='bbox 934 1835 1301 1896; x_wconf 77' lang='lat' dir='ltr'><strong>confringentis</strong></span> <span class='ocrx_word' id='word_1_110' title='bbox 1320 1835 1495 1884; x_wconf 82' lang='lat' dir='ltr'><strong>cedros</strong></span> <span class='ocrx_word' id='word_1_111' title='bbox 1517 1851 1532 1886; x_wconf 71' lang='grc' dir='ltr'><em>ε</em></span> <span class='ocrx_word' id='word_1_112' title='bbox 1557 1842 1606 1886; x_wconf 83' lang='lat' dir='ltr'><strong>et</strong></span> 
     </span>
     <span class='ocr_line' id='line_1_25' title="bbox 616 1896 1459 1958; baseline 0.001 -11"><span class='ocrx_word' id='word_1_113' title='bbox 616 1896 902 1958; x_wconf 77' lang='lat' dir='ltr'><strong>confringet</strong></span> <span class='ocrx_word' id='word_1_114' title='bbox 919 1898 1029 1946; x_wconf 75' lang='lat' dir='ltr'><strong>Diis</strong></span> <span class='ocrx_word' id='word_1_115' title='bbox 1048 1898 1223 1946; x_wconf 87' lang='lat' dir='ltr'><strong>cedros</strong></span> <span class='ocrx_word' id='word_1_116' title='bbox 1241 1897 1424 1946; x_wconf 86' lang='lat' dir='ltr'><strong>Libani</strong></span> <span class='ocrx_word' id='word_1_117' title='bbox 1444 1913 1459 1948; x_wconf 77' lang='lat' dir='ltr'><strong>t</strong></span> 
     </span>
    </p>

    <p class='ocr_par' dir='ltr' id='par_1_12' title="bbox 615 1959 1609 2132">
     <span class='ocr_line' id='line_1_26' title="bbox 678 1959 1608 2019; baseline -0.001 -12"><span class='ocrx_word' id='word_1_118' title='bbox 678 1959 744 2008; x_wconf 90' lang='lat' dir='ltr'><strong>Et</strong></span> <span class='ocrx_word' id='word_1_119' title='bbox 763 1960 1075 2008; x_wconf 88' lang='lat' dir='ltr'><strong>comminuet</strong></span> <span class='ocrx_word' id='word_1_120' title='bbox 1094 1971 1180 2008; x_wconf 90' lang='lat' dir='ltr'><strong>eas</strong></span> <span class='ocrx_word' id='word_1_121' title='bbox 1201 1964 1445 2019; x_wconf 88' lang='lat' dir='ltr'><strong>tanquam</strong></span> <span class='ocrx_word' id='word_1_122' title='bbox 1478 1959 1608 2008; x_wconf 90' lang='lat' dir='ltr'><strong>vitu-</strong></span> 
     </span>
     <span class='ocr_line' id='line_1_27' title="bbox 615 2020 1609 2081; baseline -0.001 -11"><span class='ocrx_word' id='word_1_123' title='bbox 615 2020 723 2070; x_wconf 90' lang='lat' dir='ltr'><strong>lum</strong></span> <span class='ocrx_word' id='word_1_124' title='bbox 765 2020 985 2072; x_wconf 86' lang='lat' dir='ltr'><strong>Libani:</strong></span> <span class='ocrx_word' id='word_1_125' title='bbox 1031 2026 1081 2070; x_wconf 90' lang='lat' dir='ltr'><strong>et</strong></span> <span class='ocrx_word' id='word_1_126' title='bbox 1116 2021 1328 2071; x_wconf 88' lang='lat' dir='ltr'><strong>dilectus</strong></span> <span class='ocrx_word' id='word_1_127' title='bbox 1362 2021 1609 2081; x_wconf 88' lang='lat' dir='ltr'><strong>quemad-</strong></span> 
     </span>
     <span class='ocr_line' id='line_1_28' title="bbox 615 2083 1354 2132; baseline -0.001 0"><span class='ocrx_word' id='word_1_128' title='bbox 615 2084 828 2132; x_wconf 89' lang='lat' dir='ltr'><strong>modum</strong></span> <span class='ocrx_word' id='word_1_129' title='bbox 850 2083 988 2132; x_wconf 85' lang='lat' dir='ltr'><strong>filius</strong></span> <span class='ocrx_word' id='word_1_130' title='bbox 1006 2083 1354 2132; x_wconf 87' lang='lat' dir='ltr'><strong>unicornium.</strong></span> 
     </span>
    </p>

    <p class='ocr_par' dir='ltr' id='par_1_13' title="bbox 614 2143 1610 2382">
     <span class='ocr_line' id='line_1_29' title="bbox 678 2143 1605 2195; baseline 0 -3"><span class='ocrx_word' id='word_1_131' title='bbox 678 2145 788 2193; x_wconf 86' lang='lat' dir='ltr'><strong>Vox</strong></span> <span class='ocrx_word' id='word_1_132' title='bbox 826 2145 929 2194; x_wconf 75' lang='lat' dir='ltr'><strong>nni</strong></span> <span class='ocrx_word' id='word_1_133' title='bbox 958 2145 1303 2195; x_wconf 88' lang='lat' dir='ltr'><strong>intercidentis</strong></span> <span class='ocrx_word' id='word_1_134' title='bbox 1342 2143 1605 2193; x_wconf 85' lang='lat' dir='ltr'><strong>flammam</strong></span> 
     </span>
     <span class='ocr_line' id='line_1_30' title="bbox 616 2207 1610 2270; baseline -0.002 -12"><span class='ocrx_word' id='word_1_135' title='bbox 616 2207 776 2270; x_wconf 81' lang='lat' dir='ltr'><strong>ignis3</strong></span> <span class='ocrx_word' id='word_1_136' title='bbox 820 2220 913 2258; x_wconf 84' lang='lat' dir='ltr'><strong>vox</strong></span> <span class='ocrx_word' id='word_1_137' title='bbox 940 2207 1040 2257; x_wconf 70' lang='lat' dir='ltr'><strong>Diri</strong></span> <span class='ocrx_word' id='word_1_138' title='bbox 1071 2207 1403 2257; x_wconf 82' lang='lat' dir='ltr'><strong>concutientis</strong></span> <span class='ocrx_word' id='word_1_139' title='bbox 1441 2208 1610 2257; x_wconf 84' lang='lat' dir='ltr'><strong>deser-</strong></span> 
     </span>
     <span class='ocr_line' id='line_1_31' title="bbox 614 2270 1606 2382; baseline -0.001 -63"><span class='ocrx_word' id='word_1_140' title='bbox 614 2275 761 2382; x_wconf 51' lang='lat'>3131:</span> <span class='ocrx_word' id='word_1_141' title='bbox 783 2275 833 2319; x_wconf 89' lang='lat' dir='ltr'><strong>et</strong></span> <span class='ocrx_word' id='word_1_142' title='bbox 853 2271 1184 2321; x_wconf 85' lang='lat' dir='ltr'><strong>commovebit</strong></span> <span class='ocrx_word' id='word_1_143' title='bbox 1210 2271 1322 2319; x_wconf 75' lang='lat' dir='ltr'><strong>Diis</strong></span> <span class='ocrx_word' id='word_1_144' title='bbox 1348 2270 1606 2319; x_wconf 86' lang='lat' dir='ltr'><strong>desertum</strong></span> 
     </span>
    </p>

    <p class='ocr_par' dir='ltr' id='par_1_14' title="bbox 720 2344 792 2380">
     <span class='ocr_line' id='line_1_32' title="bbox 720 2344 792 2380; baseline -0.014 0"><span class='ocrx_word' id='word_1_145' title='bbox 720 2344 792 2380; x_wconf 78' lang='lat' dir='ltr'><strong>es,</strong></span> 
     </span>
    </p>

    <p class='ocr_par' dir='ltr' id='par_1_15' title="bbox 613 2391 1605 2576">
     <span class='ocr_line' id='line_1_33' title="bbox 678 2391 1605 2453; baseline -0.002 -12"><span class='ocrx_word' id='word_1_146' title='bbox 678 2394 786 2441; x_wconf 86' lang='lat' dir='ltr'><strong>Vox</strong></span> <span class='ocrx_word' id='word_1_147' title='bbox 820 2391 923 2441; x_wconf 70' lang='lat' dir='ltr'><strong>Diri</strong></span> <span class='ocrx_word' id='word_1_148' title='bbox 953 2393 1286 2453; x_wconf 76' lang='lat' dir='ltr'><strong>praeparantis</strong></span> <span class='ocrx_word' id='word_1_149' title='bbox 1321 2404 1519 2451; x_wconf 59' lang='lat' dir='ltr'><strong>ccrvm,</strong></span> <span class='ocrx_word' id='word_1_150' title='bbox 1556 2396 1605 2441; x_wconf 84' lang='lat' dir='ltr'><strong>et</strong></span> 
     </span>
     <span class='ocr_line' id='line_1_34' title="bbox 615 2453 1605 2514; baseline 0.002 -13"><span class='ocrx_word' id='word_1_151' title='bbox 615 2453 856 2503; x_wconf 84' lang='lat' dir='ltr'><strong>revelabit</strong></span> <span class='ocrx_word' id='word_1_152' title='bbox 871 2455 1147 2504; x_wconf 86' lang='lat' dir='ltr'><strong>condensa:</strong></span> <span class='ocrx_word' id='word_1_153' title='bbox 1163 2459 1211 2502; x_wconf 87' lang='lat' dir='ltr'><strong>et</strong></span> <span class='ocrx_word' id='word_1_154' title='bbox 1224 2454 1476 2514; x_wconf 88' lang='lat' dir='ltr'><strong>intemplo</strong></span> <span class='ocrx_word' id='word_1_155' title='bbox 1491 2454 1605 2513; x_wconf 83' lang='lat' dir='ltr'><strong>ejus</strong></span> 
     </span>
     <span class='ocr_line' id='line_1_35' title="bbox 613 2515 1445 2576; baseline 0 -13"><span class='ocrx_word' id='word_1_156' title='bbox 613 2527 791 2563; x_wconf 65' lang='lat' dir='ltr'><strong>omnes</strong></span> <span class='ocrx_word' id='word_1_157' title='bbox 810 2515 979 2563; x_wconf 87' lang='lat' dir='ltr'><strong>dicent</strong></span> <span class='ocrx_word' id='word_1_158' title='bbox 994 2516 1227 2575; x_wconf 83' lang='lat' dir='ltr'><strong>gloriam.</strong></span> <span class='ocrx_word' id='word_1_159' title='bbox 1439 2571 1445 2576; x_wconf 46' lang='grc'>,</span> 
     </span>
    </p>

    <p class='ocr_par' dir='ltr' id='par_1_16' title="bbox 613 2575 1606 2690">
     <span class='ocr_line' id='line_1_36' title="bbox 677 2575 1606 2627; baseline -0.002 -2"><span class='ocrx_word' id='word_1_160' title='bbox 677 2577 787 2625; x_wconf 74' lang='lat' dir='ltr'><strong>Diis</strong></span> <span class='ocrx_word' id='word_1_161' title='bbox 806 2576 1058 2625; x_wconf 89' lang='lat' dir='ltr'><strong>diluvium</strong></span> <span class='ocrx_word' id='word_1_162' title='bbox 1080 2577 1364 2625; x_wconf 87' lang='lat' dir='ltr'><strong>inhabitare</strong></span> <span class='ocrx_word' id='word_1_163' title='bbox 1381 2575 1531 2627; x_wconf 77' lang='lat' dir='ltr'><strong>facit:</strong></span> <span class='ocrx_word' id='word_1_164' title='bbox 1555 2579 1606 2625; x_wconf 85' lang='lat' dir='ltr'><strong>et</strong></span> 
     </span>
     <span class='ocr_line' id='line_1_37' title="bbox 613 2639 1426 2690; baseline -0.004 0"><span class='ocrx_word' id='word_1_165' title='bbox 613 2639 806 2690; x_wconf 75' lang='lat' dir='ltr'><strong>sedebit</strong></span> <span class='ocrx_word' id='word_1_166' title='bbox 825 2639 935 2687; x_wconf 71' lang='lat' dir='ltr'><strong>Diis</strong></span> <span class='ocrx_word' id='word_1_167' title='bbox 954 2640 1059 2688; x_wconf 86' lang='lat' dir='ltr'><strong>Rex</strong></span> <span class='ocrx_word' id='word_1_168' title='bbox 1080 2640 1133 2688; x_wconf 91' lang='lat' dir='ltr'><strong>in</strong></span> <span class='ocrx_word' id='word_1_169' title='bbox 1162 2644 1426 2688; x_wconf 83' lang='lat' dir='ltr'><strong>aeternum.</strong></span> 
     </span>
    </p>

    <p class='ocr_par' dir='ltr' id='par_1_17' title="bbox 614 2699 1603 2824">
     <span class='ocr_line' id='line_1_38' title="bbox 676 2699 1603 2762; baseline -0.003 -12"><span class='ocrx_word' id='word_1_170' title='bbox 676 2701 789 2750; x_wconf 71' lang='lat' dir='ltr'><strong>Diis</strong></span> <span class='ocrx_word' id='word_1_171' title='bbox 812 2701 1054 2750; x_wconf 85' lang='lat' dir='ltr'><strong>virtutem</strong></span> <span class='ocrx_word' id='word_1_172' title='bbox 1084 2702 1267 2762; x_wconf 88' lang='lat' dir='ltr'><strong>populo</strong></span> <span class='ocrx_word' id='word_1_173' title='bbox 1295 2713 1389 2749; x_wconf 91' lang='lat' dir='ltr'><strong>suo</strong></span> <span class='ocrx_word' id='word_1_174' title='bbox 1425 2699 1603 2749; x_wconf 88' lang='lat' dir='ltr'><strong>dabit.</strong></span> 
     </span>
     <span class='ocr_line' id='line_1_39' title="bbox 614 2763 1548 2824; baseline -0.001 -11"><span class='ocrx_word' id='word_1_175' title='bbox 614 2764 724 2813; x_wconf 74' lang='lat' dir='ltr'><strong>Diis</strong></span> <span class='ocrx_word' id='word_1_176' title='bbox 744 2763 1001 2813; x_wconf 87' lang='lat' dir='ltr'><strong>benedicet</strong></span> <span class='ocrx_word' id='word_1_177' title='bbox 1021 2764 1202 2824; x_wconf 90' lang='lat' dir='ltr'><strong>populo</strong></span> <span class='ocrx_word' id='word_1_178' title='bbox 1222 2776 1314 2812; x_wconf 89' lang='lat' dir='ltr'><strong>suo</strong></span> <span class='ocrx_word' id='word_1_179' title='bbox 1335 2763 1389 2811; x_wconf 91' lang='lat' dir='ltr'><strong>in</strong></span> <span class='ocrx_word' id='word_1_180' title='bbox 1411 2774 1548 2824; x_wconf 85' lang='lat' dir='ltr'><strong>pace.</strong></span> 
     </span>
    </p>

    <p class='ocr_par' dir='ltr' id='par_1_18' title="bbox 612 2825 1607 3066">
     <span class='ocr_line' id='line_1_40' title="bbox 895 2825 1322 2874; baseline 0.005 -3"><span class='ocrx_word' id='word_1_181' title='bbox 895 2825 1138 2874; x_wconf 72' lang='lat' dir='ltr'><strong>Psalmus</strong></span> <span class='ocrx_word' id='word_1_182' title='bbox 1167 2825 1322 2873; x_wconf 74' lang='lat' dir='ltr'><strong>xxix.</strong></span> 
     </span>
     <span class='ocr_line' id='line_1_41' title="bbox 617 2886 1607 2997; baseline 0.001 -64"><span class='ocrx_word' id='word_1_183' title='bbox 617 2886 896 2997; x_wconf 74' lang='lat' dir='ltr'><strong>Exaltabo</strong></span> <span class='ocrx_word' id='word_1_184' title='bbox 923 2890 972 2934; x_wconf 91' lang='lat' dir='ltr'><strong>te</strong></span> <span class='ocrx_word' id='word_1_185' title='bbox 989 2887 1124 2945; x_wconf 66' lang='lat' dir='ltr'><strong>Dite,</strong></span> <span class='ocrx_word' id='word_1_186' title='bbox 1166 2887 1408 2947; x_wconf 87' lang='lat' dir='ltr'><strong>quoniam</strong></span> <span class='ocrx_word' id='word_1_187' title='bbox 1435 2897 1607 2934; x_wconf 87' lang='lat' dir='ltr'><strong>susce-</strong></span> 
     </span>
     <span class='ocr_line' id='line_1_42' title="bbox 702 2947 1606 3005; baseline 0.002 -12"><span class='ocrx_word' id='word_1_188' title='bbox 702 2947 820 3005; x_wconf 90' lang='lat' dir='ltr'><strong>pisti</strong></span> <span class='ocrx_word' id='word_1_189' title='bbox 843 2959 955 2995; x_wconf 87' lang='lat' dir='ltr'><strong>me:</strong></span> <span class='ocrx_word' id='word_1_190' title='bbox 975 2960 1065 2997; x_wconf 92' lang='lat' dir='ltr'><strong>nec</strong></span> <span class='ocrx_word' id='word_1_191' title='bbox 1094 2948 1345 2997; x_wconf 86' lang='lat' dir='ltr'><strong>delectasti</strong></span> <span class='ocrx_word' id='word_1_192' title='bbox 1369 2948 1606 2997; x_wconf 91' lang='lat' dir='ltr'><strong>inimicos</strong></span> 
     </span>
     <span class='ocr_line' id='line_1_43' title="bbox 612 3019 1040 3066; baseline -0.005 -8"><span class='ocrx_word' id='word_1_193' title='bbox 612 3020 752 3058; x_wconf 89' lang='lat' dir='ltr'><strong>meos</strong></span> <span class='ocrx_word' id='word_1_194' title='bbox 767 3019 919 3066; x_wconf 91' lang='lat' dir='ltr'><strong>super</strong></span> <span class='ocrx_word' id='word_1_195' title='bbox 940 3019 1040 3056; x_wconf 90' lang='lat' dir='ltr'><strong>me.</strong></span> 
     </span>
    </p>

    <p class='ocr_par' dir='ltr' id='par_1_19' title="bbox 612 3068 1607 3180">
     <span class='ocr_line' id='line_1_44' title="bbox 675 3068 1607 3120; baseline -0.001 -3"><span class='ocrx_word' id='word_1_196' title='bbox 675 3068 787 3117; x_wconf 74' lang='lat' dir='ltr'><strong>Due</strong></span> <span class='ocrx_word' id='word_1_197' title='bbox 806 3068 943 3116; x_wconf 90' lang='lat' dir='ltr'><strong>Deus</strong></span> <span class='ocrx_word' id='word_1_198' title='bbox 962 3081 1109 3118; x_wconf 87' lang='lat' dir='ltr'><strong>meus</strong></span> <span class='ocrx_word' id='word_1_199' title='bbox 1128 3069 1341 3118; x_wconf 87' lang='lat' dir='ltr'><strong>clamavi</strong></span> <span class='ocrx_word' id='word_1_200' title='bbox 1363 3070 1427 3119; x_wconf 90' lang='lat' dir='ltr'><strong>ad</strong></span> <span class='ocrx_word' id='word_1_201' title='bbox 1449 3075 1500 3120; x_wconf 92' lang='lat' dir='ltr'><strong>te</strong></span> <span class='ocrx_word' id='word_1_202' title='bbox 1521 3084 1536 3120; x_wconf 74' lang='lat' dir='ltr'><strong>t</strong></span> <span class='ocrx_word' id='word_1_203' title='bbox 1556 3072 1607 3119; x_wconf 87' lang='lat' dir='ltr'><strong>et</strong></span> 
     </span>
     <span class='ocr_line' id='line_1_45' title="bbox 612 3130 927 3180; baseline -0.01 0"><span class='ocrx_word' id='word_1_204' title='bbox 612 3130 805 3180; x_wconf 78' lang='lat' dir='ltr'><strong>sanasti</strong></span> <span class='ocrx_word' id='word_1_205' title='bbox 826 3142 927 3179; x_wconf 88' lang='lat' dir='ltr'><strong>me.</strong></span> 
     </span>
    </p>

    <p class='ocr_par' dir='ltr' id='par_1_20' title="bbox 614 3189 1609 3367">
     <span class='ocr_line' id='line_1_46' title="bbox 677 3189 1606 3241; baseline 0 0"><span class='ocrx_word' id='word_1_206' title='bbox 677 3192 788 3241; x_wconf 77' lang='lat' dir='ltr'><strong>Bne</strong></span> <span class='ocrx_word' id='word_1_207' title='bbox 815 3191 1031 3241; x_wconf 82' lang='lat' dir='ltr'><strong>eduxisti</strong></span> <span class='ocrx_word' id='word_1_208' title='bbox 1054 3192 1117 3241; x_wconf 89' lang='lat' dir='ltr'><strong>ab</strong></span> <span class='ocrx_word' id='word_1_209' title='bbox 1141 3189 1340 3241; x_wconf 74' lang='lat' dir='ltr'><strong>interno</strong></span> <span class='ocrx_word' id='word_1_210' title='bbox 1375 3192 1606 3241; x_wconf 89' lang='lat' dir='ltr'><strong>animam</strong></span> 
     </span>
     <span class='ocr_line' id='line_1_47' title="bbox 614 3253 1609 3304; baseline 0 0"><span class='ocrx_word' id='word_1_211' title='bbox 614 3265 781 3304; x_wconf 87' lang='lat' dir='ltr'><strong>meam</strong></span> <span class='ocrx_word' id='word_1_212' title='bbox 806 3269 820 3303; x_wconf 72' lang='grc' dir='ltr'><strong>ι</strong></span> <span class='ocrx_word' id='word_1_213' title='bbox 850 3254 1056 3304; x_wconf 85' lang='lat' dir='ltr'><strong>salvasti</strong></span> <span class='ocrx_word' id='word_1_214' title='bbox 1093 3266 1174 3303; x_wconf 90' lang='lat' dir='ltr'><strong>me</strong></span> <span class='ocrx_word' id='word_1_215' title='bbox 1201 3266 1231 3303; x_wconf 92' lang='lat' dir='ltr'><strong>a</strong></span> <span class='ocrx_word' id='word_1_216' title='bbox 1260 3253 1609 3304; x_wconf 87' lang='lat' dir='ltr'><strong>descendenti-</strong></span> 
     </span>
     <span class='ocr_line' id='line_1_48' title="bbox 614 3315 991 3367; baseline -0.005 0"><span class='ocrx_word' id='word_1_217' title='bbox 614 3316 782 3367; x_wconf 88' lang='lat' dir='ltr'><strong>busin</strong></span> <span class='ocrx_word' id='word_1_218' title='bbox 805 3315 991 3365; x_wconf 89' lang='lat' dir='ltr'><strong>lacum.</strong></span> 
     </span>
    </p>

    <p class='ocr_par' dir='ltr' id='par_1_21' title="bbox 612 3376 1610 3491">
     <span class='ocr_line' id='line_1_49' title="bbox 673 3376 1610 3439; baseline -0.002 -11"><span class='ocrx_word' id='word_1_219' title='bbox 673 3377 881 3428; x_wconf 86' lang='lat' dir='ltr'><strong>Psallite</strong></span> <span class='ocrx_word' id='word_1_220' title='bbox 895 3379 1009 3427; x_wconf 77' lang='lat' dir='ltr'><strong>Dno</strong></span> <span class='ocrx_word' id='word_1_221' title='bbox 1027 3389 1203 3427; x_wconf 69' lang='lat' dir='ltr'><strong>omnes</strong></span> <span class='ocrx_word' id='word_1_222' title='bbox 1215 3376 1375 3427; x_wconf 90' lang='lat' dir='ltr'><strong>sancti</strong></span> <span class='ocrx_word' id='word_1_223' title='bbox 1393 3377 1506 3439; x_wconf 71' lang='lat' dir='ltr'><strong>eius</strong></span> <span class='ocrx_word' id='word_1_224' title='bbox 1525 3393 1538 3428; x_wconf 73' lang='grc' dir='ltr'><strong>ι</strong></span> <span class='ocrx_word' id='word_1_225' title='bbox 1560 3381 1610 3428; x_wconf 89' lang='lat' dir='ltr'><strong>et</strong></span> 
     </span>
     <span class='ocr_line' id='line_1_50' title="bbox 612 3439 1610 3491; baseline 0 -1"><span class='ocrx_word' id='word_1_226' title='bbox 612 3439 922 3490; x_wconf 80' lang='lat' dir='ltr'><strong>confitemini</strong></span> <span class='ocrx_word' id='word_1_227' title='bbox 1000 3440 1259 3491; x_wconf 81' lang='lat' dir='ltr'><strong>memoriae</strong></span> <span class='ocrx_word' id='word_1_228' title='bbox 1325 3440 1610 3490; x_wconf 83' lang='lat' dir='ltr'><strong>sanctitatis</strong></span> 
     </span>
    </p>
   </div>
   <div class='ocr_carea' id='block_1_3' title="bbox 613 3502 744 3563">
    <p class='ocr_par' dir='ltr' id='par_1_22' title="bbox 613 3502 744 3563">
     <span class='ocr_line' id='line_1_51' title="bbox 613 3502 744 3563; baseline 0.008 -12"><span class='ocrx_word' id='word_1_229' title='bbox 613 3502 744 3563; x_wconf 65' lang='lat' dir='ltr'><strong>elus.</strong></span> 
     </span>
    </p>
   </div>
   <div class='ocr_carea' id='block_1_4' title="bbox 1693 468 2692 2317">
    <p class='ocr_par' dir='ltr' id='par_1_23' title="bbox 1694 468 2687 602">
     <span class='ocr_line' id='line_1_52' title="bbox 1757 468 2687 542; baseline 0.004 -15"><span class='ocrx_word' id='word_1_230' title='bbox 1757 477 2013 540; x_wconf 77' lang='lat' dir='ltr'><strong>Quoniam</strong></span> <span class='ocrx_word' id='word_1_231' title='bbox 2031 478 2106 529; x_wconf 84' lang='lat' dir='ltr'><strong>ira</strong></span> <span class='ocrx_word' id='word_1_232' title='bbox 2121 478 2174 528; x_wconf 89' lang='lat' dir='ltr'><strong>in</strong></span> <span class='ocrx_word' id='word_1_233' title='bbox 2186 477 2534 540; x_wconf 81' lang='lat' dir='ltr'><strong>indignatione</strong></span> <span class='ocrx_word' id='word_1_234' title='bbox 2544 468 2687 542; x_wconf 76' lang='lat' dir='ltr'><strong>ejus·</strong></span> 
     </span>
     <span class='ocr_line' id='line_1_53' title="bbox 1694 541 2370 602; baseline 0.002 -12"><span class='ocrx_word' id='word_1_235' title='bbox 1694 545 1744 591; x_wconf 88' lang='lat' dir='ltr'><strong>et</strong></span> <span class='ocrx_word' id='word_1_236' title='bbox 1766 541 1943 589; x_wconf 87' lang='lat' dir='ltr'><strong>vitain</strong></span> <span class='ocrx_word' id='word_1_237' title='bbox 1967 541 2223 589; x_wconf 89' lang='lat' dir='ltr'><strong>voluntate</strong></span> <span class='ocrx_word' id='word_1_238' title='bbox 2239 542 2370 602; x_wconf 71' lang='lat' dir='ltr'><strong>eius.</strong></span> 
     </span>
    </p>

    <p class='ocr_par' dir='ltr' id='par_1_24' title="bbox 1695 602 2689 714">
     <span class='ocr_line' id='line_1_54' title="bbox 1758 602 2689 662; baseline 0.003 -10"><span class='ocrx_word' id='word_1_239' title='bbox 1758 602 1841 652; x_wconf 84' lang='lat' dir='ltr'><strong>Ad</strong></span> <span class='ocrx_word' id='word_1_240' title='bbox 1863 614 2127 662; x_wconf 88' lang='lat' dir='ltr'><strong>vesperum</strong></span> <span class='ocrx_word' id='word_1_241' title='bbox 2146 603 2490 652; x_wconf 86' lang='lat' dir='ltr'><strong>demorabitur</strong></span> <span class='ocrx_word' id='word_1_242' title='bbox 2511 603 2688 653; x_wconf 84' lang='lat' dir='ltr'><strong>fletus·</strong></span> <span class='ocrx_word' id='word_1_243' title='bbox 2676 641 2689 656; x_wconf 88' lang='lat'><strong>.</strong></span> 
     </span>
     <span class='ocr_line' id='line_1_55' title="bbox 1695 664 2370 714; baseline 0.001 -1"><span class='ocrx_word' id='word_1_244' title='bbox 1695 669 1744 714; x_wconf 87' lang='lat' dir='ltr'><strong>et</strong></span> <span class='ocrx_word' id='word_1_245' title='bbox 1765 664 1829 712; x_wconf 91' lang='lat' dir='ltr'><strong>ad</strong></span> <span class='ocrx_word' id='word_1_246' title='bbox 1847 664 2158 712; x_wconf 85' lang='lat' dir='ltr'><strong>matutinum</strong></span> <span class='ocrx_word' id='word_1_247' title='bbox 2181 665 2370 714; x_wconf 84' lang='lat' dir='ltr'><strong>laetitia.</strong></span> 
     </span>
    </p>

    <p class='ocr_par' dir='ltr' id='par_1_25' title="bbox 1755 725 2690 787">
     <span class='ocr_line' id='line_1_56' title="bbox 1755 725 2690 787; baseline 0.001 -13"><span class='ocrx_word' id='word_1_248' title='bbox 1755 725 1864 787; x_wconf 83' lang='lat' dir='ltr'><strong>Ego</strong></span> <span class='ocrx_word' id='word_1_249' title='bbox 1908 730 2078 774; x_wconf 90' lang='lat' dir='ltr'><strong>autem</strong></span> <span class='ocrx_word' id='word_1_250' title='bbox 2120 726 2223 773; x_wconf 87' lang='lat' dir='ltr'><strong>dixi</strong></span> <span class='ocrx_word' id='word_1_251' title='bbox 2269 727 2324 774; x_wconf 91' lang='lat' dir='ltr'><strong>in</strong></span> <span class='ocrx_word' id='word_1_252' title='bbox 2369 726 2690 776; x_wconf 83' lang='lat' dir='ltr'><strong>abundantia</strong></span> 
     </span>
    </p>

    <p class='ocr_par' dir='ltr' id='par_1_26' title="bbox 1694 787 2589 838">
     <span class='ocr_line' id='line_1_57' title="bbox 1694 787 2589 838; baseline -0.001 -1.933"><span class='ocrx_word' id='word_1_253' title='bbox 1694 799 1806 836; x_wconf 88' lang='lat' dir='ltr'><strong>mea</strong></span> <span class='ocrx_word' id='word_1_254' title='bbox 1826 803 1840 838; x_wconf 71' lang='grc' dir='ltr'>ε</span> <span class='ocrx_word' id='word_1_255' title='bbox 1861 787 1974 837; x_wconf 83' lang='grc' dir='ltr'><strong>Νοιι</strong></span> <span class='ocrx_word' id='word_1_256' title='bbox 1995 788 2231 836; x_wconf 90' lang='lat' dir='ltr'><strong>movebor</strong></span> <span class='ocrx_word' id='word_1_257' title='bbox 2252 791 2304 835; x_wconf 88' lang='lat' dir='ltr'><strong>in</strong></span> <span class='ocrx_word' id='word_1_258' title='bbox 2323 793 2589 837; x_wconf 83' lang='lat' dir='ltr'><strong>aeternum.</strong></span> 
     </span>
    </p>

    <p class='ocr_par' dir='ltr' id='par_1_27' title="bbox 1695 849 2690 960">
     <span class='ocr_line' id='line_1_58' title="bbox 1757 849 2690 910; baseline 0.002 -13"><span class='ocrx_word' id='word_1_259' title='bbox 1757 849 1869 897; x_wconf 72' lang='lat' dir='ltr'><strong>Due</strong></span> <span class='ocrx_word' id='word_1_260' title='bbox 1900 849 1954 897; x_wconf 90' lang='lat' dir='ltr'><strong>in</strong></span> <span class='ocrx_word' id='word_1_261' title='bbox 1976 849 2233 898; x_wconf 89' lang='lat' dir='ltr'><strong>voluntate</strong></span> <span class='ocrx_word' id='word_1_262' title='bbox 2250 854 2336 899; x_wconf 88' lang='lat' dir='ltr'><strong>tua</strong></span> <span class='ocrx_word' id='word_1_263' title='bbox 2363 865 2378 900; x_wconf 73' lang='grc' dir='ltr'><strong>ι</strong></span> <span class='ocrx_word' id='word_1_264' title='bbox 2407 849 2690 910; x_wconf 69' lang='lat' dir='ltr'><strong>praestitisti</strong></span> 
     </span>
     <span class='ocr_line' id='line_1_59' title="bbox 1695 910 2278 960; baseline -0.002 -1"><span class='ocrx_word' id='word_1_265' title='bbox 1695 910 1863 960; x_wconf 85' lang='lat' dir='ltr'><strong>decori</strong></span> <span class='ocrx_word' id='word_1_266' title='bbox 1887 923 1999 958; x_wconf 91' lang='lat' dir='ltr'><strong>meo</strong></span> <span class='ocrx_word' id='word_1_267' title='bbox 2020 911 2278 959; x_wconf 89' lang='lat' dir='ltr'><strong>virtutem.</strong></span> 
     </span>
    </p>

    <p class='ocr_par' dir='ltr' id='par_1_28' title="bbox 1694 971 2688 1083">
     <span class='ocr_line' id='line_1_60' title="bbox 1759 971 2688 1023; baseline 0.002 -2"><span class='ocrx_word' id='word_1_268' title='bbox 1759 971 2004 1021; x_wconf 84' lang='lat' dir='ltr'><strong>Avertisti</strong></span> <span class='ocrx_word' id='word_1_269' title='bbox 2040 971 2218 1021; x_wconf 81' lang='lat' dir='ltr'><strong>faciem</strong></span> <span class='ocrx_word' id='word_1_270' title='bbox 2249 978 2390 1021; x_wconf 88' lang='lat' dir='ltr'><strong>tuam</strong></span> <span class='ocrx_word' id='word_1_271' title='bbox 2418 985 2448 1021; x_wconf 90' lang='lat' dir='ltr'><strong>a</strong></span> <span class='ocrx_word' id='word_1_272' title='bbox 2484 985 2605 1023; x_wconf 82' lang='lat' dir='ltr'><strong>me:</strong></span> <span class='ocrx_word' id='word_1_273' title='bbox 2636 978 2688 1023; x_wconf 76' lang='lat' dir='ltr'><strong>et</strong></span> 
     </span>
     <span class='ocr_line' id='line_1_61' title="bbox 1694 1031 2367 1083; baseline 0.001 -1"><span class='ocrx_word' id='word_1_274' title='bbox 1694 1031 1855 1082; x_wconf 74' lang='lat' dir='ltr'><strong>iactus</strong></span> <span class='ocrx_word' id='word_1_275' title='bbox 1878 1046 1996 1082; x_wconf 93' lang='lat' dir='ltr'><strong>sum</strong></span> <span class='ocrx_word' id='word_1_276' title='bbox 2017 1034 2367 1083; x_wconf 78' lang='lat' dir='ltr'><strong>conturbatus·</strong></span> 
     </span>
    </p>

    <p class='ocr_par' dir='ltr' id='par_1_29' title="bbox 1695 1095 2686 1216">
     <span class='ocr_line' id='line_1_62' title="bbox 1757 1095 2686 1147; baseline 0 -2"><span class='ocrx_word' id='word_1_277' title='bbox 1757 1095 1841 1145; x_wconf 79' lang='lat' dir='ltr'><strong>Ad</strong></span> <span class='ocrx_word' id='word_1_278' title='bbox 1871 1101 1919 1144; x_wconf 94' lang='lat' dir='ltr'><strong>te</strong></span> <span class='ocrx_word' id='word_1_279' title='bbox 1937 1097 2049 1145; x_wconf 69' lang='lat' dir='ltr'><strong>Due</strong></span> <span class='ocrx_word' id='word_1_280' title='bbox 2075 1096 2333 1147; x_wconf 87' lang='lat' dir='ltr'><strong>clamabo:</strong></span> <span class='ocrx_word' id='word_1_281' title='bbox 2354 1099 2404 1145; x_wconf 90' lang='lat' dir='ltr'><strong>et</strong></span> <span class='ocrx_word' id='word_1_282' title='bbox 2431 1096 2495 1144; x_wconf 88' lang='lat' dir='ltr'><strong>ad</strong></span> <span class='ocrx_word' id='word_1_283' title='bbox 2516 1096 2686 1145; x_wconf 88' lang='lat' dir='ltr'><strong>Deum</strong></span> 
     </span>
     <span class='ocr_line' id='line_1_63' title="bbox 1695 1159 2203 1216; baseline -0.002 -10"><span class='ocrx_word' id='word_1_284' title='bbox 1695 1167 1868 1206; x_wconf 90' lang='lat' dir='ltr'><strong>meum</strong></span> <span class='ocrx_word' id='word_1_285' title='bbox 1887 1159 2203 1216; x_wconf 88' lang='lat' dir='ltr'><strong>deprecabor.</strong></span> 
     </span>
    </p>

    <p class='ocr_par' dir='ltr' id='par_1_30' title="bbox 1695 1218 2687 1340">
     <span class='ocr_line' id='line_1_64' title="bbox 1757 1218 2687 1281; baseline 0.002 -15"><span class='ocrx_word' id='word_1_286' title='bbox 1757 1218 1884 1279; x_wconf 83' lang='lat' dir='ltr'><strong>Quae</strong></span> <span class='ocrx_word' id='word_1_287' title='bbox 1924 1219 2118 1267; x_wconf 89' lang='lat' dir='ltr'><strong>utilitas</strong></span> <span class='ocrx_word' id='word_1_288' title='bbox 2158 1219 2213 1268; x_wconf 92' lang='lat' dir='ltr'><strong>in</strong></span> <span class='ocrx_word' id='word_1_289' title='bbox 2253 1219 2503 1281; x_wconf 85' lang='lat' dir='ltr'><strong>sanguine</strong></span> <span class='ocrx_word' id='word_1_290' title='bbox 2539 1231 2687 1270; x_wconf 87' lang='lat' dir='ltr'><strong>meo.</strong></span> 
     </span>
     <span class='ocr_line' id='line_1_65' title="bbox 1695 1279 2591 1340; baseline 0.001 -11"><span class='ocrx_word' id='word_1_291' title='bbox 1695 1279 1820 1329; x_wconf 89' lang='lat' dir='ltr'><strong>dum</strong></span> <span class='ocrx_word' id='word_1_292' title='bbox 1842 1280 2122 1329; x_wconf 91' lang='lat' dir='ltr'><strong>descendo</strong></span> <span class='ocrx_word' id='word_1_293' title='bbox 2107 1294 2160 1329; x_wconf 90' lang='grc' dir='ltr'><strong>ιιι</strong></span> <span class='ocrx_word' id='word_1_294' title='bbox 2184 1282 2591 1340; x_wconf 67' lang='lat' dir='ltr'><strong>corruptionem?</strong></span> 
     </span>
    </p>

    <p class='ocr_par' dir='ltr' id='par_1_31' title="bbox 1698 1342 2688 1454">
     <span class='ocr_line' id='line_1_66' title="bbox 1755 1342 2688 1402; baseline -0.001 -9"><span class='ocrx_word' id='word_1_295' title='bbox 1755 1342 2000 1402; x_wconf 85' lang='lat' dir='ltr'><strong>Nunquid</strong></span> <span class='ocrx_word' id='word_1_296' title='bbox 2022 1343 2338 1391; x_wconf 84' lang='lat' dir='ltr'><strong>confitebitur</strong></span> <span class='ocrx_word' id='word_1_297' title='bbox 2359 1342 2452 1391; x_wconf 92' lang='lat' dir='ltr'><strong>tibi</strong></span> <span class='ocrx_word' id='word_1_298' title='bbox 2487 1343 2688 1402; x_wconf 81' lang='lat' dir='ltr'><strong>pulvis,</strong></span> 
     </span>
     <span class='ocr_line' id='line_1_67' title="bbox 1698 1404 2680 1454; baseline 0.002 -2"><span class='ocrx_word' id='word_1_299' title='bbox 1698 1408 1788 1452; x_wconf 89' lang='lat' dir='ltr'><strong>aut</strong></span> <span class='ocrx_word' id='word_1_300' title='bbox 1807 1404 2136 1453; x_wconf 87' lang='lat' dir='ltr'><strong>annuntiabit</strong></span> <span class='ocrx_word' id='word_1_301' title='bbox 2163 1406 2425 1454; x_wconf 89' lang='lat' dir='ltr'><strong>veritatem</strong></span> <span class='ocrx_word' id='word_1_302' title='bbox 2448 1408 2628 1454; x_wconf 69' lang='lat' dir='ltr'><strong>tuam?</strong></span> <span class='ocrx_word' id='word_1_303' title='bbox 2675 1438 2680 1441; x_wconf 82' lang='lat'><em>-</em></span> 
     </span>
    </p>

    <p class='ocr_par' dir='ltr' id='par_1_32' title="bbox 1693 1465 2691 1589">
     <span class='ocr_line' id='line_1_68' title="bbox 1762 1465 2691 1518; baseline 0.001 -3"><span class='ocrx_word' id='word_1_304' title='bbox 1762 1465 1978 1515; x_wconf 84' lang='lat' dir='ltr'><strong>Audivit</strong></span> <span class='ocrx_word' id='word_1_305' title='bbox 1992 1466 2101 1514; x_wconf 74' lang='lat' dir='ltr'><strong>Diis</strong></span> <span class='ocrx_word' id='word_1_306' title='bbox 2119 1471 2169 1514; x_wconf 91' lang='lat' dir='ltr'><strong>et</strong></span> <span class='ocrx_word' id='word_1_307' title='bbox 2195 1466 2437 1514; x_wconf 88' lang='lat' dir='ltr'><strong>misertus</strong></span> <span class='ocrx_word' id='word_1_308' title='bbox 2455 1471 2530 1514; x_wconf 91' lang='lat' dir='ltr'><strong>est</strong></span> <span class='ocrx_word' id='word_1_309' title='bbox 2555 1467 2691 1518; x_wconf 84' lang='lat' dir='ltr'><strong>mei:</strong></span> 
     </span>
     <span class='ocr_line' id='line_1_69' title="bbox 1693 1527 2490 1589; baseline 0.003 -15"><span class='ocrx_word' id='word_1_310' title='bbox 1693 1527 1803 1575; x_wconf 87' lang='grc' dir='ltr'><strong>Ι)ιι5</strong></span> <span class='ocrx_word' id='word_1_311' title='bbox 1826 1527 1988 1576; x_wconf 79' lang='lat' dir='ltr'><strong>iactus</strong></span> <span class='ocrx_word' id='word_1_312' title='bbox 2007 1531 2083 1576; x_wconf 89' lang='lat' dir='ltr'><strong>est</strong></span> <span class='ocrx_word' id='word_1_313' title='bbox 2101 1528 2303 1589; x_wconf 71' lang='lat' dir='ltr'><strong>adiutor</strong></span> <span class='ocrx_word' id='word_1_314' title='bbox 2326 1540 2490 1576; x_wconf 89' lang='lat' dir='ltr'><strong>meus.</strong></span> 
     </span>
    </p>

    <p class='ocr_par' dir='ltr' id='par_1_33' title="bbox 1697 1588 2692 1771">
     <span class='ocr_line' id='line_1_70' title="bbox 1761 1588 2692 1649; baseline 0.002 -12"><span class='ocrx_word' id='word_1_315' title='bbox 1761 1588 2065 1638; x_wconf 88' lang='lat' dir='ltr'><strong>Convertisti</strong></span> <span class='ocrx_word' id='word_1_316' title='bbox 2109 1590 2367 1649; x_wconf 88' lang='lat' dir='ltr'><strong>planctum</strong></span> <span class='ocrx_word' id='word_1_317' title='bbox 2415 1602 2588 1638; x_wconf 88' lang='lat' dir='ltr'><strong>meum</strong></span> <span class='ocrx_word' id='word_1_318' title='bbox 2634 1589 2692 1639; x_wconf 88' lang='lat' dir='ltr'><strong>in</strong></span> 
     </span>
     <span class='ocr_line' id='line_1_71' title="bbox 1697 1650 2690 1710; baseline 0.001 -12"><span class='ocrx_word' id='word_1_319' title='bbox 1697 1651 1941 1710; x_wconf 79' lang='lat' dir='ltr'><strong>gaudium</strong></span> <span class='ocrx_word' id='word_1_320' title='bbox 1971 1650 2101 1699; x_wconf 89' lang='lat' dir='ltr'><strong>mihi</strong></span> <span class='ocrx_word' id='word_1_321' title='bbox 2136 1667 2148 1700; x_wconf 75' lang='grc' dir='ltr'>ε</span> <span class='ocrx_word' id='word_1_322' title='bbox 2189 1651 2452 1699; x_wconf 89' lang='lat' dir='ltr'><strong>concidisti</strong></span> <span class='ocrx_word' id='word_1_323' title='bbox 2479 1664 2690 1700; x_wconf 88' lang='lat' dir='ltr'><strong>saccum</strong></span> 
     </span>
     <span class='ocr_line' id='line_1_72' title="bbox 1702 1712 2688 1771; baseline 0.003 -11"><span class='ocrx_word' id='word_1_324' title='bbox 1702 1724 1901 1771; x_wconf 89' lang='lat' dir='ltr'><strong>meum,</strong></span> <span class='ocrx_word' id='word_1_325' title='bbox 1924 1717 1973 1762; x_wconf 89' lang='lat' dir='ltr'><strong>et</strong></span> <span class='ocrx_word' id='word_1_326' title='bbox 2002 1712 2360 1761; x_wconf 86' lang='lat' dir='ltr'><strong>circundedisti</strong></span> <span class='ocrx_word' id='word_1_327' title='bbox 2391 1725 2473 1761; x_wconf 90' lang='lat' dir='ltr'><strong>me</strong></span> <span class='ocrx_word' id='word_1_328' title='bbox 2494 1712 2688 1763; x_wconf 80' lang='lat' dir='ltr'><strong>laetitia.</strong></span> 
     </span>
    </p>

    <p class='ocr_par' dir='ltr' id='par_1_34' title="bbox 1697 1773 2687 1959">
     <span class='ocr_line' id='line_1_73' title="bbox 1762 1773 2687 1834; baseline 0.002 -12"><span class='ocrx_word' id='word_1_329' title='bbox 1762 1773 1831 1822; x_wconf 92' lang='lat' dir='ltr'><strong>Ut</strong></span> <span class='ocrx_word' id='word_1_330' title='bbox 1850 1779 2016 1822; x_wconf 85' lang='lat' dir='ltr'><strong>cantet</strong></span> <span class='ocrx_word' id='word_1_331' title='bbox 2034 1774 2128 1822; x_wconf 88' lang='lat' dir='ltr'><strong>tibi</strong></span> <span class='ocrx_word' id='word_1_332' title='bbox 2150 1775 2309 1834; x_wconf 86' lang='lat' dir='ltr'><strong>gloria</strong></span> <span class='ocrx_word' id='word_1_333' title='bbox 2339 1786 2448 1823; x_wconf 88' lang='lat' dir='ltr'><strong>mea</strong></span> <span class='ocrx_word' id='word_1_334' title='bbox 2463 1811 2476 1832; x_wconf 90' lang='lat'><strong><em>‚</em></strong></span> <span class='ocrx_word' id='word_1_335' title='bbox 2501 1780 2549 1824; x_wconf 92' lang='lat' dir='ltr'><strong>et</strong></span> <span class='ocrx_word' id='word_1_336' title='bbox 2583 1788 2687 1824; x_wconf 89' lang='grc' dir='ltr'><strong>ιιοιι</strong></span> 
     </span>
     <span class='ocr_line' id='line_1_74' title="bbox 1697 1836 2687 1896; baseline 0 -11"><span class='ocrx_word' id='word_1_337' title='bbox 1697 1847 2010 1896; x_wconf 82' lang='lat' dir='ltr'><strong>compungar</strong></span> <span class='ocrx_word' id='word_1_338' title='bbox 2054 1851 2069 1885; x_wconf 72' lang='grc' dir='ltr'><strong>ι</strong></span> <span class='ocrx_word' id='word_1_339' title='bbox 2108 1836 2219 1884; x_wconf 78' lang='lat' dir='ltr'><strong>Dne</strong></span> <span class='ocrx_word' id='word_1_340' title='bbox 2257 1836 2394 1884; x_wconf 85' lang='lat' dir='ltr'><strong>Deus</strong></span> <span class='ocrx_word' id='word_1_341' title='bbox 2432 1848 2579 1885; x_wconf 89' lang='lat' dir='ltr'><strong>meus</strong></span> <span class='ocrx_word' id='word_1_342' title='bbox 2631 1837 2687 1885; x_wconf 92' lang='lat' dir='ltr'><strong>in</strong></span> 
     </span>
     <span class='ocr_line' id='line_1_75' title="bbox 1701 1897 2527 1959; baseline 0 -14"><span class='ocrx_word' id='word_1_343' title='bbox 1701 1901 1947 1945; x_wconf 80' lang='lat' dir='ltr'><strong>aeternum</strong></span> <span class='ocrx_word' id='word_1_344' title='bbox 1969 1897 2240 1946; x_wconf 86' lang='lat' dir='ltr'><strong>confitebor</strong></span> <span class='ocrx_word' id='word_1_345' title='bbox 2264 1897 2375 1945; x_wconf 86' lang='lat' dir='ltr'><strong>tibi.</strong></span> <span class='ocrx_word' id='word_1_346' title='bbox 2521 1953 2527 1959; x_wconf 39' lang='grc'>,</span> 
     </span>
    </p>

    <p class='ocr_par' dir='ltr' id='par_1_35' title="bbox 1699 1957 2689 2080">
     <span class='ocr_line' id='line_1_76' title="bbox 1763 1957 2689 2009; baseline 0.002 -2"><span class='ocrx_word' id='word_1_347' title='bbox 1763 1957 1934 2007; x_wconf 89' lang='lat' dir='ltr'><strong>Gloria</strong></span> <span class='ocrx_word' id='word_1_348' title='bbox 1954 1959 2114 2007; x_wconf 91' lang='lat' dir='ltr'><strong>Patri.</strong></span> <span class='ocrx_word' id='word_1_349' title='bbox 2136 1959 2200 2008; x_wconf 77' lang='lat' dir='ltr'><strong>A.</strong></span> <span class='ocrx_word' id='word_1_350' title='bbox 2234 1958 2455 2008; x_wconf 84' lang='lat' dir='ltr'><strong>Adorate</strong></span> <span class='ocrx_word' id='word_1_351' title='bbox 2469 1959 2610 2009; x_wconf 73' lang='lat' dir='ltr'><strong>Dum</strong></span> <span class='ocrx_word' id='word_1_352' title='bbox 2631 1959 2689 2009; x_wconf 85' lang='lat' dir='ltr'><strong>in</strong></span> 
     </span>
     <span class='ocr_line' id='line_1_77' title="bbox 1699 2019 2158 2080; baseline -0.002 -11"><span class='ocrx_word' id='word_1_353' title='bbox 1699 2019 1816 2069; x_wconf 87' lang='lat' dir='ltr'><strong>aula</strong></span> <span class='ocrx_word' id='word_1_354' title='bbox 1838 2026 2011 2069; x_wconf 88' lang='lat' dir='ltr'><strong>sancta</strong></span> <span class='ocrx_word' id='word_1_355' title='bbox 2030 2020 2158 2080; x_wconf 82' lang='lat' dir='ltr'><strong>ejus.</strong></span> 
     </span>
    </p>

    <p class='ocr_par' dir='ltr' id='par_1_36' title="bbox 1994 2082 2395 2130">
     <span class='ocr_line' id='line_1_78' title="bbox 1994 2082 2395 2130; baseline 0 0"><span class='ocrx_word' id='word_1_356' title='bbox 1994 2082 2238 2130; x_wconf 72' lang='lat' dir='ltr'><strong>Psalmus</strong></span> <span class='ocrx_word' id='word_1_357' title='bbox 2258 2094 2395 2130; x_wconf 75' lang='lat' dir='ltr'><strong><em>xxx.</em></strong></span> 
     </span>
    </p>

    <p class='ocr_par' dir='ltr' id='par_1_37' title="bbox 1698 2142 2687 2254">
     <span class='ocr_line' id='line_1_79' title="bbox 1698 2142 2687 2254; baseline 0.002 -64"><span class='ocrx_word' id='word_1_358' title='bbox 1698 2153 1783 2254; x_wconf 79' lang='lat' dir='ltr'><strong>In</strong></span> <span class='ocrx_word' id='word_1_359' title='bbox 1807 2147 1855 2191; x_wconf 91' lang='lat' dir='ltr'><strong>te</strong></span> <span class='ocrx_word' id='word_1_360' title='bbox 1875 2143 1985 2193; x_wconf 69' lang='lat' dir='ltr'><strong>Dite</strong></span> <span class='ocrx_word' id='word_1_361' title='bbox 2015 2144 2245 2203; x_wconf 81' lang='lat' dir='ltr'><strong>speravi,</strong></span> <span class='ocrx_word' id='word_1_362' title='bbox 2281 2157 2381 2192; x_wconf 91' lang='lat' dir='ltr'><strong>non</strong></span> <span class='ocrx_word' id='word_1_363' title='bbox 2404 2142 2687 2192; x_wconf 80' lang='lat' dir='ltr'><strong>confundar</strong></span> 
     </span>
    </p>

    <p class='ocr_par' dir='ltr' id='par_1_38' title="bbox 1698 2205 2689 2317">
     <span class='ocr_line' id='line_1_80' title="bbox 1698 2205 2689 2317; baseline 0.001 -62.055"><span class='ocrx_word' id='word_1_364' title='bbox 1698 2217 1803 2317; x_wconf 79' lang='lat' dir='ltr'><strong>mm</strong></span> <span class='ocrx_word' id='word_1_365' title='bbox 1826 2210 2102 2258; x_wconf 82' lang='lat' dir='ltr'><strong>aeternum:</strong></span> <span class='ocrx_word' id='word_1_366' title='bbox 2126 2206 2177 2255; x_wconf 90' lang='lat' dir='ltr'><strong>in</strong></span> <span class='ocrx_word' id='word_1_367' title='bbox 2197 2205 2399 2267; x_wconf 84' lang='lat' dir='ltr'><strong>justitia</strong></span> <span class='ocrx_word' id='word_1_368' title='bbox 2421 2209 2507 2255; x_wconf 88' lang='lat' dir='ltr'><strong>tua</strong></span> <span class='ocrx_word' id='word_1_369' title='bbox 2529 2206 2689 2256; x_wconf 87' lang='lat' dir='ltr'><strong>libera</strong></span> 
     </span>
    </p>
   </div>
   <div class='ocr_carea' id='block_1_5' title="bbox 1696 2279 2692 3565">
    <p class='ocr_par' dir='ltr' id='par_1_39' title="bbox 1696 2279 2692 2440">
     <span class='ocr_line' id='line_1_81' title="bbox 1698 2279 2692 2381; baseline 0.002 -4.135"><span class='ocrx_word' id='word_1_370' title='bbox 1698 2279 1956 2378; x_wconf 78' lang='lat' dir='ltr'><strong>mInclina</strong></span> <span class='ocrx_word' id='word_1_371' title='bbox 1975 2330 2039 2379; x_wconf 89' lang='lat' dir='ltr'><strong>ad</strong></span> <span class='ocrx_word' id='word_1_372' title='bbox 2061 2342 2143 2378; x_wconf 90' lang='lat' dir='ltr'><strong>me</strong></span> <span class='ocrx_word' id='word_1_373' title='bbox 2161 2342 2337 2381; x_wconf 88' lang='lat' dir='ltr'><strong>aurem</strong></span> <span class='ocrx_word' id='word_1_374' title='bbox 2358 2333 2531 2380; x_wconf 86' lang='lat' dir='ltr'><strong>tuam:</strong></span> <span class='ocrx_word' id='word_1_375' title='bbox 2552 2342 2692 2379; x_wconf 83' lang='lat' dir='ltr'><strong>acce-</strong></span> 
     </span>
     <span class='ocr_line' id='line_1_82' title="bbox 1696 2391 2162 2440; baseline 0.002 -1"><span class='ocrx_word' id='word_1_376' title='bbox 1696 2391 1798 2440; x_wconf 85' lang='lat' dir='ltr'><strong>lera</strong></span> <span class='ocrx_word' id='word_1_377' title='bbox 1818 2396 1878 2439; x_wconf 91' lang='lat' dir='ltr'><strong>ut</strong></span> <span class='ocrx_word' id='word_1_378' title='bbox 1895 2403 2043 2439; x_wconf 90' lang='lat' dir='ltr'><strong>eruas</strong></span> <span class='ocrx_word' id='word_1_379' title='bbox 2063 2404 2162 2440; x_wconf 88' lang='lat' dir='ltr'><strong>me.</strong></span> 
     </span>
    </p>

    <p class='ocr_par' dir='ltr' id='par_1_40' title="bbox 1696 2452 2690 2624">
     <span class='ocr_line' id='line_1_83' title="bbox 1758 2452 2688 2513; baseline 0 -12"><span class='ocrx_word' id='word_1_380' title='bbox 1758 2453 1879 2501; x_wconf 91' lang='lat' dir='ltr'><strong>Esto</strong></span> <span class='ocrx_word' id='word_1_381' title='bbox 1910 2452 2039 2501; x_wconf 90' lang='lat' dir='ltr'><strong>mihi</strong></span> <span class='ocrx_word' id='word_1_382' title='bbox 2069 2454 2123 2501; x_wconf 90' lang='lat' dir='ltr'><strong>in</strong></span> <span class='ocrx_word' id='word_1_383' title='bbox 2157 2454 2317 2501; x_wconf 87' lang='lat' dir='ltr'><strong>Deum</strong></span> <span class='ocrx_word' id='word_1_384' title='bbox 2358 2456 2688 2513; x_wconf 83' lang='lat' dir='ltr'><strong>protectorem</strong></span> 
     </span>
     <span class='ocr_line' id='line_1_84' title="bbox 1696 2514 2690 2624; baseline 0.004 -63"><span class='ocrx_word' id='word_1_385' title='bbox 1696 2518 1792 2624; x_wconf 57' lang='lat' dir='ltr'><strong>(rat</strong></span> <span class='ocrx_word' id='word_1_386' title='bbox 1765 2514 1818 2561; x_wconf 93' lang='lat' dir='ltr'><strong>in</strong></span> <span class='ocrx_word' id='word_1_387' title='bbox 1840 2515 2050 2563; x_wconf 92' lang='lat' dir='ltr'><strong>domum</strong></span> <span class='ocrx_word' id='word_1_388' title='bbox 2072 2515 2284 2576; x_wconf 78' lang='lat' dir='ltr'><strong>refugii:</strong></span> <span class='ocrx_word' id='word_1_389' title='bbox 2306 2519 2363 2564; x_wconf 90' lang='lat' dir='ltr'><strong>ut</strong></span> <span class='ocrx_word' id='word_1_390' title='bbox 2380 2515 2487 2564; x_wconf 90' lang='lat' dir='ltr'><strong>salv</strong></span> <span class='ocrx_word' id='word_1_391' title='bbox 2491 2527 2582 2563; x_wconf 92' lang='lat' dir='ltr'><strong>um</strong></span> <span class='ocrx_word' id='word_1_392' title='bbox 2604 2527 2690 2566; x_wconf 90' lang='lat' dir='ltr'><strong>me</strong></span> 
     </span>
    </p>

    <p class='ocr_par' dir='ltr' id='par_1_41' title="bbox 1718 2576 1872 2624">
     <span class='ocr_line' id='line_1_85' title="bbox 1718 2576 1872 2624; baseline -0.007 0"><span class='ocrx_word' id='word_1_393' title='bbox 1718 2576 1872 2624; x_wconf 90' lang='lat' dir='ltr'><strong>acias.</strong></span> 
     </span>
    </p>

    <p class='ocr_par' dir='ltr' id='par_1_42' title="bbox 1698 2636 2690 2822">
     <span class='ocr_line' id='line_1_86' title="bbox 1760 2636 2690 2698; baseline 0.001 -13"><span class='ocrx_word' id='word_1_394' title='bbox 1760 2636 2017 2698; x_wconf 87' lang='lat' dir='ltr'><strong>Quoniam</strong></span> <span class='ocrx_word' id='word_1_395' title='bbox 2052 2637 2291 2688; x_wconf 77' lang='lat' dir='ltr'><strong>fortitudo</strong></span> <span class='ocrx_word' id='word_1_396' title='bbox 2320 2651 2431 2687; x_wconf 89' lang='lat' dir='ltr'><strong>mea</strong></span> <span class='ocrx_word' id='word_1_397' title='bbox 2468 2643 2519 2686; x_wconf 92' lang='lat' dir='ltr'><strong>et</strong></span> <span class='ocrx_word' id='word_1_398' title='bbox 2549 2638 2690 2688; x_wconf 76' lang='lat' dir='ltr'><strong>reru-</strong></span> 
     </span>
     <span class='ocr_line' id='line_1_87' title="bbox 1698 2698 2689 2760; baseline 0.002 -13"><span class='ocrx_word' id='word_1_399' title='bbox 1698 2698 1841 2760; x_wconf 82' lang='lat' dir='ltr'><strong>gium</strong></span> <span class='ocrx_word' id='word_1_400' title='bbox 1863 2711 2035 2747; x_wconf 88' lang='lat' dir='ltr'><strong>meum</strong></span> <span class='ocrx_word' id='word_1_401' title='bbox 2048 2706 2195 2749; x_wconf 86' lang='lat' dir='ltr'><strong>estu:</strong></span> <span class='ocrx_word' id='word_1_402' title='bbox 2218 2705 2267 2749; x_wconf 84' lang='lat' dir='ltr'><strong>et</strong></span> <span class='ocrx_word' id='word_1_403' title='bbox 2288 2706 2485 2760; x_wconf 86' lang='lat' dir='ltr'><strong>propter</strong></span> <span class='ocrx_word' id='word_1_404' title='bbox 2502 2712 2689 2749; x_wconf 88' lang='lat' dir='ltr'><strong>nomen</strong></span> 
     </span>
     <span class='ocr_line' id='line_1_88' title="bbox 1698 2762 2633 2822; baseline 0.001 -13"><span class='ocrx_word' id='word_1_405' title='bbox 1698 2765 1845 2810; x_wconf 91' lang='lat' dir='ltr'><strong>tuum</strong></span> <span class='ocrx_word' id='word_1_406' title='bbox 1867 2762 2081 2811; x_wconf 89' lang='lat' dir='ltr'><strong>deduces</strong></span> <span class='ocrx_word' id='word_1_407' title='bbox 2101 2774 2198 2822; x_wconf 89' lang='lat' dir='ltr'><strong>me,</strong></span> <span class='ocrx_word' id='word_1_408' title='bbox 2221 2768 2269 2812; x_wconf 87' lang='lat' dir='ltr'><strong>et</strong></span> <span class='ocrx_word' id='word_1_409' title='bbox 2288 2763 2513 2811; x_wconf 89' lang='lat' dir='ltr'><strong>enutries</strong></span> <span class='ocrx_word' id='word_1_410' title='bbox 2533 2775 2633 2811; x_wconf 89' lang='lat' dir='ltr'><strong>me.</strong></span> 
     </span>
    </p>

    <p class='ocr_par' dir='ltr' id='par_1_43' title="bbox 1696 2823 2691 3009">
     <span class='ocr_line' id='line_1_89' title="bbox 1761 2823 2690 2885; baseline 0.001 -13"><span class='ocrx_word' id='word_1_411' title='bbox 1761 2823 1955 2872; x_wconf 90' lang='lat' dir='ltr'><strong>Educes</strong></span> <span class='ocrx_word' id='word_1_412' title='bbox 2026 2836 2109 2872; x_wconf 90' lang='lat' dir='ltr'><strong>me</strong></span> <span class='ocrx_word' id='word_1_413' title='bbox 2170 2825 2233 2874; x_wconf 89' lang='lat' dir='ltr'><strong>de</strong></span> <span class='ocrx_word' id='word_1_414' title='bbox 2290 2825 2465 2885; x_wconf 82' lang='lat' dir='ltr'><strong>laqueo</strong></span> <span class='ocrx_word' id='word_1_415' title='bbox 2531 2836 2690 2884; x_wconf 88' lang='lat' dir='ltr'><strong>quem</strong></span> 
     </span>
     <span class='ocr_line' id='line_1_90' title="bbox 1696 2885 2691 2948; baseline 0.003 -15"><span class='ocrx_word' id='word_1_416' title='bbox 1696 2885 2068 2934; x_wconf 85' lang='lat' dir='ltr'><strong>absconderunt</strong></span> <span class='ocrx_word' id='word_1_417' title='bbox 2087 2886 2255 2936; x_wconf 88' lang='lat' dir='ltr'><strong>mibi.</strong></span> <span class='ocrx_word' id='word_1_418' title='bbox 2280 2887 2523 2948; x_wconf 87' lang='lat' dir='ltr'><strong>quoniam</strong></span> <span class='ocrx_word' id='word_1_419' title='bbox 2553 2891 2612 2934; x_wconf 90' lang='lat' dir='ltr'><strong>tu</strong></span> <span class='ocrx_word' id='word_1_420' title='bbox 2632 2898 2691 2936; x_wconf 82' lang='lat' dir='ltr'><strong>es</strong></span> 
     </span>
     <span class='ocr_line' id='line_1_91' title="bbox 1699 2952 2121 3009; baseline 0 -14"><span class='ocrx_word' id='word_1_421' title='bbox 1699 2952 1944 3009; x_wconf 85' lang='lat' dir='ltr'><strong>protector</strong></span> <span class='ocrx_word' id='word_1_422' title='bbox 1960 2959 2121 2996; x_wconf 79' lang='lat' dir='ltr'><strong>meus,</strong></span> 
     </span>
    </p>

    <p class='ocr_par' dir='ltr' id='par_1_44' title="bbox 1697 3008 2692 3181">
     <span class='ocr_line' id='line_1_92' title="bbox 1762 3008 2692 3067; baseline 0.002 -11"><span class='ocrx_word' id='word_1_423' title='bbox 1762 3009 1822 3057; x_wconf 90' lang='lat' dir='ltr'><strong>In</strong></span> <span class='ocrx_word' id='word_1_424' title='bbox 1856 3021 2041 3058; x_wconf 91' lang='lat' dir='ltr'><strong>manus</strong></span> <span class='ocrx_word' id='word_1_425' title='bbox 2061 3014 2175 3057; x_wconf 87' lang='lat' dir='ltr'><strong>tuas</strong></span> <span class='ocrx_word' id='word_1_426' title='bbox 2203 3008 2500 3057; x_wconf 88' lang='lat' dir='ltr'><strong>commendo</strong></span> <span class='ocrx_word' id='word_1_427' title='bbox 2531 3008 2692 3067; x_wconf 88' lang='lat' dir='ltr'><strong>spiri-</strong></span> 
     </span>
     <span class='ocr_line' id='line_1_93' title="bbox 1697 3071 2692 3132; baseline 0.004 -15"><span class='ocrx_word' id='word_1_428' title='bbox 1697 3074 1810 3118; x_wconf 88' lang='lat' dir='ltr'><strong>tum</strong></span> <span class='ocrx_word' id='word_1_429' title='bbox 1828 3082 2029 3121; x_wconf 88' lang='lat' dir='ltr'><strong>meum.</strong></span> <span class='ocrx_word' id='word_1_430' title='bbox 2043 3071 2304 3121; x_wconf 80' lang='lat' dir='ltr'><strong>redemisti</strong></span> <span class='ocrx_word' id='word_1_431' title='bbox 2314 3083 2413 3132; x_wconf 85' lang='lat' dir='ltr'><strong>me,</strong></span> <span class='ocrx_word' id='word_1_432' title='bbox 2426 3072 2537 3120; x_wconf 73' lang='lat' dir='ltr'><strong>Due</strong></span> <span class='ocrx_word' id='word_1_433' title='bbox 2551 3072 2692 3121; x_wconf 90' lang='lat' dir='ltr'><strong>Deus</strong></span> 
     </span>
     <span class='ocr_line' id='line_1_94' title="bbox 1697 3132 1942 3181; baseline -0.004 0"><span class='ocrx_word' id='word_1_434' title='bbox 1697 3132 1942 3181; x_wconf 78' lang='lat' dir='ltr'><strong>Veritatis.</strong></span> 
     </span>
    </p>

    <p class='ocr_par' dir='ltr' id='par_1_45' title="bbox 1701 3193 2692 3317">
     <span class='ocr_line' id='line_1_95' title="bbox 1759 3193 2692 3245; baseline 0.001 -3"><span class='ocrx_word' id='word_1_435' title='bbox 1759 3193 1929 3243; x_wconf 89' lang='lat' dir='ltr'><strong>Odisti</strong></span> <span class='ocrx_word' id='word_1_436' title='bbox 1948 3194 2268 3245; x_wconf 87' lang='lat' dir='ltr'><strong>observantes</strong></span> <span class='ocrx_word' id='word_1_437' title='bbox 2287 3194 2571 3244; x_wconf 63' lang='lat' dir='ltr'><strong>vanitates·</strong></span> <span class='ocrx_word' id='word_1_438' title='bbox 2593 3206 2692 3243; x_wconf 91' lang='lat' dir='ltr'><strong>su-</strong></span> 
     </span>
     <span class='ocr_line' id='line_1_96' title="bbox 1701 3267 1960 3317; baseline 0.004 -13"><span class='ocrx_word' id='word_1_439' title='bbox 1701 3267 1960 3317; x_wconf 87' lang='lat' dir='ltr'><strong>pervacue.</strong></span> 
     </span>
    </p>

    <p class='ocr_par' dir='ltr' id='par_1_46' title="bbox 1700 3316 2691 3489">
     <span class='ocr_line' id='line_1_97' title="bbox 1761 3316 2691 3378; baseline 0 -13"><span class='ocrx_word' id='word_1_440' title='bbox 1761 3316 1866 3378; x_wconf 78' lang='lat' dir='ltr'><strong>Ego</strong></span> <span class='ocrx_word' id='word_1_441' title='bbox 1888 3322 2058 3366; x_wconf 90' lang='lat' dir='ltr'><strong>autem</strong></span> <span class='ocrx_word' id='word_1_442' title='bbox 2081 3318 2135 3366; x_wconf 90' lang='lat' dir='ltr'><strong>in</strong></span> <span class='ocrx_word' id='word_1_443' title='bbox 2156 3317 2270 3367; x_wconf 78' lang='lat' dir='ltr'><strong>Dno</strong></span> <span class='ocrx_word' id='word_1_444' title='bbox 2292 3316 2529 3378; x_wconf 89' lang='lat' dir='ltr'><strong>speravi·</strong></span> <span class='ocrx_word' id='word_1_445' title='bbox 2550 3318 2691 3366; x_wconf 81' lang='lat' dir='ltr'><strong>exul-</strong></span> 
     </span>
     <span class='ocr_line' id='line_1_98' title="bbox 1700 3379 2689 3429; baseline 0 -1"><span class='ocrx_word' id='word_1_446' title='bbox 1700 3379 1815 3428; x_wconf 90' lang='lat' dir='ltr'><strong>tabo</strong></span> <span class='ocrx_word' id='word_1_447' title='bbox 1869 3384 1919 3429; x_wconf 87' lang='lat' dir='ltr'><strong>et</strong></span> <span class='ocrx_word' id='word_1_448' title='bbox 1972 3379 2174 3429; x_wconf 63' lang='lat' dir='ltr'><strong>laetabor</strong></span> <span class='ocrx_word' id='word_1_449' title='bbox 2226 3380 2282 3428; x_wconf 89' lang='lat' dir='ltr'><strong>in</strong></span> <span class='ocrx_word' id='word_1_450' title='bbox 2340 3379 2689 3429; x_wconf 84' lang='lat' dir='ltr'><strong>misericordia</strong></span> 
     </span>
     <span class='ocr_line' id='line_1_99' title="bbox 1700 3445 1807 3489; baseline 0 -1"><span class='ocrx_word' id='word_1_451' title='bbox 1700 3445 1807 3489; x_wconf 78' lang='lat' dir='ltr'><strong>tua.</strong></span> 
     </span>
    </p>

    <p class='ocr_par' dir='ltr' id='par_1_47' title="bbox 1763 3501 2687 3565">
     <span class='ocr_line' id='line_1_100' title="bbox 1763 3501 2687 3565; baseline 0.002 -15"><span class='ocrx_word' id='word_1_452' title='bbox 1763 3501 2019 3565; x_wconf 87' lang='lat' dir='ltr'><strong>Quoniam</strong></span> <span class='ocrx_word' id='word_1_453' title='bbox 2054 3501 2312 3564; x_wconf 80' lang='lat' dir='ltr'><strong>respexisti</strong></span> <span class='ocrx_word' id='word_1_454' title='bbox 2342 3501 2687 3553; x_wconf 86' lang='lat' dir='ltr'><strong>humilitatem</strong></span> 
     </span>
    </p>
   </div>
  </div>
 </body>
</html>
