<?xml version="1.0" encoding="UTF-8"?>
<!DOCTYPE html PUBLIC "-//W3C//DTD XHTML 1.0 Transitional//EN"
    "http://www.w3.org/TR/xhtml1/DTD/xhtml1-transitional.dtd">
<html xmlns="http://www.w3.org/1999/xhtml" xml:lang="en" lang="en">
 <head>
  <title>
</title>
<meta http-equiv="Content-Type" content="text/html;charset=utf-8" />
  <meta name='ocr-system' content='tesseract 3.04.00' />
  <meta name='ocr-capabilities' content='ocr_page ocr_carea ocr_par ocr_line ocrx_word'/>
</head>
<body>
  <div class='ocr_page' id='page_1' title='image "./portiforiiseubr00cathgoog_0039.png"; bbox 0 0 2910 4457; ppageno 0'>
   <div class='ocr_carea' id='block_1_1' title="bbox 965 370 2231 424">
    <p class='ocr_par' dir='ltr' id='par_1_1' title="bbox 965 370 2231 424">
     <span class='ocr_line' id='line_1_1' title="bbox 965 370 2231 424; baseline 0.008 -10"><span class='ocrx_word' id='word_1_1' title='bbox 965 371 1041 414; x_wconf 61' lang='lat' dir='ltr'>‘ma</span> <span class='ocrx_word' id='word_1_2' title='bbox 1067 379 1464 418; x_wconf 71' lang='lat' dir='ltr'>commromo.</span> <span class='ocrx_word' id='word_1_3' title='bbox 2083 370 2231 424; x_wconf 79' lang='lat' dir='ltr'>xxvii</span> 
     </span>
    </p>
   </div>
   <div class='ocr_carea' id='block_1_2' title="bbox 204 504 2232 2243">
    <p class='ocr_par' dir='ltr' id='par_1_2' title="bbox 209 504 2231 648">
     <span class='ocr_line' id='line_1_2' title="bbox 209 504 2231 581; baseline 0.006 -22"><span class='ocrx_word' id='word_1_4' title='bbox 209 508 498 561; x_wconf 76' lang='lat' dir='ltr'>psalmum</span> <span class='ocrx_word' id='word_1_5' title='bbox 522 506 604 558; x_wconf 82' lang='lat' dir='ltr'>vel</span> <span class='ocrx_word' id='word_1_6' title='bbox 630 504 871 559; x_wconf 80' lang='lat' dir='ltr'>Psalmos</span> <span class='ocrx_word' id='word_1_7' title='bbox 893 522 1013 560; x_wconf 89' lang='lat' dir='ltr'>suos</span> <span class='ocrx_word' id='word_1_8' title='bbox 1035 506 1274 573; x_wconf 86' lang='lat' dir='ltr'>dicendo,</span> <span class='ocrx_word' id='word_1_9' title='bbox 1297 527 1345 561; x_wconf 78' lang='lat' dir='ltr'>v.</span> <span class='ocrx_word' id='word_1_10' title='bbox 1370 526 1530 579; x_wconf 84' lang='lat' dir='ltr'>supra</span> <span class='ocrx_word' id='word_1_11' title='bbox 1551 527 1602 581; x_wconf 89' lang='lat' dir='ltr'>p.</span> <span class='ocrx_word' id='word_1_12' title='bbox 1628 528 1683 575; x_wconf 85' lang='lat' dir='ltr'>x,</span> <span class='ocrx_word' id='word_1_13' title='bbox 1705 512 1780 565; x_wconf 85' lang='lat' dir='ltr'>xi.</span> <span class='ocrx_word' id='word_1_14' title='bbox 1847 513 2045 567; x_wconf 83' lang='lat' dir='ltr'><strong>Confer</strong></span> <span class='ocrx_word' id='word_1_15' title='bbox 2067 517 2231 571; x_wconf 83' lang='lat' dir='ltr'>ctiam</span> 
     </span>
     <span class='ocr_line' id='line_1_3' title="bbox 210 594 1183 648; baseline 0 -1"><span class='ocrx_word' id='word_1_16' title='bbox 210 595 302 648; x_wconf 86' lang='lat' dir='ltr'>Pr.</span> <span class='ocrx_word' id='word_1_17' title='bbox 330 599 367 646; x_wconf 85' lang='lat'><strong>3</strong></span> <span class='ocrx_word' id='word_1_18' title='bbox 389 596 447 647; x_wconf 88' lang='lat' dir='ltr'>b.</span> <span class='ocrx_word' id='word_1_19' title='bbox 474 609 603 646; x_wconf 90' lang='lat' dir='ltr'>cum</span> <span class='ocrx_word' id='word_1_20' title='bbox 627 594 971 645; x_wconf 76' lang='lat' dir='ltr'>annotatione</span> <span class='ocrx_word' id='word_1_21' title='bbox 993 594 1183 647; x_wconf 65' lang='lat' dir='ltr'>nostrii.</span> 
     </span>
    </p>

    <p class='ocr_par' dir='ltr' id='par_1_3' title="bbox 283 678 1357 746">
     <span class='ocr_line' id='line_1_4' title="bbox 283 678 1357 746; baseline 0 -11"><span class='ocrx_word' id='word_1_22' title='bbox 283 682 376 735; x_wconf 86' lang='lat' dir='ltr'>Ps.</span> <span class='ocrx_word' id='word_1_23' title='bbox 404 686 459 745; x_wconf 99' lang='lat'>4,</span> <span class='ocrx_word' id='word_1_24' title='bbox 483 686 535 733; x_wconf 90' lang='lat'>4.</span> <span class='ocrx_word' id='word_1_25' title='bbox 562 678 832 746; x_wconf 82' lang='lat' dir='ltr'>sanctum]</span> <span class='ocrx_word' id='word_1_26' title='bbox 862 679 971 733; x_wconf 86' lang='lat' dir='ltr'>Ser.</span> <span class='ocrx_word' id='word_1_27' title='bbox 997 686 1029 711; x_wconf 93' lang='lat'>“</span> <span class='ocrx_word' id='word_1_28' title='bbox 1051 681 1357 735; x_wconf 81' lang='lat' dir='ltr'>Sanctum&#39;&#39;.</span> 
     </span>
    </p>

    <p class='ocr_par' dir='ltr' id='par_1_4' title="bbox 204 767 2223 1017">
     <span class='ocr_line' id='line_1_5' title="bbox 282 767 2221 841; baseline 0.005 -19"><span class='ocrx_word' id='word_1_29' title='bbox 282 770 347 822; x_wconf 89' lang='lat' dir='ltr'>P.</span> <span class='ocrx_word' id='word_1_30' title='bbox 379 773 485 822; x_wconf 89' lang='lat'>100</span> <span class='ocrx_word' id='word_1_31' title='bbox 507 770 562 833; x_wconf 93' lang='lat' dir='ltr'>b,</span> <span class='ocrx_word' id='word_1_32' title='bbox 588 767 676 821; x_wconf 84' lang='lat' dir='ltr'>Ps.</span> <span class='ocrx_word' id='word_1_33' title='bbox 701 771 789 831; x_wconf 88' lang='lat'>30,</span> <span class='ocrx_word' id='word_1_34' title='bbox 813 784 904 837; x_wconf 88' lang='lat' dir='ltr'>pro</span> <span class='ocrx_word' id='word_1_35' title='bbox 939 769 999 820; x_wconf 83' lang='lat' dir='ltr'>de</span> <span class='ocrx_word' id='word_1_36' title='bbox 1035 768 1212 838; x_wconf 82' lang='lat' dir='ltr'>laqueo</span> <span class='ocrx_word' id='word_1_37' title='bbox 1249 770 1366 834; x_wconf 77' lang='grc' dir='ltr'><em>Ιιόε,</em></span> <span class='ocrx_word' id='word_1_38' title='bbox 1390 786 1515 840; x_wconf 86' lang='lat' dir='ltr'>quae</span> <span class='ocrx_word' id='word_1_39' title='bbox 1538 772 1695 829; x_wconf 88' lang='lat' dir='ltr'>lectio</span> <span class='ocrx_word' id='word_1_40' title='bbox 1718 773 1967 831; x_wconf 81' lang='lat' dir='ltr'>Romana</span> <span class='ocrx_word' id='word_1_41' title='bbox 1999 786 2097 841; x_wconf 88' lang='lat' dir='ltr'>est,</span> <span class='ocrx_word' id='word_1_42' title='bbox 2122 797 2221 833; x_wconf 87' lang='lat' dir='ltr'>sec.</span> 
     </span>
     <span class='ocr_line' id='line_1_6' title="bbox 204 854 2223 934; baseline 0.002 -22"><span class='ocrx_word' id='word_1_43' title='bbox 204 860 377 912; x_wconf 83' lang='lat' dir='ltr'>Brev.</span> <span class='ocrx_word' id='word_1_44' title='bbox 406 858 601 912; x_wconf 81' lang='lat' dir='ltr'>Sarisb.</span> <span class='ocrx_word' id='word_1_45' title='bbox 620 854 954 910; x_wconf 86' lang='lat' dir='ltr'>scribendum</span> <span class='ocrx_word' id='word_1_46' title='bbox 979 864 1058 910; x_wconf 87' lang='lat' dir='ltr'>est</span> <span class='ocrx_word' id='word_1_47' title='bbox 1075 857 1169 925; x_wconf 90' lang='lat' dir='ltr'>(ut</span> <span class='ocrx_word' id='word_1_48' title='bbox 1190 875 1242 927; x_wconf 89' lang='lat' dir='ltr'>p.</span> <span class='ocrx_word' id='word_1_49' title='bbox 1269 861 1340 909; x_wconf 86' lang='lat'>32</span> <span class='ocrx_word' id='word_1_50' title='bbox 1363 859 1416 911; x_wconf 88' lang='lat' dir='ltr'>b.</span> <span class='ocrx_word' id='word_1_51' title='bbox 1442 862 1584 913; x_wconf 73' lang='lat' dir='ltr'>recte</span> <span class='ocrx_word' id='word_1_52' title='bbox 1604 861 1932 932; x_wconf 83' lang='lat' dir='ltr'>scripsimus)</span> <span class='ocrx_word' id='word_1_53' title='bbox 1952 863 2014 916; x_wconf 85' lang='lat' dir='ltr'>de</span> <span class='ocrx_word' id='word_1_54' title='bbox 2032 864 2223 934; x_wconf 74' lang='lat' dir='ltr'>laqueo.</span> 
     </span>
     <span class='ocr_line' id='line_1_7' title="bbox 204 945 1207 1017; baseline -0.002 -18"><span class='ocrx_word' id='word_1_55' title='bbox 204 949 279 1001; x_wconf 81' lang='lat' dir='ltr'>V.</span> <span class='ocrx_word' id='word_1_56' title='bbox 308 948 385 1001; x_wconf 83' lang='lat' dir='ltr'>ad</span> <span class='ocrx_word' id='word_1_57' title='bbox 406 965 458 1017; x_wconf 91' lang='lat' dir='ltr'>p.</span> <span class='ocrx_word' id='word_1_58' title='bbox 486 948 565 999; x_wconf 88' lang='lat'>12.</span> <span class='ocrx_word' id='word_1_59' title='bbox 589 948 640 999; x_wconf 91' lang='lat' dir='ltr'>b.</span> <span class='ocrx_word' id='word_1_60' title='bbox 667 962 790 999; x_wconf 89' lang='lat' dir='ltr'>cum</span> <span class='ocrx_word' id='word_1_61' title='bbox 814 945 957 997; x_wconf 88' lang='lat' dir='ltr'>Add.</span> <span class='ocrx_word' id='word_1_62' title='bbox 982 953 1038 999; x_wconf 87' lang='lat' dir='ltr'>et</span> <span class='ocrx_word' id='word_1_63' title='bbox 1061 946 1207 998; x_wconf 83' lang='lat' dir='ltr'>Corr.</span> 
     </span>
    </p>

    <p class='ocr_par' dir='ltr' id='par_1_5' title="bbox 205 1032 2232 1716">
     <span class='ocr_line' id='line_1_8' title="bbox 289 1032 2227 1104; baseline 0.002 -17"><span class='ocrx_word' id='word_1_64' title='bbox 289 1035 357 1087; x_wconf 84' lang='lat' dir='ltr'>P.</span> <span class='ocrx_word' id='word_1_65' title='bbox 394 1039 489 1086; x_wconf 86' lang='lat'>101</span> <span class='ocrx_word' id='word_1_66' title='bbox 525 1053 573 1087; x_wconf 85' lang='lat' dir='ltr'>a.</span> <span class='ocrx_word' id='word_1_67' title='bbox 613 1033 682 1086; x_wconf 90' lang='lat' dir='ltr'>In</span> <span class='ocrx_word' id='word_1_68' title='bbox 717 1032 823 1085; x_wconf 87' lang='lat' dir='ltr'>Off.</span> <span class='ocrx_word' id='word_1_69' title='bbox 859 1033 1016 1085; x_wconf 89' lang='lat' dir='ltr'>Rom.</span> <span class='ocrx_word' id='word_1_70' title='bbox 1050 1040 1173 1085; x_wconf 80' lang='lat' dir='ltr'>ante</span> <span class='ocrx_word' id='word_1_71' title='bbox 1204 1034 1419 1087; x_wconf 79' lang='lat' dir='ltr'>tertium</span> <span class='ocrx_word' id='word_1_72' title='bbox 1444 1051 1654 1104; x_wconf 85' lang='lat' dir='ltr'>quoque</span> <span class='ocrx_word' id='word_1_73' title='bbox 1679 1034 1955 1090; x_wconf 81' lang='lat' dir='ltr'>Psalmum</span> <span class='ocrx_word' id='word_1_74' title='bbox 1987 1036 2227 1091; x_wconf 86' lang='lat' dir='ltr'>additum</span> 
     </span>
     <span class='ocr_line' id='line_1_9' title="bbox 208 1119 2229 1196; baseline 0.001 -21"><span class='ocrx_word' id='word_1_75' title='bbox 208 1130 306 1176; x_wconf 77' lang='lat' dir='ltr'>est</span> <span class='ocrx_word' id='word_1_76' title='bbox 323 1120 501 1173; x_wconf 78' lang='lat' dir='ltr'><strong><em>Gloria</em></strong></span> <span class='ocrx_word' id='word_1_77' title='bbox 518 1120 695 1184; x_wconf 80' lang='lat' dir='ltr'>Patri,</span> <span class='ocrx_word' id='word_1_78' title='bbox 714 1119 857 1188; x_wconf 88' lang='lat' dir='ltr'>quod</span> <span class='ocrx_word' id='word_1_79' title='bbox 872 1128 1055 1172; x_wconf 82' lang='lat' dir='ltr'>tamen</span> <span class='ocrx_word' id='word_1_80' title='bbox 1071 1121 1209 1190; x_wconf 79' lang='lat' dir='ltr'>apud</span> <span class='ocrx_word' id='word_1_81' title='bbox 1233 1121 1387 1174; x_wconf 70' lang='lat' dir='ltr'>BreV.</span> <span class='ocrx_word' id='word_1_82' title='bbox 1409 1122 1622 1187; x_wconf 60' lang='lat' dir='ltr'>Sarisb„</span> <span class='ocrx_word' id='word_1_83' title='bbox 1639 1140 1805 1192; x_wconf 91' lang='lat' dir='ltr'>quum</span> <span class='ocrx_word' id='word_1_84' title='bbox 1822 1124 1879 1177; x_wconf 89' lang='lat' dir='ltr'>in</span> <span class='ocrx_word' id='word_1_85' title='bbox 1904 1125 2012 1178; x_wconf 90' lang='lat' dir='ltr'>solo</span> <span class='ocrx_word' id='word_1_86' title='bbox 2033 1125 2229 1196; x_wconf 87' lang='lat' dir='ltr'>Gough</span> 
     </span>
     <span class='ocr_line' id='line_1_10' title="bbox 214 1206 2232 1280; baseline 0.002 -20"><span class='ocrx_word' id='word_1_87' title='bbox 214 1213 295 1263; x_wconf 77' lang='lat'>68</span> <span class='ocrx_word' id='word_1_88' title='bbox 321 1226 356 1262; x_wconf 86' lang='lat' dir='ltr'><strong>a</strong></span> <span class='ocrx_word' id='word_1_89' title='bbox 379 1209 522 1261; x_wconf 89' lang='lat' dir='ltr'>nobis</span> <span class='ocrx_word' id='word_1_90' title='bbox 545 1206 761 1277; x_wconf 87' lang='lat' dir='ltr'>quidem</span> <span class='ocrx_word' id='word_1_91' title='bbox 784 1207 1059 1260; x_wconf 85' lang='lat' dir='ltr'>inventum</span> <span class='ocrx_word' id='word_1_92' title='bbox 1079 1208 1148 1260; x_wconf 82' lang='lat' dir='ltr'>sit</span> <span class='ocrx_word' id='word_1_93' title='bbox 1157 1221 1207 1272; x_wconf 60' lang='grc' dir='ltr'>ω,</span> <span class='ocrx_word' id='word_1_94' title='bbox 1225 1209 1281 1261; x_wconf 90' lang='lat' dir='ltr'>in</span> <span class='ocrx_word' id='word_1_95' title='bbox 1301 1210 1518 1280; x_wconf 85' lang='lat' dir='ltr'>reliquis</span> <span class='ocrx_word' id='word_1_96' title='bbox 1534 1209 1730 1265; x_wconf 86' lang='lat' dir='ltr'>idcirco</span> <span class='ocrx_word' id='word_1_97' title='bbox 1745 1211 1961 1265; x_wconf 83' lang='lat' dir='ltr'>fortasse</span> <span class='ocrx_word' id='word_1_98' title='bbox 1979 1213 2232 1266; x_wconf 88' lang='lat' dir='ltr'>omissum</span> 
     </span>
     <span class='ocr_line' id='line_1_11' title="bbox 211 1296 2228 1371; baseline 0.001 -20"><span class='ocrx_word' id='word_1_99' title='bbox 211 1306 317 1362; x_wconf 83' lang='lat' dir='ltr'>est,</span> <span class='ocrx_word' id='word_1_100' title='bbox 341 1305 404 1350; x_wconf 89' lang='lat' dir='ltr'>ut</span> <span class='ocrx_word' id='word_1_101' title='bbox 423 1297 609 1349; x_wconf 86' lang='lat' dir='ltr'>tertius</span> <span class='ocrx_word' id='word_1_102' title='bbox 631 1303 685 1348; x_wconf 87' lang='lat' dir='ltr'>et</span> <span class='ocrx_word' id='word_1_103' title='bbox 710 1303 934 1363; x_wconf 84' lang='lat' dir='ltr'>quartus</span> <span class='ocrx_word' id='word_1_104' title='bbox 963 1312 1132 1348; x_wconf 91' lang='lat' dir='ltr'>unum</span> <span class='ocrx_word' id='word_1_105' title='bbox 1155 1296 1368 1350; x_wconf 79' lang='lat' dir='ltr'>tantum</span> <span class='ocrx_word' id='word_1_106' title='bbox 1396 1299 1673 1353; x_wconf 78' lang='lat' dir='ltr'>Psalmum</span> <span class='ocrx_word' id='word_1_107' title='bbox 1707 1298 1938 1355; x_wconf 77' lang='lat' dir='ltr'>efficiant</span> <span class='ocrx_word' id='word_1_108' title='bbox 1964 1301 2059 1370; x_wconf 85' lang='lat' dir='ltr'>(cs.</span> <span class='ocrx_word' id='word_1_109' title='bbox 2084 1302 2228 1371; x_wconf 88' lang='lat' dir='ltr'>quod</span> 
     </span>
     <span class='ocr_line' id='line_1_12' title="bbox 205 1382 2230 1457; baseline 0.001 -19"><span class='ocrx_word' id='word_1_110' title='bbox 205 1387 270 1439; x_wconf 83' lang='lat' dir='ltr'>in</span> <span class='ocrx_word' id='word_1_111' title='bbox 296 1384 577 1437; x_wconf 82' lang='lat' dir='ltr'>Laudibus</span> <span class='ocrx_word' id='word_1_112' title='bbox 601 1382 700 1450; x_wconf 91' lang='lat' dir='ltr'>fit),</span> <span class='ocrx_word' id='word_1_113' title='bbox 725 1388 886 1451; x_wconf 85' lang='lat' dir='ltr'>atque</span> <span class='ocrx_word' id='word_1_114' title='bbox 916 1383 995 1436; x_wconf 81' lang='lat' dir='ltr'>ita</span> <span class='ocrx_word' id='word_1_115' title='bbox 1016 1400 1260 1436; x_wconf 72' lang='lat' dir='ltr'>numerus</span> <span class='ocrx_word' id='word_1_116' title='bbox 1284 1385 1476 1455; x_wconf 83' lang='lat' dir='ltr'>impar,</span> <span class='ocrx_word' id='word_1_117' title='bbox 1499 1402 1607 1454; x_wconf 91' lang='lat' dir='ltr'>quo</span> <span class='ocrx_word' id='word_1_118' title='bbox 1625 1385 1720 1456; x_wconf 80' lang='lat' dir='ltr'>(ac</span> <span class='ocrx_word' id='word_1_119' title='bbox 1744 1389 2036 1457; x_wconf 83' lang='lat' dir='ltr'>praesertim</span> <span class='ocrx_word' id='word_1_120' title='bbox 2061 1388 2230 1457; x_wconf 77' lang='lat' dir='ltr'>trino)</span> 
     </span>
     <span class='ocr_line' id='line_1_13' title="bbox 207 1468 2226 1543; baseline 0 -16"><span class='ocrx_word' id='word_1_121' title='bbox 207 1473 440 1543; x_wconf 61' lang='lat' dir='ltr'>gaudere</span> <span class='ocrx_word' id='word_1_122' title='bbox 460 1470 652 1535; x_wconf 83' lang='lat' dir='ltr'>Deum,</span> <span class='ocrx_word' id='word_1_123' title='bbox 678 1468 968 1541; x_wconf 73' lang='lat' dir='ltr'>(quantum</span> <span class='ocrx_word' id='word_1_124' title='bbox 993 1470 1058 1523; x_wconf 86' lang='lat' dir='ltr'>de</span> <span class='ocrx_word' id='word_1_125' title='bbox 1085 1470 1202 1523; x_wconf 88' lang='lat' dir='ltr'>Deo</span> <span class='ocrx_word' id='word_1_126' title='bbox 1225 1472 1371 1541; x_wconf 91' lang='lat' dir='ltr'>loqui</span> <span class='ocrx_word' id='word_1_127' title='bbox 1403 1472 1486 1525; x_wconf 81' lang='lat' dir='ltr'>sas</span> <span class='ocrx_word' id='word_1_128' title='bbox 1508 1472 1631 1541; x_wconf 86' lang='lat' dir='ltr'>est,)</span> <span class='ocrx_word' id='word_1_129' title='bbox 1659 1490 1765 1527; x_wconf 91' lang='lat' dir='ltr'>non</span> <span class='ocrx_word' id='word_1_130' title='bbox 1801 1491 1870 1527; x_wconf 84' lang='lat' dir='ltr'>ex</span> <span class='ocrx_word' id='word_1_131' title='bbox 1901 1474 2226 1527; x_wconf 86' lang='lat' dir='ltr'>ethnicorum</span> 
     </span>
     <span class='ocr_line' id='line_1_14' title="bbox 210 1557 2228 1628; baseline -0.001 -14"><span class='ocrx_word' id='word_1_132' title='bbox 210 1560 430 1614; x_wconf 71' lang='lat' dir='ltr'>tantum</span> <span class='ocrx_word' id='word_1_133' title='bbox 453 1557 738 1612; x_wconf 78' lang='lat' dir='ltr'>traditione</span> <span class='ocrx_word' id='word_1_134' title='bbox 747 1570 789 1623; x_wconf 81' lang='lat'>¹¹,</span> <span class='ocrx_word' id='word_1_135' title='bbox 813 1557 995 1612; x_wconf 63' lang='lat' dir='ltr'>verum</span> <span class='ocrx_word' id='word_1_136' title='bbox 1019 1559 1183 1611; x_wconf 82' lang='lat' dir='ltr'>etiam</span> <span class='ocrx_word' id='word_1_137' title='bbox 1206 1575 1275 1611; x_wconf 86' lang='lat' dir='ltr'>ex</span> <span class='ocrx_word' id='word_1_138' title='bbox 1300 1558 1586 1628; x_wconf 85' lang='lat' dir='ltr'>Scripturis</span> <span class='ocrx_word' id='word_1_139' title='bbox 1608 1561 1770 1614; x_wconf 80' lang='lat' dir='ltr'>sacris</span> <span class='ocrx_word' id='word_1_140' title='bbox 1793 1568 2151 1621; x_wconf 52' lang='lat' dir='ltr'>constan—ut</span> <span class='ocrx_word' id='word_1_141' title='bbox 2173 1561 2228 1613; x_wconf 86' lang='lat' dir='ltr'>in</span> 
     </span>
     <span class='ocr_line' id='line_1_15' title="bbox 212 1645 1748 1716; baseline -0.001 -14"><span class='ocrx_word' id='word_1_142' title='bbox 212 1649 419 1702; x_wconf 88' lang='lat' dir='ltr'>Officiis</span> <span class='ocrx_word' id='word_1_143' title='bbox 443 1647 677 1714; x_wconf 78' lang='lat' dir='ltr'>reliquiS,</span> <span class='ocrx_word' id='word_1_144' title='bbox 702 1646 778 1698; x_wconf 80' lang='lat' dir='ltr'>ita</span> <span class='ocrx_word' id='word_1_145' title='bbox 800 1647 857 1698; x_wconf 91' lang='lat' dir='ltr'>in</span> <span class='ocrx_word' id='word_1_146' title='bbox 883 1645 1239 1714; x_wconf 86' lang='lat' dir='ltr'>Completorio</span> <span class='ocrx_word' id='word_1_147' title='bbox 1264 1663 1476 1716; x_wconf 89' lang='lat' dir='ltr'>quoque</span> <span class='ocrx_word' id='word_1_148' title='bbox 1498 1655 1748 1700; x_wconf 83' lang='lat' dir='ltr'>servetur.</span> 
     </span>
    </p>

    <p class='ocr_par' dir='ltr' id='par_1_6' title="bbox 288 1732 1083 1802">
     <span class='ocr_line' id='line_1_16' title="bbox 288 1732 1083 1802; baseline -0.004 -15"><span class='ocrx_word' id='word_1_149' title='bbox 288 1735 422 1787; x_wconf 83' lang='lat' dir='ltr'>Adv.</span> <span class='ocrx_word' id='word_1_150' title='bbox 447 1734 581 1802; x_wconf 75' lang='lat' dir='ltr'>nisi]</span> <span class='ocrx_word' id='word_1_151' title='bbox 611 1732 720 1785; x_wconf 80' lang='lat' dir='ltr'>Ser.</span> <span class='ocrx_word' id='word_1_152' title='bbox 744 1732 876 1784; x_wconf 79' lang='lat' dir='ltr'>Adv.</span> <span class='ocrx_word' id='word_1_153' title='bbox 904 1754 922 1786; x_wconf 83' lang='lat'>.-</span> <span class='ocrx_word' id='word_1_154' title='bbox 956 1734 1083 1785; x_wconf 76' lang='lat' dir='ltr'>nisi.</span> 
     </span>
    </p>

    <p class='ocr_par' dir='ltr' id='par_1_7' title="bbox 207 1819 2229 2154">
     <span class='ocr_line' id='line_1_17' title="bbox 289 1819 2226 1891; baseline 0.001 -17"><span class='ocrx_word' id='word_1_155' title='bbox 289 1821 361 1874; x_wconf 90' lang='lat' dir='ltr'>In</span> <span class='ocrx_word' id='word_1_156' title='bbox 401 1821 654 1891; x_wconf 82' lang='lat' dir='ltr'>Capitulo</span> <span class='ocrx_word' id='word_1_157' title='bbox 694 1819 857 1873; x_wconf 84' lang='lat' dir='ltr'>verba</span> <span class='ocrx_word' id='word_1_158' title='bbox 888 1830 1126 1872; x_wconf 76' lang='lat' dir='ltr'>sanctum</span> <span class='ocrx_word' id='word_1_159' title='bbox 1160 1829 1214 1874; x_wconf 88' lang='lat' dir='ltr'>et</span> <span class='ocrx_word' id='word_1_160' title='bbox 1248 1820 1385 1874; x_wconf 78' lang='lat' dir='ltr'>D&#39;ne</span> <span class='ocrx_word' id='word_1_161' title='bbox 1419 1821 1570 1875; x_wconf 74' lang='lat' dir='ltr'>Deus</span> <span class='ocrx_word' id='word_1_162' title='bbox 1603 1832 1774 1877; x_wconf 73' lang='lat' dir='ltr'>noster</span> <span class='ocrx_word' id='word_1_163' title='bbox 1810 1824 1984 1877; x_wconf 84' lang='lat' dir='ltr'>textui</span> <span class='ocrx_word' id='word_1_164' title='bbox 2018 1822 2226 1876; x_wconf 86' lang='lat' dir='ltr'>Biblico</span> 
     </span>
     <span class='ocr_line' id='line_1_18' title="bbox 210 1906 2225 1977; baseline 0 -15"><span class='ocrx_word' id='word_1_165' title='bbox 210 1909 346 1977; x_wconf 81' lang='lat' dir='ltr'>(Jer.</span> <span class='ocrx_word' id='word_1_166' title='bbox 389 1913 472 1972; x_wconf 90' lang='lat'>14,</span> <span class='ocrx_word' id='word_1_167' title='bbox 508 1911 562 1977; x_wconf 88' lang='lat'>9)</span> <span class='ocrx_word' id='word_1_168' title='bbox 599 1906 816 1960; x_wconf 76' lang='lat' dir='ltr'>addita:</span> <span class='ocrx_word' id='word_1_169' title='bbox 854 1908 1103 1961; x_wconf 91' lang='lat' dir='ltr'>omissum</span> <span class='ocrx_word' id='word_1_170' title='bbox 1140 1909 1262 1963; x_wconf 75' lang='lat' dir='ltr'>vero</span> <span class='ocrx_word' id='word_1_171' title='bbox 1298 1909 1357 1960; x_wconf 90' lang='lat' dir='ltr'>in</span> <span class='ocrx_word' id='word_1_172' title='bbox 1399 1909 1556 1962; x_wconf 82' lang='lat' dir='ltr'>Brev.</span> <span class='ocrx_word' id='word_1_173' title='bbox 1592 1919 1769 1963; x_wconf 84' lang='lat' dir='ltr'>nostro</span> <span class='ocrx_word' id='word_1_174' title='bbox 1805 1909 1882 1977; x_wconf 90' lang='lat' dir='ltr'>(in</span> <span class='ocrx_word' id='word_1_175' title='bbox 1924 1909 2080 1963; x_wconf 89' lang='lat' dir='ltr'>Rom.</span> <span class='ocrx_word' id='word_1_176' title='bbox 2117 1928 2225 1962; x_wconf 90' lang='lat' dir='ltr'>non</span> 
     </span>
     <span class='ocr_line' id='line_1_19' title="bbox 208 1994 2229 2066; baseline 0 -18"><span class='ocrx_word' id='word_1_177' title='bbox 208 1997 362 2066; x_wconf 87' lang='lat' dir='ltr'>item)</span> <span class='ocrx_word' id='word_1_178' title='bbox 399 1996 702 2066; x_wconf 87' lang='lat' dir='ltr'>conjunctio</span> <span class='ocrx_word' id='word_1_179' title='bbox 737 1998 769 2025; x_wconf 93' lang='lat'>“</span> <span class='ocrx_word' id='word_1_180' title='bbox 784 2003 968 2049; x_wconf 83' lang='lat' dir='ltr'>autem</span> <span class='ocrx_word' id='word_1_181' title='bbox 977 1994 1163 2049; x_wconf 84' lang='lat' dir='ltr'>”.—In</span> <span class='ocrx_word' id='word_1_182' title='bbox 1202 1997 1490 2051; x_wconf 80' lang='lat' dir='ltr'>Breviariis</span> <span class='ocrx_word' id='word_1_183' title='bbox 1522 2006 1703 2051; x_wconf 80' lang='lat' dir='ltr'>autem</span> <span class='ocrx_word' id='word_1_184' title='bbox 1737 1994 1896 2051; x_wconf 82' lang='lat' dir='ltr'>Ebot.</span> <span class='ocrx_word' id='word_1_185' title='bbox 1928 2006 1984 2051; x_wconf 90' lang='lat' dir='ltr'>et</span> <span class='ocrx_word' id='word_1_186' title='bbox 2018 1997 2229 2050; x_wconf 85' lang='lat' dir='ltr'>Heref.⁰</span> 
     </span>
     <span class='ocr_line' id='line_1_20' title="bbox 207 2081 1465 2154; baseline 0.001 -18"><span class='ocrx_word' id='word_1_187' title='bbox 207 2084 424 2154; x_wconf 83' lang='lat' dir='ltr'>legitur,</span> <span class='ocrx_word' id='word_1_188' title='bbox 447 2101 631 2135; x_wconf 77' lang='lat' dir='ltr'>nomen</span> <span class='ocrx_word' id='word_1_189' title='bbox 653 2092 893 2135; x_wconf 76' lang='lat' dir='ltr'>sanctum</span> <span class='ocrx_word' id='word_1_190' title='bbox 917 2093 1070 2135; x_wconf 81' lang='lat' dir='ltr'>tuam</span> <span class='ocrx_word' id='word_1_191' title='bbox 1094 2094 1142 2136; x_wconf 86' lang='lat' dir='ltr'>et</span> <span class='ocrx_word' id='word_1_192' title='bbox 1163 2081 1465 2153; x_wconf 63' lang='lat' dir='ltr'>ylen-iocum.</span> 
     </span>
    </p>

    <p class='ocr_par' dir='ltr' id='par_1_8' title="bbox 288 2166 1473 2243">
     <span class='ocr_line' id='line_1_21' title="bbox 288 2166 1473 2243; baseline 0.001 -21"><span class='ocrx_word' id='word_1_193' title='bbox 288 2170 421 2224; x_wconf 86' lang='lat' dir='ltr'>Post</span> <span class='ocrx_word' id='word_1_194' title='bbox 442 2170 752 2241; x_wconf 83' lang='lat' dir='ltr'>Capitulum</span> <span class='ocrx_word' id='word_1_195' title='bbox 775 2170 930 2236; x_wconf 86' lang='lat' dir='ltr'>adde,</span> <span class='ocrx_word' id='word_1_196' title='bbox 958 2170 1058 2243; x_wconf 67' lang='lat' dir='ltr'>[R.</span> <span class='ocrx_word' id='word_1_197' title='bbox 1086 2171 1203 2224; x_wconf 86' lang='lat' dir='ltr'>Deo</span> <span class='ocrx_word' id='word_1_198' title='bbox 1230 2166 1473 2241; x_wconf 61' lang='lat' dir='ltr'>gratias]</span> 
     </span>
    </p>
   </div>
   <div class='ocr_carea' id='block_1_3' title="bbox 284 2282 2221 2346">
    <p class='ocr_par' dir='ltr' id='par_1_9' title="bbox 284 2282 2221 2346">
     <span class='ocr_line' id='line_1_22' title="bbox 284 2282 2221 2346; baseline 0.003 -18"><span class='ocrx_word' id='word_1_199' title='bbox 284 2289 321 2312; x_wconf 80' lang='lat'>¹¹¹</span> <span class='ocrx_word' id='word_1_200' title='bbox 356 2282 554 2329; x_wconf 87' lang='lat' dir='ltr'>Omittit</span> <span class='ocrx_word' id='word_1_201' title='bbox 574 2283 715 2331; x_wconf 85' lang='lat' dir='ltr'>etiam</span> <span class='ocrx_word' id='word_1_202' title='bbox 734 2284 881 2332; x_wconf 79' lang='lat' dir='ltr'>Brev,</span> <span class='ocrx_word' id='word_1_203' title='bbox 904 2283 1053 2331; x_wconf 86' lang='lat' dir='ltr'>Ebor.</span> <span class='ocrx_word' id='word_1_204' title='bbox 1081 2282 1263 2346; x_wconf 88' lang='lat' dir='ltr'>Gough</span> <span class='ocrx_word' id='word_1_205' title='bbox 1288 2283 1351 2331; x_wconf 81' lang='lat'>59</span> <span class='ocrx_word' id='word_1_206' title='bbox 1372 2300 1384 2329; x_wconf 92' lang='lat'><strong>:</strong></span> <span class='ocrx_word' id='word_1_207' title='bbox 1418 2282 1478 2329; x_wconf 86' lang='lat' dir='ltr'>de</span> <span class='ocrx_word' id='word_1_208' title='bbox 1504 2282 1685 2345; x_wconf 84' lang='lat' dir='ltr'>Gough</span> <span class='ocrx_word' id='word_1_209' title='bbox 1707 2283 1736 2331; x_wconf 89' lang='grc'>6</span> <span class='ocrx_word' id='word_1_210' title='bbox 1757 2289 1804 2331; x_wconf 87' lang='lat' dir='ltr'>et</span> <span class='ocrx_word' id='word_1_211' title='bbox 1821 2282 1964 2331; x_wconf 74' lang='lat' dir='ltr'>BreV.</span> <span class='ocrx_word' id='word_1_212' title='bbox 1991 2282 2154 2333; x_wconf 81' lang='lat' dir='ltr'>Heres.</span> <span class='ocrx_word' id='word_1_213' title='bbox 2181 2301 2221 2333; x_wconf 77' lang='grc' dir='ltr'>ν.</span> 
     </span>
    </p>
   </div>
   <div class='ocr_carea' id='block_1_4' title="bbox 211 2365 1077 2509">
    <p class='ocr_par' dir='ltr' id='par_1_10' title="bbox 211 2365 1077 2509">
     <span class='ocr_line' id='line_1_23' title="bbox 211 2365 824 2424; baseline 0.003 -11"><span class='ocrx_word' id='word_1_214' title='bbox 211 2372 387 2413; x_wconf 78' lang='lat' dir='ltr'>notam</span> <span class='ocrx_word' id='word_1_215' title='bbox 410 2383 449 2424; x_wconf 91' lang='lat' dir='ltr'>o,</span> <span class='ocrx_word' id='word_1_216' title='bbox 474 2371 521 2412; x_wconf 87' lang='lat' dir='ltr'>et</span> <span class='ocrx_word' id='word_1_217' title='bbox 541 2366 598 2414; x_wconf 80' lang='lat' dir='ltr'>cf.</span> <span class='ocrx_word' id='word_1_218' title='bbox 624 2365 704 2414; x_wconf 90' lang='lat' dir='ltr'>Pr.</span> <span class='ocrx_word' id='word_1_219' title='bbox 728 2369 757 2414; x_wconf 85' lang='lat'><strong>3</strong></span> <span class='ocrx_word' id='word_1_220' title='bbox 780 2367 824 2415; x_wconf 92' lang='lat' dir='ltr'>b.</span> 
     </span>
     <span class='ocr_line' id='line_1_24' title="bbox 279 2442 1077 2509; baseline 0.001 -16"><span class='ocrx_word' id='word_1_221' title='bbox 279 2442 304 2465; x_wconf 77' lang='lat'>⁸</span> <span class='ocrx_word' id='word_1_222' title='bbox 340 2446 513 2509; x_wconf 81' lang='lat' dir='ltr'>virgil.</span> <span class='ocrx_word' id='word_1_223' title='bbox 536 2446 707 2494; x_wconf 89' lang='lat' dir='ltr'>Bucol.</span> <span class='ocrx_word' id='word_1_224' title='bbox 729 2446 829 2504; x_wconf 85' lang='lat' dir='ltr'>viii,</span> <span class='ocrx_word' id='word_1_225' title='bbox 856 2445 1045 2497; x_wconf 81' lang='lat'><strong><em>73-75</em></strong></span> <span class='ocrx_word' id='word_1_226' title='bbox 1065 2464 1077 2494; x_wconf 89' lang='lat'><strong>:</strong></span> 
     </span>
    </p>
   </div>
   <div class='ocr_carea' id='block_1_5' title="bbox 321 2527 1380 2734">
    <p class='ocr_par' dir='ltr' id='par_1_11' title="bbox 321 2527 1380 2734">
     <span class='ocr_line' id='line_1_25' title="bbox 327 2527 1380 2582; baseline 0.003 -13"><span class='ocrx_word' id='word_1_227' title='bbox 327 2527 460 2569; x_wconf 74' lang='lat' dir='ltr'>Ter-na</span> <span class='ocrx_word' id='word_1_228' title='bbox 476 2529 555 2567; x_wconf 86' lang='lat' dir='ltr'>tibi</span> <span class='ocrx_word' id='word_1_229' title='bbox 574 2529 663 2569; x_wconf 77' lang='lat' dir='ltr'>haec</span> <span class='ocrx_word' id='word_1_230' title='bbox 683 2528 869 2580; x_wconf 68' lang='lat' dir='ltr'>primum</span> <span class='ocrx_word' id='word_1_231' title='bbox 887 2530 1042 2582; x_wconf 72' lang='lat' dir='ltr'>triplici</span> <span class='ocrx_word' id='word_1_232' title='bbox 1057 2531 1223 2572; x_wconf 73' lang='lat' dir='ltr'>diversa</span> <span class='ocrx_word' id='word_1_233' title='bbox 1242 2532 1380 2572; x_wconf 82' lang='lat' dir='ltr'>coloro</span> 
     </span>
     <span class='ocr_line' id='line_1_26' title="bbox 323 2601 1292 2654; baseline 0.003 -13"><span class='ocrx_word' id='word_1_234' title='bbox 323 2601 443 2641; x_wconf 77' lang='lat' dir='ltr'>Licin.</span> <span class='ocrx_word' id='word_1_235' title='bbox 461 2601 678 2652; x_wconf 75' lang='lat' dir='ltr'>circumlo,</span> <span class='ocrx_word' id='word_1_236' title='bbox 696 2607 834 2654; x_wconf 77' lang='lat' dir='ltr'>terque</span> <span class='ocrx_word' id='word_1_237' title='bbox 851 2604 940 2643; x_wconf 74' lang='lat' dir='ltr'>haec</span> <span class='ocrx_word' id='word_1_238' title='bbox 960 2604 1112 2644; x_wconf 74' lang='lat' dir='ltr'>altaria</span> <span class='ocrx_word' id='word_1_239' title='bbox 1131 2605 1292 2645; x_wconf 82' lang='lat' dir='ltr'>circum</span> 
     </span>
     <span class='ocr_line' id='line_1_27' title="bbox 321 2676 1364 2734; baseline 0.004 -19"><span class='ocrx_word' id='word_1_240' title='bbox 321 2676 522 2729; x_wconf 81' lang='lat' dir='ltr'>Effigiem</span> <span class='ocrx_word' id='word_1_241' title='bbox 543 2676 653 2716; x_wconf 80' lang='lat' dir='ltr'>duco</span> <span class='ocrx_word' id='word_1_242' title='bbox 671 2688 681 2716; x_wconf 72' lang='grc' dir='ltr'>ε</span> <span class='ocrx_word' id='word_1_243' title='bbox 710 2690 879 2718; x_wconf 81' lang='lat' dir='ltr'>numero</span> <span class='ocrx_word' id='word_1_244' title='bbox 898 2676 1012 2719; x_wconf 72' lang='lat' dir='ltr'>Deus</span> <span class='ocrx_word' id='word_1_245' title='bbox 1029 2680 1187 2730; x_wconf 82' lang='lat' dir='ltr'>impare</span> <span class='ocrx_word' id='word_1_246' title='bbox 1197 2680 1364 2734; x_wconf 73' lang='lat' dir='ltr'>qaudet.</span> 
     </span>
    </p>
   </div>
   <div class='ocr_carea' id='block_1_6' title="bbox 202 2747 2226 3611">
    <p class='ocr_par' dir='ltr' id='par_1_12' title="bbox 202 2747 2226 3217">
     <span class='ocr_line' id='line_1_28' title="bbox 271 2747 2226 2812; baseline -0.001 -14"><span class='ocrx_word' id='word_1_247' title='bbox 271 2749 434 2812; x_wconf 84' lang='lat' dir='ltr'>Cujus</span> <span class='ocrx_word' id='word_1_248' title='bbox 461 2749 623 2797; x_wconf 83' lang='lat' dir='ltr'>verbis</span> <span class='ocrx_word' id='word_1_249' title='bbox 646 2755 802 2809; x_wconf 86' lang='lat' dir='ltr'>utens,</span> <span class='ocrx_word' id='word_1_250' title='bbox 830 2751 1075 2798; x_wconf 79' lang='lat' dir='ltr'>Graduale</span> <span class='ocrx_word' id='word_1_251' title='bbox 1111 2751 1288 2798; x_wconf 85' lang='lat' dir='ltr'>Sarisb.</span> <span class='ocrx_word' id='word_1_252' title='bbox 1313 2751 1365 2798; x_wconf 89' lang='lat' dir='ltr'>in</span> <span class='ocrx_word' id='word_1_253' title='bbox 1399 2749 1494 2797; x_wconf 71' lang='lat' dir='ltr'>Off</span> <span class='ocrx_word' id='word_1_254' title='bbox 1528 2749 1673 2796; x_wconf 82' lang='lat' dir='ltr'>Dom.</span> <span class='ocrx_word' id='word_1_255' title='bbox 1702 2751 1723 2796; x_wconf 93' lang='lat'>1</span> <span class='ocrx_word' id='word_1_256' title='bbox 1764 2747 1907 2806; x_wconf 73' lang='lat' dir='ltr'>Adv„</span> <span class='ocrx_word' id='word_1_257' title='bbox 1932 2749 1984 2795; x_wconf 88' lang='lat' dir='ltr'>in</span> <span class='ocrx_word' id='word_1_258' title='bbox 2011 2748 2226 2798; x_wconf 58' lang='lat' dir='ltr'>Rubrio&amp;</span> 
     </span>
     <span class='ocr_line' id='line_1_29' title="bbox 203 2829 2221 2892; baseline 0 -16"><span class='ocrx_word' id='word_1_259' title='bbox 203 2831 263 2878; x_wconf 85' lang='lat' dir='ltr'>de</span> <span class='ocrx_word' id='word_1_260' title='bbox 280 2829 517 2877; x_wconf 82' lang='lat' dir='ltr'>Collectis</span> <span class='ocrx_word' id='word_1_261' title='bbox 531 2830 594 2877; x_wconf 86' lang='lat' dir='ltr'>ad</span> <span class='ocrx_word' id='word_1_262' title='bbox 613 2830 818 2877; x_wconf 87' lang='lat' dir='ltr'>Missam</span> <span class='ocrx_word' id='word_1_263' title='bbox 836 2830 1077 2879; x_wconf 77' lang='lat' dir='ltr'>dicendis:</span> <span class='ocrx_word' id='word_1_264' title='bbox 1115 2833 1147 2857; x_wconf 91' lang='lat'><strong>“</strong></span> <span class='ocrx_word' id='word_1_265' title='bbox 1166 2832 1245 2878; x_wconf 83' lang='lat' dir='ltr'>Ita</span> <span class='ocrx_word' id='word_1_266' title='bbox 1270 2841 1419 2878; x_wconf 81' lang='lat' dir='ltr'>tamen</span> <span class='ocrx_word' id='word_1_267' title='bbox 1435 2832 1557 2892; x_wconf 77' lang='lat' dir='ltr'>quod</span> <span class='ocrx_word' id='word_1_268' title='bbox 1570 2832 1876 2890; x_wconf 77' lang='lat' dir='ltr'>septenarium</span> <span class='ocrx_word' id='word_1_269' title='bbox 1894 2845 2126 2876; x_wconf 79' lang='lat' dir='ltr'>numerum</span> <span class='ocrx_word' id='word_1_270' title='bbox 2143 2846 2221 2877; x_wconf 70' lang='lat' dir='ltr'>ea·-</span> 
     </span>
     <span class='ocr_line' id='line_1_30' title="bbox 203 2909 2224 2974; baseline 0 -16"><span class='ocrx_word' id='word_1_271' title='bbox 203 2915 234 2937; x_wconf 85' lang='lat'>“</span> <span class='ocrx_word' id='word_1_272' title='bbox 252 2914 413 2959; x_wconf 75' lang='lat' dir='ltr'>cedere</span> <span class='ocrx_word' id='word_1_273' title='bbox 441 2927 532 2959; x_wconf 76' lang='lat' dir='ltr'>non</span> <span class='ocrx_word' id='word_1_274' title='bbox 558 2914 693 2959; x_wconf 80' lang='lat' dir='ltr'>debet</span> <span class='ocrx_word' id='word_1_275' title='bbox 715 2910 988 2974; x_wconf 77' lang='lat' dir='ltr'>[Sacerdos]</span> <span class='ocrx_word' id='word_1_276' title='bbox 1013 2926 1100 2959; x_wconf 76' lang='lat' dir='ltr'>sec.</span> <span class='ocrx_word' id='word_1_277' title='bbox 1124 2928 1257 2959; x_wconf 75' lang='lat' dir='ltr'>usum</span> <span class='ocrx_word' id='word_1_278' title='bbox 1276 2913 1440 2959; x_wconf 80' lang='lat' dir='ltr'>Sarum</span> <span class='ocrx_word' id='word_1_279' title='bbox 1457 2930 1476 2966; x_wconf 80' lang='lat'>,-</span> <span class='ocrx_word' id='word_1_280' title='bbox 1515 2915 1625 2974; x_wconf 79' lang='lat' dir='ltr'>quia</span> <span class='ocrx_word' id='word_1_281' title='bbox 1648 2909 1863 2958; x_wconf 73' lang='lat' dir='ltr'>Christus</span> <span class='ocrx_word' id='word_1_282' title='bbox 1892 2916 1993 2959; x_wconf 63' lang='lat' dir='ltr'>cstm</span> <span class='ocrx_word' id='word_1_283' title='bbox 2019 2914 2224 2959; x_wconf 80' lang='lat' dir='ltr'>docuerit</span> 
     </span>
     <span class='ocr_line' id='line_1_31' title="bbox 205 2990 2224 3055; baseline -0 -16"><span class='ocrx_word' id='word_1_284' title='bbox 205 2996 235 3017; x_wconf 91' lang='lat'><strong>“</strong></span> <span class='ocrx_word' id='word_1_285' title='bbox 254 2991 403 3039; x_wconf 85' lang='lat' dir='ltr'>Pater</span> <span class='ocrx_word' id='word_1_286' title='bbox 422 2998 590 3039; x_wconf 84' lang='lat' dir='ltr'>noster</span> <span class='ocrx_word' id='word_1_287' title='bbox 607 2997 785 3040; x_wconf 63' lang='lat' dir='ltr'>tantum</span> <span class='ocrx_word' id='word_1_288' title='bbox 807 2996 1141 3054; x_wconf 76' lang='lat' dir='ltr'>comprehendit</span> <span class='ocrx_word' id='word_1_289' title='bbox 1155 2996 1402 3054; x_wconf 81' lang='lat' dir='ltr'>petitiones</span> <span class='ocrx_word' id='word_1_290' title='bbox 1422 2996 1503 3049; x_wconf 78' lang='lat' dir='ltr'>vii,</span> <span class='ocrx_word' id='word_1_291' title='bbox 1522 3009 1623 3055; x_wconf 82' lang='lat' dir='ltr'>quae</span> <span class='ocrx_word' id='word_1_292' title='bbox 1648 2990 1804 3053; x_wconf 76' lang='lat' dir='ltr'>[solae]</span> <span class='ocrx_word' id='word_1_293' title='bbox 1831 2994 2097 3040; x_wconf 72' lang='lat' dir='ltr'>necessaria</span> <span class='ocrx_word' id='word_1_294' title='bbox 2118 3001 2224 3039; x_wconf 71' lang='lat' dir='ltr'>sunt</span> 
     </span>
     <span class='ocr_line' id='line_1_32' title="bbox 202 3071 2224 3136; baseline -0.001 -15"><span class='ocrx_word' id='word_1_295' title='bbox 202 3077 233 3100; x_wconf 76' lang='lat'>⁴⁴</span> <span class='ocrx_word' id='word_1_296' title='bbox 258 3082 354 3122; x_wconf 82' lang='lat' dir='ltr'>tam</span> <span class='ocrx_word' id='word_1_297' title='bbox 375 3077 561 3135; x_wconf 80' lang='lat' dir='ltr'>corpori</span> <span class='ocrx_word' id='word_1_298' title='bbox 581 3071 722 3136; x_wconf 70' lang='lat' dir='ltr'>qudm</span> <span class='ocrx_word' id='word_1_299' title='bbox 752 3077 915 3122; x_wconf 81' lang='lat' dir='ltr'>animae</span> <span class='ocrx_word' id='word_1_300' title='bbox 933 3093 949 3121; x_wconf 92' lang='lat'>.·</span> <span class='ocrx_word' id='word_1_301' title='bbox 985 3081 1031 3121; x_wconf 79' lang='lat' dir='ltr'>et</span> <span class='ocrx_word' id='word_1_302' title='bbox 1051 3077 1190 3121; x_wconf 80' lang='lat' dir='ltr'>etiam</span> <span class='ocrx_word' id='word_1_303' title='bbox 1213 3077 1268 3121; x_wconf 88' lang='lat' dir='ltr'>de</span> <span class='ocrx_word' id='word_1_304' title='bbox 1289 3091 1474 3121; x_wconf 78' lang='lat' dir='ltr'>numero</span> <span class='ocrx_word' id='word_1_305' title='bbox 1495 3075 1622 3121; x_wconf 75' lang='lat' dir='ltr'>Deus</span> <span class='ocrx_word' id='word_1_306' title='bbox 1644 3075 1812 3134; x_wconf 75' lang='lat' dir='ltr'>impari</span> <span class='ocrx_word' id='word_1_307' title='bbox 1829 3076 2019 3136; x_wconf 82' lang='lat' dir='ltr'>gaudet,</span> <span class='ocrx_word' id='word_1_308' title='bbox 2043 3085 2090 3121; x_wconf 79' lang='lat' dir='ltr'>et</span> <span class='ocrx_word' id='word_1_309' title='bbox 2121 3076 2224 3120; x_wconf 74' lang='lat' dir='ltr'>ideo</span> 
     </span>
     <span class='ocr_line' id='line_1_33' title="bbox 202 3152 2219 3217; baseline 0 -14"><span class='ocrx_word' id='word_1_310' title='bbox 202 3157 233 3180; x_wconf 90' lang='grc'>“</span> <span class='ocrx_word' id='word_1_311' title='bbox 256 3159 460 3217; x_wconf 75' lang='lat' dir='ltr'>impares</span> <span class='ocrx_word' id='word_1_312' title='bbox 475 3157 705 3201; x_wconf 71' lang='lat' dir='ltr'>orationes</span> <span class='ocrx_word' id='word_1_313' title='bbox 731 3153 786 3216; x_wconf 84' lang='lat' dir='ltr'>[i.</span> <span class='ocrx_word' id='word_1_314' title='bbox 813 3170 852 3201; x_wconf 87' lang='lat' dir='ltr'>e.</span> <span class='ocrx_word' id='word_1_315' title='bbox 876 3158 1072 3215; x_wconf 77' lang='lat' dir='ltr'>impares</span> <span class='ocrx_word' id='word_1_316' title='bbox 1094 3158 1346 3202; x_wconf 77' lang='lat' dir='ltr'>orationum</span> <span class='ocrx_word' id='word_1_317' title='bbox 1368 3152 1569 3215; x_wconf 79' lang='lat' dir='ltr'>numeri]</span> <span class='ocrx_word' id='word_1_318' title='bbox 1589 3161 1695 3202; x_wconf 72' lang='lat' dir='ltr'>sunt</span> <span class='ocrx_word' id='word_1_319' title='bbox 1716 3157 1766 3201; x_wconf 79' lang='lat' dir='ltr'>in</span> <span class='ocrx_word' id='word_1_320' title='bbox 1781 3155 1943 3200; x_wconf 72' lang='lat' dir='ltr'>Missis</span> <span class='ocrx_word' id='word_1_321' title='bbox 1965 3156 2219 3203; x_wconf 83' lang='lat' dir='ltr'>dicendae.’&#39;</span> 
     </span>
    </p>

    <p class='ocr_par' dir='ltr' id='par_1_13' title="bbox 205 3233 2220 3542">
     <span class='ocr_line' id='line_1_34' title="bbox 267 3233 2220 3298; baseline -0.001 -15"><span class='ocrx_word' id='word_1_322' title='bbox 267 3242 289 3264; x_wconf 87' lang='lat'>⁰</span> <span class='ocrx_word' id='word_1_323' title='bbox 314 3236 378 3283; x_wconf 89' lang='lat' dir='ltr'>In</span> <span class='ocrx_word' id='word_1_324' title='bbox 401 3236 550 3283; x_wconf 72' lang='lat' dir='ltr'>BreV.</span> <span class='ocrx_word' id='word_1_325' title='bbox 570 3234 736 3281; x_wconf 74' lang='lat' dir='ltr'>Heres.</span> <span class='ocrx_word' id='word_1_326' title='bbox 754 3240 803 3281; x_wconf 87' lang='lat' dir='ltr'>et</span> <span class='ocrx_word' id='word_1_327' title='bbox 817 3235 962 3282; x_wconf 88' lang='lat' dir='ltr'>Ebor.</span> <span class='ocrx_word' id='word_1_328' title='bbox 984 3235 1164 3297; x_wconf 86' lang='lat' dir='ltr'>Gough</span> <span class='ocrx_word' id='word_1_329' title='bbox 1180 3236 1208 3282; x_wconf 88' lang='lat'>6</span> <span class='ocrx_word' id='word_1_330' title='bbox 1230 3234 1298 3296; x_wconf 85' lang='lat' dir='ltr'>(v.</span> <span class='ocrx_word' id='word_1_331' title='bbox 1313 3251 1360 3298; x_wconf 88' lang='lat' dir='ltr'>p.</span> <span class='ocrx_word' id='word_1_332' title='bbox 1377 3233 1519 3295; x_wconf 81' lang='lat' dir='ltr'>xxvi)</span> <span class='ocrx_word' id='word_1_333' title='bbox 1536 3233 1769 3282; x_wconf 88' lang='lat' dir='ltr'>Officium</span> <span class='ocrx_word' id='word_1_334' title='bbox 1787 3233 2104 3295; x_wconf 88' lang='lat' dir='ltr'>Completorii</span> <span class='ocrx_word' id='word_1_335' title='bbox 2122 3250 2220 3281; x_wconf 89' lang='lat' dir='ltr'>non</span> 
     </span>
     <span class='ocr_line' id='line_1_35' title="bbox 205 3314 2220 3378; baseline -0 -16"><span class='ocrx_word' id='word_1_336' title='bbox 205 3316 255 3362; x_wconf 90' lang='lat' dir='ltr'>in</span> <span class='ocrx_word' id='word_1_337' title='bbox 288 3316 547 3372; x_wconf 83' lang='lat' dir='ltr'>Psalterio,</span> <span class='ocrx_word' id='word_1_338' title='bbox 571 3315 657 3362; x_wconf 87' lang='lat' dir='ltr'>sed</span> <span class='ocrx_word' id='word_1_339' title='bbox 686 3315 739 3362; x_wconf 89' lang='lat' dir='ltr'>in</span> <span class='ocrx_word' id='word_1_340' title='bbox 773 3315 973 3378; x_wconf 89' lang='lat' dir='ltr'>Proprio</span> <span class='ocrx_word' id='word_1_341' title='bbox 1007 3316 1066 3362; x_wconf 90' lang='lat' dir='ltr'>de</span> <span class='ocrx_word' id='word_1_342' title='bbox 1101 3316 1340 3378; x_wconf 83' lang='lat' dir='ltr'>Tempore</span> <span class='ocrx_word' id='word_1_343' title='bbox 1375 3315 1478 3363; x_wconf 86' lang='lat' dir='ltr'>solo</span> <span class='ocrx_word' id='word_1_344' title='bbox 1501 3315 1713 3362; x_wconf 86' lang='lat' dir='ltr'>docetur.</span> <span class='ocrx_word' id='word_1_345' title='bbox 1784 3314 2024 3362; x_wconf 69' lang='lat' dir='ltr'>Breviorii</span> <span class='ocrx_word' id='word_1_346' title='bbox 2055 3321 2220 3362; x_wconf 80' lang='lat' dir='ltr'>autem</span> 
     </span>
     <span class='ocr_line' id='line_1_36' title="bbox 207 3394 2220 3457; baseline -0.002 -13"><span class='ocrx_word' id='word_1_347' title='bbox 207 3396 581 3445; x_wconf 83' lang='lat' dir='ltr'>Herefordensis</span> <span class='ocrx_word' id='word_1_348' title='bbox 624 3396 919 3445; x_wconf 83' lang='lat' dir='ltr'>AEstivalem</span> <span class='ocrx_word' id='word_1_349' title='bbox 960 3400 1152 3445; x_wconf 73' lang='lat' dir='ltr'>tantum</span> <span class='ocrx_word' id='word_1_350' title='bbox 1195 3396 1392 3445; x_wconf 83' lang='lat' dir='ltr'>Partem</span> <span class='ocrx_word' id='word_1_351' title='bbox 1432 3396 1573 3444; x_wconf 84' lang='lat' dir='ltr'>nobis</span> <span class='ocrx_word' id='word_1_352' title='bbox 1616 3395 1816 3457; x_wconf 88' lang='lat' dir='ltr'>quidem</span> <span class='ocrx_word' id='word_1_353' title='bbox 1856 3394 2012 3442; x_wconf 79' lang='lat' dir='ltr'>adhuc</span> <span class='ocrx_word' id='word_1_354' title='bbox 2055 3394 2220 3441; x_wconf 85' lang='lat' dir='ltr'>videre</span> 
     </span>
     <span class='ocr_line' id='line_1_37' title="bbox 205 3478 723 3542; baseline -0.002 -16"><span class='ocrx_word' id='word_1_355' title='bbox 205 3479 443 3542; x_wconf 85' lang='lat' dir='ltr'>contigit:</span> <span class='ocrx_word' id='word_1_356' title='bbox 479 3495 528 3526; x_wconf 80' lang='lat' dir='ltr'>v.</span> <span class='ocrx_word' id='word_1_357' title='bbox 553 3494 599 3541; x_wconf 84' lang='lat' dir='ltr'>p.</span> <span class='ocrx_word' id='word_1_358' title='bbox 623 3478 723 3526; x_wconf 82' lang='lat' dir='ltr'>xix.</span> 
     </span>
    </p>

    <p class='ocr_par' dir='ltr' id='par_1_14' title="bbox 1167 3563 1264 3611">
     <span class='ocr_line' id='line_1_38' title="bbox 1167 3563 1264 3611; baseline -0.01 0"><span class='ocrx_word' id='word_1_359' title='bbox 1167 3575 1204 3611; x_wconf 84' lang='lat'>1&gt;</span> <span class='ocrx_word' id='word_1_360' title='bbox 1229 3563 1264 3610; x_wconf 84' lang='lat'>2</span> 
     </span>
    </p>
   </div>
  </div>
 </body>
</html>
