2910 4457
612 381 695 446 81»
1526 398 1767 440 sunno

680 513 764 562 Ad
786 512 1199 561 annuntiandum
1224 523 1375 561 mane
1402 512 1609 560 miseri-

614 576 839 625 cordiam
873 580 1054 624 tuam.
1075 579 1124 622 et
1162 574 1423 624 veritatem
1463 580 1608 623 tuam

617 649 707 699 per
728 641 944 685 noctem.

679 700 739 747 In
759 697 1062 747 decachordo
1075 697 1344 757 psalterio·
1361 709 1480 746 cum
1497 707 1611 745 can·

618 760 745 820 ticO,
766 760 820 807 in
842 759 1055 807 cithara.

679 821 814 882 Quia
828 820 1085 869 delectasti
1105 831 1188 868 me
1210 819 1357 868 Due
1342 832 1396 867 ιιι
1417 819 1609 868 factura

616 887 705 932 tua
744 898 758 933 ι
794 887 843 930 et
872 882 927 930 in
963 883 1201 942 operibus
1230 894 1481 930 manuum
1505 887 1614 930 tua·-

620 957 739 993 rum
768 945 1016 994 exultabo.

680 1006 850 1078 Quam
873 1005 1196 1067 magnificata
1215 1010 1337 1053 sunt
1356 1009 1612 1066 operatua

619 1067 759 1118 Due:
777 1069 933 1116 nimis
951 1068 1209 1128 prosundae
1231 1067 1368 1116 factae
1389 1072 1514 1116 sunt
1531 1079 1615 1115 co·-

623 1130 890 1202 gitationes
909 1135 1027 1178 tuae.

680 1192 776 1241 Vir
816 1191 1062 1250 insipiens
1093 1202 1194 1238 non
1224 1194 1539 1251 cognoscet.
1565 1193 1613 1239 et

620 1254 809 1302 stultus
825 1265 924 1300 ιιοιι
950 1252 1193 1313 intelliget
1219 1252 1342 1300 haec.

683 1313 813 1363 Cum
835 1315 990 1362 exorti
1011 1314 1200 1362 suerint
1230 1317 1510 1373 peccatores
1543 1312 1615 1361 si-

618 1380 705 1423 cut
735 1375 966 1424 l'oenum:
994 1381 1042 1423 et
1078 1376 1405 1447 apparuerint
1436 1387 1615 1423 omuoe

619 1438 710 1498 qui
736 1442 1008 1509 operantur
1036 1437 1394 1497 iniquitatem:

681 1499 751 1548 Ut
772 1500 1020 1548 intereant
1043 1499 1097 1547 in
1129 1500 1371 1547 saeculum
1403 1497 1613 1548 saeculi:

620 1564 703 1671 {31
719 1566 889 1610 autem
929 1559 1235 1611 Altissimus
1275 1562 1330 1609 in
1368 1565 1615 1610 aeternum

676 1636 756 1671 ne.

683 1684 939 1744 Quoniam
975 1696 1086 1732 ecce
1125 1683 1325 1731 inimici
1361 1665 1437 1731 tui
1473 1683 1612 1742 Due,

619 1746 863 1804 quoniam
888 1757 997 1793 ecce
1017 1745 1216 1793 inimici
1236 1745 1313 1792 tui
1339 1745 1614 1816 peribunt.

619 1811 669 1853 et
701 1807 1055 1878 dispergentur
1081 1817 1257 1853 omnes
1291 1806 1380 1866 qui
1403 1818 1617 1866 operan-

620 1872 706 1915 tur
727 1868 1069 1939 iniquitatem.

682 1928 748 1977 Et
806 1927 1106 1977 exaltabitur
1163 1927 1296 1976 sicut
1353 1927 1618 1977 unicornis

624 2001 783 2039 cornu
797 2003 1000 2039 meum:
1016 1995 1065 2038 et
1075 1995 1305 2039 senectus
1318 2001 1432 2038 mea
1448 1991 1501 2038 in
1518 1990 1619 2039 mi-

626 2053 901 2102 sericordia
921 2052 1084 2101 uberi.

684 2114 749 2164 Et
770 2115 995 2175 despexit
1014 2113 1190 2162 oculus
1210 2124 1358 2161 meus
1382 2112 1619 2162 inimicos

622 2181 796 2228 meos:
818 2182 868 2226 et
892 2175 1277 2238 insurgentibus
1311 2175 1365 2223 in
1395 2187 1479 2223 me
1500 2187 1619 2225 ma-

624 2240 942 2301 lignantibus
959 2240 1129 2288 audiet
1148 2239 1289 2286 auris
1310 2250 1441 2286 mea.

687 2303 720 2351 J
724 2307 867 2351 ustus
883 2307 940 2349 ut
956 2302 1124 2362 palma
1142 2300 1372 2350 florebit:
1389 2299 1523 2348 sicut
1542 2310 1620 2349 ce-

623 2362 751 2413 drus
777 2364 958 2412 Libani
978 2361 1419 2433 multiplicabitur.

685 2425 906 2474 Plantati
931 2425 984 2472 in
1009 2425 1161 2472 domo
1193 2423 1347 2473 Dni:
1380 2423 1437 2471 ιιι
1472 2423 1619 2472 atriis

624 2488 810 2535 domus
825 2486 917 2533 Dei
939 2485 1099 2532 nostri
1120 2484 1389 2532 florebunt.

687 2546 872 2595 Adhuc
920 2544 1397 2605 multiplicabuntur
1432 2545 1488 2593 in
1541 2557 1620 2594 se-

624 2613 766 2659 necta
784 2607 962 2656 uberi:
977 2611 1026 2655 et
1040 2607 1165 2655 bene
1186 2605 1430 2666 patientes
1447 2610 1617 2667 erunt,

625 2676 684 2719 ut
701 2668 1026 2729 annuntient,

686 2733 943 2804 Quoniam
960 2735 1127 2780 rectus
1141 2729 1250 2779 Diis
1265 2729 1402 2779 Deus
1418 2735 1620 2782 noster·

625 2799 676 2844 et
698 2808 796 2844 non
820 2798 894 2843 est
919 2794 1165 2855 iniquitas
1186 2793 1239 2841 in
1263 2806 1425 2842 eo..

687 2856 862 2906 Gloria
883 2856 1044 2904 Patri.
1069 2857 1134 2904 A.
1156 2855 1357 2905 Bonum
1390 2858 1468 2903 est
1502 2865 1622 2903 con-

632 2917 763 2966 fiteri
784 2918 915 2966 Duo,

690 2981 753 3027 A.
801 2979 1036 3028 Metuant
1084 2978 1221 3028 Dnm
1269 2991 1446 3028 omnes
1494 2978 1622 3027 fines

630 3044 794 3090 terrae.
812 3039 906 3086 Ps.
926 3039 1063 3086 Deus
1080 3039 1218 3089 Deus
1237 3054 1402 3089 meus.
1429 3042 1496 3099 (p.
1520 3039 1617 3097 12.)

716 3100 984 3149 Canticum
1002 3100 1191 3160 Moysi.
1212 3102 1348 3150 Deut
1363 3101 1542 3162 aeaeoet‘j.

633 3163 862 3276 Audite
890 3162 1001 3210 coeli
1035 3174 1146 3233 qut-e
1187 3163 1421 3223 loquor.
1448 3163 1624 3214 audiat

725 3230 860 3275 terra
878 3226 1029 3274 verba
1051 3223 1155 3273 oris
1175 3227 1294 3274 mei.

691 3287 987 3336 concrescat
1047 3291 1105 3334 ut
1164 3288 1335 3346 pluvia
1395 3286 1622 3336 doctrina

629 3360 780 3398 mea·
801 3349 926 3396 fluat
946 3354 1106 3397 utros
1125 3350 1381 3409 eloquium
1401 3361 1594 3397 meum.

691 3410 852 3483 Quasi
892 3410 1055 3460 imber
1096 3421 1248 3470 super
1292 3411 1521 3471 herbam,
1575 3415 1623 3459 et

629 3473 776 3533 quasi
812 3470 960 3521 stillae
996 3484 1148 3532 super
1179 3472 1455 3531 gramina.
1501 3471 1622 3533 quia

631 3547 817 3586 nomen
842 3534 947 3585 Dixi
972 3534 1249 3583 invocabo·

1766 509 1891 558 Date
1912 508 2342 569 magnificentiam
2363 508 2469 559 Deo
2486 515 2668 560 nostro
2698 526 2713 565 :

1703 571 1796 620 Dei
1810 571 2024 631 perfecta
2034 576 2155 619 sunt
2168 584 2333 632 opera,
2349 576 2399 620 et
2412 584 2591 622 omnes
2607 574 2716 623 vioe

1705 633 1819 694 ejus
1835 633 2048 692 judicia.

1767 696 1904 743 Deus
1924 695 2087 743 fidelis
2109 699 2158 743 et
2173 695 2362 755 absque
2382 694 2484 742 ulla
2507 695 2721 756 iniqui-

1705 760 1831 815 tate,
1854 757 2026 816 justus
2058 761 2106 804 et
2137 762 2337 806 rectus:
2369 763 2718 815 peccaverunt

1705 818 1771 879 ei,
1795 825 1844 866 et
1859 831 1960 866 non
1979 817 2072 866 filii
2088 819 2201 878 ejus
2219 820 2274 866 in
2296 819 2550 867 sordibus,

1769 881 2035 928 Generatio
2066 893 2219 940 prava
2255 884 2405 941 atque
2430 893 2673 940 perversa
2699 898 2714 931 ι

1706 941 1927 990 baeccine
1967 943 2137 991 reddis
2170 943 2300 1003 Duo,
2339 944 2519 1002 popule
2551 945 2718 995 stulte

1707 1009 1757 1052 et
1782 1004 2064 1063 insipiens?

1770 1066 2016 1125 Nunquid
2039 1078 2140 1113 non
2161 1065 2267 1125 ipse
2286 1069 2361 1113 est
2381 1070 2523 1125 pater
2545 1069 2671 1115 tuus
2698 1081 2713 1115 :

1709 1127 1799 1187 qui
1821 1128 2039 1185 possedit
2057 1133 2121 1186 te,
2145 1133 2192 1175 et
2213 1128 2326 1175 fecit
2344 1131 2393 1176 et
2413 1129 2604 1176 creavit
2624 1129 2715 1178 te?

1771 1189 2027 1239 Memento
2067 1190 2267 1237 dierum
2334 1191 2712 1249 antiquorum:

1709 1251 1870 1310 cogita
1895 1251 2240 1310 generationes
2261 1250 2527 1311 singulas:

1771 1313 2031 1372 Interroga
2045 1318 2240 1372 patrem
2259 1317 2425 1371 tuum,
2437 1318 2486 1361 et
2500 1325 2717 1361 annun-

1708 1372 1856 1482 tissbit
1893 1375 2026 1423 tibi:
2058 1375 2278 1434 majores
2313 1378 2444 1436 tuOS,
2468 1379 2518 1423 et
2539 1375 2716 1423 dicent

1710 1435 1750 1482 ti
1790 1448 1806 1482 1

1772 1495 1990 1556 Quando
1999 1496 2253 1545 dividebat
2265 1496 2566 1545 Altissimus
2579 1496 2718 1548 Gen·

1711 1562 1822 1607 tes:
1845 1559 2049 1620 quando
2075 1560 2337 1618 separabat
2364 1560 2494 1606 filios
2515 1557 2715 1620 Adam,

1774 1619 2049 1669 Constituit
2083 1621 2327 1668 terminos
2358 1622 2716 1680 populorum.

1707 1682 1849 1742 juxta
1876 1695 2151 1730 numerum
2172 1682 2393 1730 tiliorum
2416 1683 2592 1731 Israel.

1775 1745 1902 1792 Pars
1932 1749 2101 1792 autem
2133 1745 2261 1802 Βῑιι,
2303 1745 2515 1803 populus
2552 1744 2713 1803 ejus·
2700 1782 2713 1794 .

1710 1805 1865 1854 Jacob
1888 1805 2147 1854 funiculus
2171 1806 2479 1855 baereditatis
2498 1807 2633 1865 eJ'us.

1773 1867 1976 1915 Invenit
1996 1880 2112 1916 eum
2139 1868 2194 1915 in
2228 1873 2359 1915 terra
2392 1868 2589 1916 deserta
2616 1882 2631 1917 ι
2657 1868 2715 1917 ιιι

1712 1930 1819 1977 loco
1846 1929 2073 1977 horroris
2091 1934 2141 1977 et
2160 1935 2313 1978 vastae
2332 1930 2628 1978 solitudinis
2650 1946 2665 1980 t

1775 1990 2109 2040 Circunduxit
2149 2004 2266 2040 eum
2312 1997 2360 2039 et
2399 1992 2573 2040 docuit
2611 2006 2626 2039 ε
2665 1997 2716 2040 et

1713 2053 1983 2101 custodivit
2002 2052 2148 2113 quasi
2177 2053 2419 2112 pupillam
2441 2053 2574 2100 oculi
2606 2054 2714 2102 sui.

1776 2114 1916 2163 Sicut
1940 2116 2110 2174 aquila
2151 2127 2427 2173 provocans
2449 2114 2511 2162 ad
2535 2115 2718 2163 volan-

1713 2176 1839 2286 ἷιιιιιι
1875 2176 2039 2237 pullos
2061 2188 2181 2225 suos
2213 2191 2227 2226 ε
2259 2181 2309 2225 et
2336 2188 2487 2236 super
2514 2189 2600 2225 eos
2623 2189 2714 2226 vo-

1735 2239 1895 2299 itan83

1777 2300 2028 2361 Expendit
2054 2300 2161 2349 alas
2188 2311 2309 2348 suas
2350 2305 2400 2349 et
2431 2301 2717 2361 assumpsit

1714 2374 1832 2434 eum
1864 2377 1878 2411 t
1924 2367 2075 2423 atque
2119 2362 2336 2423 portavit
2378 2363 2432 2410 in
2477 2363 2716 2412 humeris

1715 2436 1843 2473 suis.

1776 2485 1886 2532 Dfis
1919 2485 2057 2534 solus
2084 2486 2186 2534 dux
2213 2484 2327 2544 ejus
2358 2482 2455 2532 mit
2485 2499 2499 2534 z
2527 2488 2578 2532 et
2608 2498 2716 2535 non

1715 2550 1823 2596 erat
1843 2558 1961 2594 cum
1977 2560 2034 2595 eo
2053 2548 2195 2596 Deus
2211 2547 2426 2595 alienus,

1778 2606 2051 2657 Constituit
2101 2621 2220 2657 eum
2261 2620 2412 2668 super
2462 2608 2716 2658 excelsam

1715 2673 1905 2719 terram
1930 2685 1943 2721 z
1969 2675 2027 2719 ut
2045 2672 2327 2720 comederet
2347 2671 2544 2718 fructus
2563 2681 2720 2731 agro-

1721 2744 1861 2780 rum.

1781 2795 1849 2842 Ut
1883 2797 2081 2852 sugeret
2110 2793 2209 2841 mel
2232 2793 2293 2842 de
2317 2799 2494 2853 petra.
2518 2792 2721 2842 oleum—

1717 2866 1816 2917 que
1835 2855 1898 2904 de
1917 2868 2034 2904 saxo
2053 2856 2366 2905 durissimo:

1779 2917 2030 2977 Butyrum
2070 2919 2133 2967 de
2163 2922 2410 2976 armento,
2454 2919 2503 2963 et
2535 2915 2613 2965 lac
2654 2916 2724 2965 de

1717 2979 1924 3027 ovibus:
1948 2992 2067 3027 cum
2089 2980 2235 3038 adipe
2250 2990 2502 3039 agnorum
2517 2983 2567 3026 et
2581 2978 2726 3026 arie-

1717 3046 1830 3088 tum
1853 3040 2075 3088 filiorum
2098 3042 2303 3090 Basan·
2291 3078 2304 3089 .

1780 3102 1843 3150 Et
1865 3102 2030 3150 hircos
2048 3114 2166 3151 cum
2200 3102 2420 3152 medulla
2444 3101 2606 3149 tritici
2633 3117 2647 3151 ι
2669 3108 2724 3151 et

1717 3164 2023 3223 sanguinem
2055 3176 2167 3212 uvae
2203 3165 2395 3214 biberet
2425 3164 2725 3212 meracissi-

1723 3237 1889 3273 mum.

1780 3287 2099 3336 Incrassatus
2113 3291 2187 3336 σει
2205 3287 2435 3347 dilectuS,
2450 3290 2500 3336 et
2515 3286 2727 3335 recalci-

1717 3349 1922 3398 travit:
1952 3349 2287 3409 incrassatuS,
2328 3349 2723 3410 impinguatus,

1719 3411 1977 3459 dilatatus,

1780 3472 2060 3534 Dei-eliquit
2081 3472 2241 3522 Deum
2260 3470 2498 3520 factorem
2519 3484 2723 3522 5ιιιιιιι.

1718 3537 1768 3582 et
1790 3535 1994 3584 recessit
2014 3547 2045 3583 a
2073 3534 2177 3584 Deo
2207 3533 2420 3583 salutari
2441 3545 2556 3583 suo.
