2910 4457
1068 370 1143 411 An
1184 369 1410 411 mannus.
2196 357 2279 422 85

276 480 670 532 provocaverunt
700 493 820 533 enm
858 484 913 533 in
942 484 1043 534 diis
1072 485 1195 535 alie-

225 541 295 590 nis
322 548 399 593 :et
429 545 483 592 in
520 546 987 595 abominationibus
1007 547 1070 596 ad
1092 547 1195 596 ira-

223 605 438 653 cundiam
463 609 863 655 concitaverunt.

271 666 661 724 Immolayerunt
697 669 978 728 daemoniiS‚
1001 674 1050 720 et
1088 682 1190 719 non

220 725 307 776 neo
322 743 335 777 ε
351 730 448 778 diis
472 743 603 790 quos
629 732 944 790 ignorabant.

270 790 389 838 Novi
416 798 739 852 recentesque
758 798 1002 840 venerunt
1026 807 1039 840 ε
1065 804 1193 853 quos

220 860 305 897 non
324 852 590 901 coluerunt
613 860 779 913 patres
798 867 990 902 eorum.

267 912 419 961 Deum
442 916 532 974 qui
555 921 602 963 te
626 917 816 975 genuit,
840 915 1155 976 dereliquisti
1175 929 1191 966 t

217 974 444 1023 etoblitus
463 989 517 1024 es
538 977 641 1025 1)ῇί
665 977 914 1025 Creatoris
938 979 1033 1025 tui.

266 1034 399 1083 Vidit
416 1038 544 1096 Das,
572 1043 620 1086 et
641 1040 701 1086 ad
725 1039 1043 1088 iracundiam
1074 1051 1193 1087 con-

214 1095 379 1146 citatus
394 1106 470 1147 est
487 1117 500 1150 :
518 1101 643 1160 quia
663 1107 1060 1161 provocaverunt
1076 1113 1192 1149 eum

215 1156 296 1205 filii
315 1161 391 1208 sui
407 1167 454 1209 et
470 1163 608 1211 filiae.

264 1219 322 1268 Et
341 1223 425 1281 ait,
453 1223 785 1273 Abscondam
823 1223 998 1273 faciem
1028 1236 1192 1272 meam

214 1279 269 1328 ab
285 1283 379 1333 eis>
396 1291 443 1334 et
459 1286 788 1335 considerabo
805 1287 1083 1335 novissima
1103 1298 1194 1334 eo-

216 1352 336 1392 rum.

219 1461 228 1471 ·
267 1404 522 1458 Generatio
549 1409 690 1458 enim
726 1421 957 1469 perversa
984 1413 1059 1457 est
1096 1423 1110 1459 ε
1145 1412 1194 1458 et

215 1465 421 1517 infideles
440 1471 554 1519 filii.

266 1528 359 1587 Ipsi
395 1544 476 1580 me
510 1535 912 1593 provocaverunt
942 1531 996 1580 in
1025 1545 1082 1580 eo
1102 1532 1191 1592 qui

215 1596 303 1635 non
334 1598 436 1640 erat
469 1595 612 1643 Deus
644 1610 658 1643 ε
685 1600 733 1642 et
765 1594 1096 1643 irritaverunt
1137 1595 1191 1642 in

215 1653 512 1704 vanitatibus
533 1656 645 1705 suis
669 1671 683 1705 z

264 1710 323 1760 Et
337 1727 426 1776 ego
442 1719 722 1777 provocabo
734 1730 818 1766 eos
833 1717 887 1766 in
909 1730 967 1766 eo
980 1716 1070 1777 qui
1088 1730 1191 1767 non

215 1777 548 1887 {Ropossulusz
572 1784 623 1828 et
646 1780 698 1827 in
723 1784 868 1839 gente
891 1780 1044 1827 stulta
1068 1779 1193 1829 irri-

344 1852 358 1885 1
397 1853 472 1889 os.

265 1897 403 1958 Ignis
414 1914 692 1952 succensus
707 1906 780 1950 est
796 1901 848 1949 in
869 1900 1033 1950 furore
1047 1914 1158 1951 meo
1177 1917 1191 1952 t

216 1959 258 2028 et
287 1963 479 2012 ardebit
511 1978 673 2026 usque
705 1965 768 2014 ad
803 1963 989 2013 inferni
1022 1965 1194 2014 novis-

217 2028 370 2071 suna:

260 2081 630 2152 Devorabitque
673 2093 860 2137 terram
914 2099 1030 2136 cum
1081 2099 1195 2146 ger-

210 2151 342 2192 mine
365 2159 459 2194 suo
485 2163 499 2196 t
521 2153 571 2195 et
590 2150 841 2198 montium
865 2150 1193 2199 fundamenta

216 2208 491 2257 comburet.

265 2266 592 2338 Congregabo
626 2283 772 2330 super
805 2285 887 2321 eos
926 2273 1059 2321 mala
1096 2288 1109 2323 :
1145 2277 1194 2322 et

213 2335 415 2386 sagittas
435 2345 576 2381 meas
596 2334 845 2393 complebo
868 2335 920 2381 in
945 2335 1036 2382 eis,

269 2389 642 2444 Consumentur
681 2394 810 2445 same
849 2411 863 2445 ε
904 2401 952 2443 et
987 2397 1195 2444 devora-

213 2448 330 2499 bunt
353 2468 436 2505 eos
457 2469 576 2505 aves
598 2470 770 2506 morsu
791 2457 1130 2506 amarissimo,

268 2513 446 2567 Dentes
495 2519 773 2568 bestiarum
816 2520 1091 2569 immittam
1137 2519 1190 2567 in

215 2582 458 2629 cosmum
488 2582 658 2629 surore
693 2582 1005 2629 trahentium
1044 2593 1193 2641 super

216 2636 388 2688 terram
404 2648 557 2703 atque
580 2644 913 2701 serpentium.

217 2697 728 2813 ¹¹foi-isvastabitevos
743 2704 943 2763 gladius
959 2716 972 2750 t
987 2706 1035 2750 et
1055 2702 1196 2749 intus

274 2770 370 2811 vor.

269 2820 509 2877 Juvenem
568 2826 725 2874 simul
777 2837 835 2872 ac
893 2823 1145 2883 virginem
1180 2838 1195 2872 ι

217 2874 462 2938 lactentem
486 2900 607 2937 cum
628 2887 832 2934 homine
857 2898 993 2934 sene.

269 2942 332 2993 Et
367 2951 498 3009 dixi,
545 2950 769 2999 Ubinam
806 2949 964 2996 sunt?
1007 2958 1197 2996 cessare

221 2998 383 3058 faciam
439 3026 499 3062 ex
553 3012 849 3060 hominibus
893 3009 1194 3060 memoriam

217 3073 396 3121 florum.

273 3128 360 3200 Sed
380 3140 579 3195 propter
602 3135 729 3184 iram
752 3134 1079 3183 inimicorum
1090 3133 1196 3182 dis-

219 3187 307 3296 {¹3¹1
337 3208 350 3242 z
392 3211 454 3247 ne
499 3197 621 3248 forte
661 3198 980 3257 superbirent
1028 3196 1195 3245 hostes

271 3263 411 3319 rum3

273 3310 334 3362 Et
346 3319 584 3377 dicerent,
599 3320 786 3369 Manus
801 3326 970 3369 nostra
980 3320 1193 3369 excelsa:

219 3373 264 3418 et
280 3385 376 3426 non
398 3382 508 3430 Diis
531 3381 641 3430 fecit
661 3383 764 3432 haec
784 3383 975 3431 omnia.

273 3435 405 3490 Gens
424 3444 613 3502 absque
629 3445 837 3493 consilio
873 3449 965 3502 est,
1000 3448 1049 3492 et
1085 3441 1196 3491 sine

220 3500 510 3554 Prudentia:
542 3506 740 3554 utinam
770 3509 1003 3565 saperent
1036 3508 1085 3552 et
1107 3504 1197 3552 in·-

1289 483 1592 592 teilitgerent,
1630 497 1690 535 ac
1727 487 2005 538 novissima
2042 490 2282 552 provide-

1288 558 1377 594 ren
1407 581 1420 594 .

1351 608 2282 671 Quomodopersequebaturunusmil-

1288 668 1361 718 le:
1383 677 1429 717 et
1449 671 1551 719 duo
1575 671 1806 730 fugarent
1827 675 1997 722 decem
2022 676 2218 724 millia?

1350 731 1528 780 Nonne
1550 733 1675 790 ideo,
1705 735 1824 793 quia
1855 736 1989 783 Deus
2013 749 2139 785 suus
2162 750 2285 786 ven-

1287 792 1416 840 didit
1441 805 1525 840 eos
1550 808 1562 841 :
1588 801 1636 841 et
1656 795 1764 841 Diis
1785 798 2028 845 conclusit
2052 799 2198 848 illos?

1354 853 1466 902 Non
1490 855 1626 901 enim
1649 861 1722 901 cst
1749 856 1884 904 Deus
1917 865 2083 907 noster
2118 866 2173 908 ut
2206 859 2281 909 dit

1288 926 1504 1024 garum:
1537 920 1585 962 et
1621 915 1819 965 inimici
1856 921 2014 966 nostri
2055 928 2177 969 sunt
2197 923 2284 982 ju-

1324 989 1441 1024 iceS.

1349 1038 1422 1086 De
1457 1038 1605 1087 vinea
1626 1039 1988 1099 Sodomorum,
2013 1041 2157 1092 vinea
2198 1057 2304 1094 eo-¹

1288 1112 1407 1147 rum
1427 1102 1585 1149 :etde
1614 1103 1923 1150 suburbanis
1966 1103 2278 1156 Gomorrhae.

1351 1163 1460 1210 Uva
1502 1175 1676 1212 eorum
1712 1177 1812 1213 uva
1849 1165 1978 1213 sellis
2017 1181 2030 1216 ε
2063 1171 2112 1215 et
2150 1168 2281 1216 botri

1289 1225 1621 1273 amarissimi.

1350 1285 1436 1334 Fel
1469 1288 1744 1335 draconum
1782 1287 1961 1336 vinum
1993 1301 2169 1339 eorum
2198 1295 2282 1341 :et

1289 1358 1539 1395 venenum
1561 1350 1792 1408 aspidum
1825 1350 2123 1400 insanabile.

1350 1409 1530 1458 Nonne
1548 1411 1650 1458 baec
1662 1412 1862 1460 condita
1878 1419 1999 1459 sunt
2018 1414 2150 1472 apud
2167 1426 2280 1465 me:

1289 1472 1337 1518 et
1358 1471 1555 1528 signata
1577 1473 1629 1518 in
1655 1472 1902 1520 thesauris
1920 1474 2082 1521 meis?

1352 1532 1468 1579 Mea
1489 1539 1563 1579 est
1585 1533 1726 1589 ulti0,
1750 1539 1797 1579 et
1818 1546 1906 1592 ego
1924 1534 2202 1583 retribuam
2226 1535 2280 1583 in

1288 1597 1544 1652 tempore:
1570 1598 1627 1640 ut
1653 1593 1849 1642 labatur
1866 1607 1951 1653 pes
1971 1608 2167 1645 eorum.

1352 1655 1501 1702 Juxta
1553 1659 1627 1703 est
1676 1656 1785 1704 dies
1834 1657 2133 1716 perditionis
2176 1671 2189 1705 :
2233 1662 2283 1708 et

1288 1717 1460 1765 adesse
1483 1716 1721 1765 festinant
1737 1723 1979 1777 tempora.

1350 1779 1378 1825 J
1386 1780 1606 1829 udicabit
1628 1780 1737 1828 Diis
1756 1781 1999 1840 populum
2020 1793 2173 1831 suum
2199 1787 2284 1833 :et

1287 1840 1342 1889 in
1365 1842 1525 1890 servis
1544 1842 1653 1890 suis
1674 1843 1992 1892 miserebitur
2018 1858 2031 1893 z

1349 1903 1553 1952 Videbit
1572 1906 1705 1964 quod
1736 1905 1991 1953 infirmata
2005 1905 2071 1952 sit
2095 1917 2282 1953 manus

1288 1964 1426 2022 eius:
1466 1969 1513 2012 et
1552 1967 1708 2013 clausi
1744 1978 1942 2025 quoque
1977 1966 2280 2026 defecerunt,

1290 2025 1580 2084 residuique
1611 2028 1896 2085 consumpti
1923 2033 2062 2074 sunt.

1351 2086 1414 2135 Et
1435 2087 1589 2144 dicet,
1628 2087 1726 2134 Ubi
1747 2091 1868 2133 sunt
1897 2087 1971 2134 dii
1992 2099 2167 2134 eorum
2192 2088 2281 2136 :in

1292 2148 1482 2207 quibus
1503 2147 1752 2196 habebant
1777 2147 2050 2195 fiduciam?

1352 2209 1426 2258 De
1451 2221 1668 2268 quorum
1702 2208 1925 2257 victimis
1960 2209 2284 2259 comedebant

1289 2271 1464 2330 adipes
1488 2286 1500 2318 t
1526 2277 1574 2320 et
1602 2271 1836 2319 bibebant
1867 2271 2048 2320 vinum
2085 2271 2286 2320 libami-

1293 2345 1418 2381 num
1434 2335 1460 2379 ‘t
1705 2338 1710 2343 ·

1353 2394 1577 2454 Surgant
1608 2399 1656 2443 et
1690 2394 2000 2452 opitulentur
2032 2395 2174 2445 vobis
2201 2400 2285 2445 :et

1290 2456 1345 2505 in
1374 2457 1665 2505 necessitate
1686 2469 1775 2504 vos
1797 2462 2075 2518 protegant.

1353 2518 1532 2567 Videte
1551 2520 1683 2579 quod
1708 2532 1797 2580 ego
1814 2520 1912 2568 sim
1933 2521 2070 2569 solus
2089 2524 2164 2569 :et
2179 2532 2282 2569 non

1291 2581 1357 2628 sit
1370 2580 1504 2628 alius
1524 2582 1659 2629 Deus
1681 2587 1856 2640 praeter
1884 2595 1983 2629 me.

1352 2641 1457 2700 Ego
1473 2644 1696 2690 occidam
1714 2647 1761 2688 et
1782 2654 1872 2699 ego
1889 2643 2055 2689 vivere
2076 2641 2281 2702 faciam;

1292 2703 1570 2761 percutiam
1594 2708 1640 2749 et
1662 2713 1753 2760 ego
1768 2703 1955 2749 sanabo
1978 2717 1990 2749 z
2017 2707 2065 2749 et
2087 2715 2187 2749 non
2209 2707 2285 2750 est

1293 2763 1383 2823 qui
1404 2764 1466 2810 de
1487 2775 1647 2810 manu
1664 2773 1772 2809 mea
1791 2763 1947 2820 possit
1968 2775 2158 2811 eruere.

1356 2824 1553 2871 Levabo
1573 2825 1636 2872 ad
1662 2824 1840 2871 coelum
1872 2836 2085 2872 manum
2117 2836 2282 2874 meam

1294 2887 1342 2933 ct
1363 2885 1528 2933 dicam
1555 2901 1567 2934 :
1593 2885 1720 2933 Vivo
1738 2898 1828 2946 ego
1861 2886 1913 2933 in
1938 2891 2182 2935 aeternum
2206 2901 2219 2934 t

1356 2947 1410 2995 Si
1472 2959 1649 2996 acuero
1710 2953 1765 2996 ut
1824 2947 1993 3007 fulgur
2056 2949 2281 3009 gladium

1293 3020 1466 3057 meum
1490 3024 1501 3056 :
1525 3015 1573 3058 et
1594 3010 1865 3069 arripuerit
1889 3011 2143 3070 ,iudicium
2175 3023 2285 3059 ma-

1293 3083 1392 3119 nus
1410 3085 1521 3121 mea
1538 3109 1551 3131 ‚

1352 3135 1580 3183 Reddam
1605 3133 1849 3183 ultionem
1874 3134 2103 3182 hostibus
2123 3134 2279 3182 meis:

1291 3200 1340 3244 et
1362 3196 1440 3244 his
1462 3198 1550 3256 qui
1568 3197 1781 3244 oderunt
1798 3208 1879 3243 me
1901 3196 2197 3242 retribuam.

1354 3258 1621 3306 Inebriabo
1635 3257 1844 3316 sagittas
1856 3268 1991 3304 meas
2003 3257 2252 3315 sanguine
2269 3271 2283 3303 z

1293 3322 1343 3367 et
1362 3320 1561 3378 gladius
1579 3332 1725 3367 meus
1744 3317 2001 3367 devorabit
2020 3330 2220 3365 carnes:
2252 3378 2262 3388 ·

1357 3381 1430 3429 De
1450 3393 1628 3428 cruore
1652 3381 1962 3429 occisorum:
1985 3384 2033 3427 et
2052 3381 2113 3427 de
2135 3382 2286 3437 capti-

1296 3441 1448 3490 vitate
1475 3442 1650 3490 nudati
1671 3441 1998 3489 inimicorum
2020 3440 2216 3498 capitis.

1354 3503 1577 3553 Laudate
1614 3503 1802 3553 Gentes
1841 3501 2081 3561 populum
2121 3500 2233 3560 ejus
2271 3515 2285 3549 ε

1998 3578 2032 3626 8
