2910 4457
255 429 287 488 ς,
312 427 527 490 41-43)

251 579 409 628 unius
433 576 686 641 Martyris
708 593 812 625 non
838 573 1103 640 Pontifici-«3
1125 584 1179 624 ut
1202 593 1279 625 sw-

244 662 371 708 pra,
397 662 507 693 cum
525 642 772 706 Capitulis
789 642 1082 705 subscriptis
1100 651 1146 694 et
1171 659 1280 691 cum

260 708 509 759 Oratione
531 708 811 757 subnotata.

320 776 359 825 ἵ
396 776 484 824 Ad
516 783 756 838 utrasque
806 773 1079 836 Vesper-as,
1129 780 1177 821 et
1209 772 1281 821 ad

249 841 422 902 Mass,
442 850 488 892 et
507 841 578 888 acl
607 839 843 889 Tertiam.

533 905 654 968 (lap.
676 905 829 968 (ch.
855 906 900 953 5.
925 904 1009 966 A.)

249 973 484 1088 ΘΜΝΙΒ
507 971 752 1021 Pontifex
787 987 851 1018 cx
874 970 1172 1020 hominibus
1198 983 1278 1016 as-

344 1046 611 1103 sumptus,
647 1053 740 1102 pro
765 1036 1061 1085 hominibus
1087 1035 1277 1084 consti-

245 1109 414 1154 tuitur
436 1105 493 1165 in
516 1104 596 1152 his
621 1117 735 1166 quae
759 1109 881 1150 sunt
904 1100 969 1149 ad
992 1102 1186 1162 Deum,
1222 1106 1280 1148 ut

249 1174 437 1227 offerat
470 1170 609 1218 dona
649 1175 700 1217 et
731 1167 989 1216 sacrificia
1027 1183 1121 1232 pro
1158 1179 1277 1231 pcc-

246 1239 395 1287 catis.
1086 1231 1277 1280 Gratia.

347 1315 456 1351 nus
481 1301 570 1363 qui
594 1306 828 1348 sanctam
846 1299 998 1348 nobis
1021 1298 1176 1360 hujus
1203 1297 1276 1345 di—

242 1307 396 1418 mei
439 1366 671 1415 laetitiam
710 1381 805 1430 pro
853 1365 991 1414 beati
1029 1363 1276 1427 Martyris

241 1436 322 1483 tui
346 1433 414 1483 N.
443 1439 598 1495 atque
616 1431 886 1480 Pontificis
911 1445 1275 1480 commemora·

241 1501 387 1550 tione
406 1498 607 1557 fecisti3
634 1497 811 1545 adesto
826 1496 1033 1545 familioe
1046 1503 1145 1550 tuae
1164 1511 1276 1560 pre·

243 1567 409 1627 cibus,
438 1571 490 1612 et
516 1563 583 1612 da
604 1569 662 1611 ut
685 1563 834 1625 cujus
859 1562 1013 1610 hodie
1037 1562 1170 1609 festa
1194 1576 1275 1609 ce-

243 1633 527 1691 lebramus,
544 1629 653 1691 ejus
666 1629 860 1677 meritis
874 1635 923 1676 et
945 1627 1274 1675 intercessio-

244 1698 400 1749 nibus
426 1696 745 1759 adjuvemur.
770 1695 867 1742 Pet
884 1692 1023 1742 Di‘im
1043 1700 1276 1741 nostrum

243 1765 277 1812 J
284 1778 428 1812 esum
457 1759 568 1827 [ὥς.
588 1768 643 1808 ut
659 1776 832 1823 supra,
854 1761 883 1818 ἓ
910 1756 1007 1869 27].

310 1829 347 1877 Ἰ
366 1828 456 1877 Ad
474 1826 761 1876 Matutinus
776 1825 934 1874 [Mu-s
954 1823 1206 1888 ilartyris
1229 1830 1276 1872 et

241 1893 529 1960 Pontfficis.
898 1889 1072 1939 Lectio
1081 1890 1273 1953 primm.

341 1972 570 2008 nunnus
593 1972 839 2023 pensare,
874 1958 1057 2005 fratres
1083 1956 1273 2003 charis·

240 1966 474 2087 Ὦείηιί,
491 2024 632 2087 quod
646 2024 892 2073 continue
903 2023 1095 2071 sanctis
1105 2023 1273 2086 Apos-

241 2092 362 2140 tolis
387 2091 595 2151 dicitur,
621 2097 671 2138 et
694 2087 1272 2154 perApostolosnobis:

242 2157 349 2206 Vos
375 2158 502 2206 estis
527 2155 605 2204 sal
628 2162 790 2203 terrae.
839 2154 896 2203 si
930 2170 1052 2218 ergo
1087 2153 1163 2202 sal
1189 2167 1271 2201 su·

241 2239 354 2272 mus
369 2261 382 2286 ,
409 2222 624 2273 condire
648 2230 846 2270 mentes
870 2220 1098 2269 fidelium
1118 2219 1270 2269 debe-

244 2305 372 2337 mus.
418 2289 530 2338 Vos
576 2303 698 2352 ergo
724 2288 820 2350 qui
857 2294 1093 2352 pastores
1129 2286 1269 2346 estis,

243 2362 455 2418 pensate
493 2355 619 2419 quia
642 2352 886 2402 animalia
908 2353 1009 2401 Dei
1076 2352 1270 2400 ascitis.

243 2422 322 2469 De
347 2421 538 2484 quibus
564 2419 798 2484 profecto
824 2369 1135 2467 animalibus
1154 2418 1269 2466 Deo

244 2502 334 2549 per
358 2486 692 2535 Psalmistam
740 2484 951 2532 dicitur:
1009 2483 1272 2532 Animalia

242 2564 332 2599 tua
344 2552 655 2603 habitabunt
667 2551 721 2598 in
737 2564 812 2599 ea.
826 2551 909 2598 Tu
919 2556 1105 2610 autem,
1118 2546 1270 2613 [D‘fie‚

243 2618 484 2667 miserere
507 2614 712 2681 nostri]
1069 2613 1186 2664 Leo.
1209 2614 1269 2679 ᾔ.

243 2685 359 2760 ’ἶΤἾτ
383 2700 453 2733 sae
492 2699 521 2733 e
544 2682 781 2731 videmus
806 2681 947 2743 quod
967 2681 1132 2731 brutis
1162 2681 1271 2729 ani-

244 2701 552 2799 &malibus
594 2755 741 2813 petra
774 2747 898 2796 salis
938 2749 1174 2812 ponitur,
1215 2750 1274 2794 ut

248 2814 464 2863 eandem
486 2814 614 2864 salis
638 2819 837 2878 petram
859 2812 1086 2863 lambere
1118 2813 1269 2861 debe-

247 2888 338 2928 ant
378 2886 427 2929 et
457 2879 738 2929 meliorari.
787 2878 950 2938 Quasi
991 2896 1044 2927 er
1085 2894 1114 2926 0
1138 2879 1274 2927 inter

244 2945 398 2995 bruta
410 2945 658 2994 animalia
670 2951 818 3010 petra
829 2944 970 3005 salis,
993 2944 1054 2992 dc
1096 2951 1145 2992 et
1159 2959 1273 2992 esse

246 3011 490 3060 sacerdos
514 3013 570 3060 in
588 3028 655 3077 po
696 3008 943 3087 ulis3-[Tu
955 3016 1145 3072 autem,
1162 3007 1270 3074 ἄτα]

676 3092 772 3125 Aee.
791 3094 830 3124 ἠ
855 3112 866 3124 .

248 3143 513 3257 (murmur.
539 3141 797 3192 sacerdoti
817 3093 1034 3190 {iecesse
1057 3146 1136 3188 est
1160 3153 1275 3203 quae

324 3208 399 3256 sin
404 3209 541 3277 gulis
555 3209 709 3269 dicat,
720 3221 1139 3271 unumquemque
1151 3221 1275 3269 qua-

249 3271 363 3321 liter
374 3275 661 3323 admoneat.
687 3275 757 3322 Ut
769 3274 1004 3337 quisquis
1018 3270 1276 3321 sacerdoti

239 3336 495 3402 jungitur,
521 3341 672 3403 quasi
697 3356 761 3388 ex
774 3338 898 3389 salis
916 3344 1058 3388 tactu
1071 3343 1274 3386 aeternae

251 3403 368 3450 vitae
392 3419 574 3469 sapore
594 3406 882 3455 condiatur.
919 3406 1016 3453 Tu.
1040 3402 1161 3453 Lec.
1179 3402 1273 3468 iia).

255 3468 402 3580 SAL
415 3472 548 3519 enim
559 3479 708 3520 terrae
720 3486 826 3521 non
839 3486 1034 3531 sumus,
1054 3470 1098 3518 si
1116 3469 1274 3518 corda

331 3533 640 3585 audientium
662 3553 771 3586 non
796 3536 1082 3585 condimus.
1121 3535 1274 3595 Quod

254 3600 479 3660 profecto
506 3603 891 3651 condimentum
921 3599 1010 3650 ille
1034 3602 1271 3666 proximo

256 3662 521 3727 impendit,
562 3669 650 3731 qui
691 3668 1072 3733 praedicationis
1113 3667 1273 3715 verba

258 3742 358 3775 non
383 3729 646 3783 subtrahit.
694 3734 830 3794 Quid
866 3741 1034 3782 autem
1072 3734 1271 3781 animas

254 3791 513 3846 hominum
545 3800 643 3848 nisi
680 3801 850 3849 cibum
885 3801 984 3853 Dci
1023 3799 1270 3848 dixerim?

1033 417 1188 482 Exim
1220 444 1404 482 Tempus
1432 443 1691 481 mscmtr..

2291 430 2406 494 137

1379 576 1508 636 Quae
1532 574 1598 624 ad
1620 575 1722 624 hoc
1745 580 1866 624 sunt
1886 576 2122 639 conditae,
2146 583 2203 626 ut
2219 579 2273 627 in
2295 580 2407 643 ejus

1381 657 1569 706 corpus
1594 641 1942 702 trajiciantur-3
1977 643 2030 691 id
2054 651 2156 705 est,
2182 653 2240 692 ut
2261 646 2315 693 in
2342 661 2405 693 ae-

1379 708 1801 756 ternaeEcclcsiae
1826 721 2161 773 augmentum
2172 710 2406 759 tendant.

1380 774 1477 821 Tu.
2211 774 2329 825 Lec.
2357 794 2403 825 υ.

1430 844 1479 886 ‘11
1502 855 1625 904 ergo
1646 838 1791 888 cibus
1806 839 1905 887 Dei
1931 840 2258 905 estpopulus,
2280 858 2402 891 con-

1381 893 1738 953 Udimentum
1760 905 1860 953 cibi
1880 905 2175 955 sacerdotes
2188 924 2300 956 esse
2320 908 2405 957 de-

1378 971 1617 1020 buerunt.
1644 970 1745 1018 Sed
1771 972 1906 1033 quia,
1934 971 2053 1020 dum
2078 988 2174 1020 nos
2199 974 2264 1021 ab
2290 989 2404 1022 ora-

1377 1036 1537 1085 tionis
1564 1044 1612 1084 et
1638 1034 1944 1085 eruditionis
1957 1046 2150 1086 sauctae
2173 1054 2270 1088 usu
2295 1055 2405 1089 ces-

1379 1117 1554 1150 samus
1569 1139 1581 1162 ,
1622 1101 1700 1150 sal
1723 1104 2034 1151 infatuatum
2057 1110 2157 1164 est,
2193 1105 2404 1154 condire

1378 1182 1485 1216 non
1509 1167 1649 1216 valet
1673 1168 1845 1217 cibum
1869 1169 1983 1216 Dei.
2008 1170 2181 1231 Atque
2202 1170 2399 1219 idcirco

1379 1232 1443 1282 ab
1467 1232 1696 1281 Auctore
1722 1250 1828 1282 non
1855 1236 2097 1296 sumitur,
2134 1237 2271 1299 quia,
2298 1238 2403 1285 exi-

1377 1306 1531 1365 gente
1559 1300 1794 1349 fatuitate
1831 1307 2023 1362 nostra,
2043 1301 2251 1351 minime
2282 1318 2402 1351 con-

1379 1366 1532 1413 ditur.
2199 1366 2318 1417 Lec.
2339 1369 2402 1417 vi.

1375 1431 1721 1545 plenissmus
1746 1432 2022 1496 crgo,1qui
2055 1447 2285 1495 unquam
2312 1449 2404 1500 per

1462 1495 1693 1560 linguam
1733 1505 1962 1546 nostram
1997 1500 2270 1547 conversi?
2314 1500 2405 1563 qui

1377 1562 1439 1609 de
1465 1576 1709 1626 perverso
1736 1578 1830 1610 suo
1856 1579 2009 1627 opere
2034 1572 2213 1612 nostra
2235 1565 2401 1614 incre-

1374 1628 1587 1692 patione
1630 1629 1849 1676 correcti
1888 1630 2244 1693 poenitentiam
2284 1647 2403 1696 ege·

1372 1694 1529 1741 runt?
1566 1694 1679 1755 quis
1703 1692 1961 1742 luxuriam
2000 1711 2064 1742 cx
2088 1702 2267 1744 nostra
2290 1713 2401 1746 eru·

1377 1759 1571 1807 ditione
1613 1758 1872 1808 deseruit?
1938 1761 2052 1823 quis
2117 1763 2402 1825 avaritiam,

1375 1824 1491 1887 quis
1516 1824 1809 1888 superbiam
1834 1825 2150 1875 declinavit?

1442 1887 1500 1955 [ὃ
1532 1885 1688 1955 42.)
1724 1892 1806 1940 Ex
1843 1892 1957 1940 cod.
1994 1891 2073 1955 L.)
2111 1890 2404 1942 Secundum

1374 1955 1635 2006 Matlceum
1653 1957 1747 2019 ((v.
1767 1957 2004 2021 Annot.))
2027 1969 2030 1970 ’

1372 2024 1467 2135 ΠΝ
1486 2022 1576 2070 1110
1596 2030 1853 2086 tempore:
1890 2023 2036 2071 Dixit
2062 2024 2098 2072 J
2102 2039 2220 2072 esus
2248 2023 2400 2073 disci-

1427 2088 1565 2152 pulis
1602 2089 1733 2136 suis:
1778 2088 1946 2137 Nichil
1993 2097 2227 2154 opertum
2262 2089 2400 2152 quod

1373 2170 1481 2202 non
1498 2152 1781 2212 reveletur3
1802 2170 1969 2217 neque
1983 2156 2242 2204 occultum
2260 2154 2400 2218 quod

1372 2236 1482 2269 non
1502 2220 1710 2269 sciatur.
1731 2221 1797 2269 Et
1815 2218 2028 2284 reliqua.

1521 2285 1722 2335 Omelia
1739 2286 1941 2335 Rabani
1960 2287 2255 2336 Presbitcri.

1368 2356 1507 2467 DE
1541 2352 1714 2400 futuro
1749 2360 1979 2417 tempore
2015 2352 2115 2400 hoc
2150 2353 2400 2417 scriptum

1473 2424 1571 2478 est,
1610 2417 1816 2480 quando
1836 2416 2088 2468 indicabit
2107 2419 2250 2466 Deus
2282 2419 2399 2468 abs·

1372 2484 1585 2532 condita
1602 2483 1886 2545 hominum,
1914 2491 1963 2532 et
1981 2483 2292 2533 illuminabit
2312 2500 2398 2533 oc-

1372 2549 1515 2597 culta
1531 2549 1873 2613 tenebrarum,
1889 2557 1939 2598 et
1955 2551 2229 2598 manifesta
2245 2550 2403 2600 faciet

1372 2615 1593 2664 consilia
1612 2614 1868 2663 cordium‘
2158 2614 2276 2665 Lec.
2295 2616 2400 2681 ²²2⁶&-

1369 2684 1488 2797 ΕΤ
1508 2687 1587 2729 est
1606 2696 1815 2729 sensus:
1835 2679 2007 2730 Nolite
2024 2683 2201 2729 timere
2214 2683 2400 2730 sevici-

1472 2761 1553 2794 am
1611 2752 2025 2811 persecutorum,
2060 2753 2109 2795 et
2159 2747 2398 2811 blasphe-

1370 2813 1632 2873 mancium
1672 2812 1892 2873 rabiem3
1934 2813 2056 2875 quia
2087 2814 2262 2862 veniet
2291 2813 2400 2863 dies

1371 2876 1567 2939 iudicii,
1581 2878 1634 2926 in
1654 2893 1755 2941 quo
1777 2887 1956 2927 nostra
1971 2880 2134 2928 virtus
2155 2886 2205 2928 et
2223 2894 2402 2929 eorum

1373 2944 1615 3006 nequicia
1635 2943 2081 2993 demonstrabitur.
2194 2943 2310 2994 Lec.
2328 2946 2400 2994 ix.

1374 3009 1578 3122 QUOD
1600 3009 1716 3057 dico
1736 3010 1886 3059 vobis
1907 3010 2221 3073 intenebris,
2244 3011 2400 3060 dicite

1465 3076 1520 3124 in
1538 3074 1757 3135 lumine3
1789 3083 1839 3123 et
1869 3076 2008 3138 quod
2037 3077 2091 3124 in
2111 3093 2234 3125 aure
2254 3076 2397 3126 audi-

1372 3143 1441 3191 tis
1454 3179 1467 3203 ,
1497 3141 1760 3207 predicate
1779 3157 1931 3205 super
1950 3149 2101 3191 tecta.
2139 3142 2291 3202 Quod
2309 3158 2399 3190 au-

1375 3207 1495 3256 ditis
1515 3208 1570 3254 in
1588 3207 1833 3268 misterio,
1854 3210 2090 3271 apercius
2109 3208 2398 3272 predicate:

1374 3272 1517 3337 quod
1535 3272 1787 3322 didicistis
1807 3273 2077 3335 absconse,
2097 3273 2303 3339 publice
2322 3272 2399 3321 lo-

1374 3336 1626 3403 quimini.]

1439 3402 1477 3467 ξ
1497 3401 1611 3458 43.
1623 3404 1693 3468 )Ἓ
1709 3403 1823 3454 Hoc
1836 3404 2180 3470 Euanqelium
2197 3404 2398 3468 leqatwr

1372 3470 1575 3536 infesto
1604 3470 1865 3535 cujuslibet
1890 3470 2106 3530 exulati,
2129 3469 2231 3518 eive
2257 3468 2400 3517 Mar-

1373 3537 1516 3600 tyris,
1550 3537 1650 3585 sive
1675 3535 1999 3600 Confessoris.
2032 3534 2110 3599 [In
2129 3535 2199 3583 L:
2235 3533 2400 3584 Aliud

1373 3602 1746 3667 Euanyelt'um;
1767 3609 1814 3650 et
1831 3602 2030 3665 leyatur
2048 3600 2119 3649 ad
2154 3599 2309 3649 Mat's
2341 3601 2400 3651 in

1360 3669 1498 3732 festo
1530 3667 1789 3733 cujuslibet
1825 3667 2018 3715 exulati
2049 3664 2317 3732 Pom-{ficis
2345 3666 2400 3715 icc

1371 3734 1659 3795 leccionmn,
1680 3734 1780 3783 sive
1799 3731 2048 3792 stlartiris,
2069 3733 2169 3782 sive
2196 3732 2399 3797 Confes-

1370 3798 1532 3864 soria]
