2910 4457
581 351 699 413 102

577 483 804 546 Eiusque
823 484 915 534 soll
937 482 1067 534 Filio
1088 500 1101 532 ε

577 546 706 597 Cum
730 547 921 607 Spiritu
944 547 1207 606 Paraclito,

577 607 643 659 Et
665 621 801 656 nunc
823 614 870 657 et
893 609 944 656 in
969 614 1286 669 perpetuum.
1311 608 1499 658 Amen.

640 666 701 730 Ῡ.
731 670 958 718 Custodi.
983 670 1083 717 Hic
1106 670 1348 732 Hymnus
1376 671 1565 718 dicitur

575 732 647 779 ad
685 732 877 791 Compl.
905 732 1123 803 quotidie
1160 745 1316 793 usque
1349 733 1419 780 ad
1450 732 1562 780 Oct.

577 792 766 866 Epiph.
781 792 896 840 etin
907 794 1034 854 apsis
1050 794 1160 842 Oct.
1178 794 1251 841 Et
1263 794 1321 841 in
1333 792 1565 841 omnibus

573 853 720 914 festas
755 855 898 916 dupl.
935 853 999 903 ab
1041 856 1149 904 Oct.
1189 856 1377 916 Epiph.
1410 868 1564 917 usque

576 917 648 963 ad
665 915 698 976 j
718 915 867 964 Dom.
894 929 981 976 n,
1016 922 1065 965 et
1086 917 1142 965 in
1169 916 1399 964 omnibus
1418 916 1565 977 festis

575 977 719 1037 dupl.
741 976 776 1024 ὰ
797 977 945 1025 Perit.
970 992 1122 1040 usque
1145 980 1214 1026 ad
1254 980 1360 1040 Viq.
1386 979 1563 1028 Nativ.

577 1038 703 1087 Dm.
726 1038 928 1086 Dicitur
947 1041 1099 1088 etiam
1120 1041 1177 1087 in
1210 1041 1320 1100 Via.
1344 1041 1496 1088 Pent.
1518 1043 1569 1087 et

572 1114 669 1173 per
706 1101 867 1173 ipsius
900 1100 1120 1149 hebdom.
1156 1101 1265 1174 scil.
1292 1102 1350 1174 §n
1377 1113 1410 1147 v
1428 1106 1480 1149 et
1506 1102 1563 1148 in

576 1173 631 1271 2²}
640 1161 1375 1286 C2M0Z{.⁸i²1''.2·..¹?n²p‘l?5.}}?¹⁰el⁹
1376 1163 1563 1273 3233:

578 1285 644 1333 B.
666 1284 853 1333 Μανία»
878 1290 925 1333 et
940 1285 1285 1334 Dedicatt‘onis
1314 1287 1564 1344 Ecclesia,

577 1346 682 1394 sive
711 1347 772 1394 de
814 1347 924 1394 Oct.
962 1346 1022 1408 fit
1052 1348 1332 1409 servitium,
1365 1348 1468 1396 sive
1505 1348 1565 1396 de

577 1408 747 1469 aliquo
778 1407 966 1456 Sancto
996 1409 1056 1456 ia:
1087 1410 1199 1457 lect.
1231 1409 1304 1456 Et
1324 1423 1419 1470 per
1451 1410 1562 1459 Oct.

583 1469 818 1530 Corporis
842 1470 1029 1519 Christi
1047 1469 1130 1519 ubi
1151 1470 1287 1532 fiunt
1302 1484 1417 1519 cum
1437 1471 1568 1533 reqi-

579 1531 716 1580 mine
736 1532 890 1580 chori.

644 1596 778 1641 Aac.
830 1594 1048 1655 Vigilate
1082 1607 1260 1643 omnes
1305 1598 1354 1643 et
1399 1599 1564 1656 orate;

580 1655 786 1703 nescitis
812 1657 949 1704 enim
982 1657 1184 1716 quando
1221 1660 1422 1715 tempus
1452 1657 1521 1704 sit
1552 1670 1566 1704 ε

579 1716 1568 1827 3333&fg.*÷⁰.³.;¹3⁵5{{¹3.33{333⁰}ss

579 1839 700 1899 galli
720 1815 895 1897 cantu:
909 1851 973 1886 an
994 1814 1174 1887 mane:
1199 1853 1261 1886 ne
1277 1852 1394 1887 cum
1418 1815 1569 1890 ve’ne-

580 1901 648 1949 rit
666 1906 883 1959 repente,
899 1899 1122 1948 inveniat
1137 1913 1227 1950 vos
1241 1902 1566 1952 dormientes

581 1961 673 2010 Ps.
698 1962 845 2011 Nunc
866 1962 1098 2011 dimittis.

644 2023 823 2072 Preces
839 2029 928 2072 etc.
958 2036 1067 2087 quae
1087 2026 1156 2072 ad
1188 2024 1381 2086 Compl.
1404 2025 1571 2087 perti-

578 2091 707 2134 nent
724 2086 1045 2147 expleantur.

897 2148 930 2211 ff
960 2148 1154 2209 Compl.
1176 2147 1253 2209 iij.

644 2210 709 2259 In
719 2210 981 2261 dieNatt'v.
995 2210 1104 2259 Dt‘u'
1118 2211 1187 2259 ad
1206 2210 1396 2271 Compl.
1415 2222 1570 2273 super

582 2272 818 2321 Psalmos
855 2277 917 2322 A.
960 2274 1119 2323 Natus
1145 2278 1219 2321 est
1248 2274 1392 2322 nobis
1421 2273 1570 2323 hodie

580 2336 825 2395 Salvator,
845 2337 932 2396 qui
949 2341 1023 2383 est
1039 2335 1270 2385 Christus
1284 2335 1410 2393 Diffi,
1424 2335 1479 2382 in
1498 2336 1570 2384 ci-

580 2399 735 2446 vitate
757 2398 935 2446 David.
953 2398 1045 2445 Ps.
1062 2396 1191 2446 Cum
1209 2398 1530 2445 invocarem:

648 2460 771 2520 Cap.
810 2460 887 2507 Tu
929 2460 978 2506 in
1028 2459 1172 2507 nobis
1209 2471 1280 2507 οε.
1322 2459 1569 2519 Hymnus

578 2520 825 2571 Salvator.
848 2519 907 2581 ψ.
928 2520 1152 2570 Custodi.

643 2583 707 2631 A.
733 2583 972 2643 Alleluia,
999 2583 1227 2631 Verbum
1245 2593 1360 2630 caro
1376 2579 1565 2630 factum

578 2649 670 2702 est,
698 2646 914 2695 Alleluia
942 2660 954 2694 ε
977 2650 1024 2694 et
1049 2645 1293 2693 habitavit
1317 2645 1368 2691 in
1400 2643 1564 2703 nobis,

582 2707 820 2769 Alleluia,
832 2707 1050 2756 alleluia.
1062 2707 1153 2754 Ps.
1168 2707 1316 2756 Nunc
1330 2705 1565 2754 dimittis.

641 2771 823 2819 Preces
838 2776 929 2818 etc.
950 2776 1200 2830 utsupra.

645 2832 757 2880 Hoc
788 2832 979 2892 Compi.
1010 2844 1116 2878 non
1148 2833 1383 2877 mutatur
1412 2841 1567 2891 usque

579 2894 650 2942 ad
668 2894 1122 2942 Circumcisionem.
1147 2895 1264 2939 Ana
1282 2904 1399 2938 vero
1415 2903 1568 2952 super

580 2956 727 3006 Nunc
750 2956 968 3006 dimittis
988 2955 1176 3003 dicitur
1205 2966 1359 3016 usque
1381 2954 1451 3001 ad
1484 2952 1569 3004 Vt·-

575 3017 755 3079 ailiam
776 3018 961 3078 Epiph.

884 3077 913 3141 q
941 3077 1132 3138 Compl.
1166 3076 1262 3138 iiij.

644 3139 709 3186 In
760 3140 840 3189 die
893 3137 1298 3190 circumcisionis
1339 3135 1448 3183 Dru·
1498 3136 1569 3185 ad

584 3203 779 3264 Compl.
823 3205 886 3251 A.
940 3203 1067 3252 Nato
1112 3201 1224 3249 Duo
1269 3198 1565 3258 angelorum

580 3265 718 3312 chori
753 3265 995 3313 canebant
1022 3263 1259 3317 dicentes,
1293 3260 1441 3309 Salus
1466 3260 1567 3308 Deo

582 3332 753 3374 nostro
799 3328 989 3374 sedenti
1036 3337 1185 3383 super
1230 3323 1472 3370 thronum
1519 3326 1567 3371 et

580 3402 730 3449 agno,
750 3388 841 3435 Ps.
865 3387 994 3436 Cum
1018 3388 1323 3434 invocarem.

649 3452 720 3499 Ca
760 3486 772 3498 .
792 3450 869 3498 Tu
889 3450 941 3497 in
963 3448 1122 3497 nobiS.
1142 3447 1383 3510 Hymnus
1401 3445 1568 3495 Salva-

578 3519 677 3563 tor.
745 3548 756 3562 .
782 3511 1006 3562 Custodi.

1337 372 1410 411 n)
1449 369 1896 414 contmoumn.

1721 486 1783 532 A.
1819 481 2038 532 Alleluia
2072 497 2085 532 ε
2118 480 2347 532 Verbum
2384 494 2516 533 caro.
2551 484 2657 534 Pe.

1657 545 1807 595 Nunc
1827 545 2064 594 dimittis.

1721 607 1901 656 Preces
1925 611 2016 655 etc.
2038 617 2146 669 quoe
2170 606 2238 655 ad
2266 606 2459 667 Compl.
2485 608 2657 669 perti-

1657 674 1785 718 nent
1804 669 2126 729 expleantur.

1724 730 1835 778 Hoc
1869 730 2062 791 Compi.
2089 742 2195 778 non
2230 733 2466 779 mutatur
2491 743 2656 793 usque

1658 793 1729 841 ad
1764 792 1906 853 Viqil.
1931 792 2116 853 Epiph.
2197 841 2202 844 .

2053 853 2245 915 Compl.
2271 863 2322 900 v.

1722 913 1786 961 In
1812 913 1962 974 Viqil.
2028 914 2171 976 piph.
2189 915 2259 962 ad
2284 914 2653 976 Compl.super

1662 974 1896 1023 Psalmos
1941 977 2002 1024 A.
2063 977 2173 1024 Lux
2225 977 2286 1025 de
2331 976 2441 1025 luce
2492 988 2654 1037 appa-

1661 1038 1810 1085 ruisti
1831 1037 2046 1096 Christe,
2072 1038 2154 1086 cui
2177 1037 2316 1098 Magi
2340 1049 2552 1088 munera
2580 1039 2653 1087 of-

1659 1098 1844 1157 ferunt,
1876 1099 2115 1158 Alleluia,
2162 1099 2380 1159 alleluia,
2427 1100 2651 1150 alleluia.

1660 1159 1752 1207 Ps.
1771 1159 1901 1209 Cum
1926 1162 2231 1209 invocarem.

1725 1221 1850 1282 Cap.
1887 1224 1963 1271 Tu
1988 1222 2040 1270 in
2065 1222 2227 1270 nobiS.
2263 1221 2509 1284 Hymnus
2537 1222 2655 1273 Sal-

1658 1288 1819 1332 vator.
1842 1281 1886 1342 Ῠ
1906 1284 2113 1332 Custodi
2135 1296 2245 1332 nos.

1723 1345 1784 1393 A.
1816 1345 2034 1394 Alleluia
2071 1360 2084 1393 ε
2112 1357 2290 1394 omnes
2317 1345 2379 1394 de
2409 1345 2538 1394 Saba
2570 1358 2653 1395 ve-

1660 1404 1818 1465 nient,
1844 1406 2062 1456 Alleluia
2088 1420 2308 1456 :aurum
2343 1411 2391 1455 et
2422 1407 2540 1456 thus
2569 1409 2654 1458 de-

1661 1467 1890 1578 igrenteS,
1907 1468 2144 1528 Alleluia,
2159 1469 2375 1517 alleluia.
2388 1468 2478 1517 Ps.
2496 1469 2653 1519 Nunc

1701 1530 1900 1578 imittiS.

1725 1590 1839 1639 Hoc
1871 1591 2063 1653 Compl.
2081 1605 2187 1640 non
2214 1595 2447 1640 mutatur
2455 1605 2552 1653 per
2581 1596 2653 1641 to·

1669 1655 1777 1700 tam
1813 1653 2079 1702 Octavam.

1973 1714 2006 1777 q
2042 1714 2233 1775 Compl.
2265 1713 2338 1776 vj.

1726 1773 1791 1822 In
1815 1776 2041 1825 crastino
2056 1777 2244 1838 Epiph.
2271 1778 2342 1825 ad
2360 1776 2553 1838 Compl.
2587 1778 2652 1825 A.

1662 1837 1927 1889 Miserere.
1951 1839 2043 1888 Ps.
2067 1838 2196 1888 Cum
2224 1839 2528 1888 invocarem.

1730 1899 1853 1960 Cap.
1890 1900 1968 1949 Tu
2006 1901 2059 1949 in
2099 1901 2259 1949 nobiS.
2306 1900 2552 1962 Hymnus
2584 1899 2659 1950 Te

1663 1959 1810 2009 luciS.
1834 1960 1896 2020 ψ.
1919 1961 2125 2011 Custodi
2149 1975 2256 2009 nos‚

1725 2023 1789 2070 A.
1814 2024 1961 2072 Salva
1980 2037 2071 2072 nos
2090 2025 2200 2071 Dite
2215 2023 2483 2083 vigilantes
2502 2039 2516 2073 τ
2537 2037 2658 2074 cus-
2682 2026 2689 2034 ’

1662 2084 1767 2133 todi
1806 2098 1895 2133 nos
1923 2086 2255 2144 dormientes,
2293 2090 2349 2133 ut
2380 2086 2659 2147 vigilemus

1665 2158 1783 2195 cum
1831 2146 2050 2207 Christ0,
2096 2153 2144 2196 et
2183 2147 2560 2208 requiescamus
2598 2149 2655 2197 iu

1667 2219 1800 2270 paee.
1827 2210 1918 2258 Ps.
1936 2210 2085 2260 Nunc
2102 2210 2336 2259 dimittis.

1728 2272 1908 2320 Preces
1926 2276 2018 2320 etc.
2040 2285 2150 2335 quoe
2175 2273 2243 2320 acl
2273 2272 2463 2333 Compl.
2483 2272 2659 2334 perti-

1664 2338 1792 2381 nent
1815 2334 2138 2394 expleantur.

1730 2395 1841 2443 Hoc
1891 2395 2084 2456 Compl.
2129 2396 2318 2444 dicitur
2355 2393 2390 2443 ὰ
2428 2395 2661 2443 crastino

1673 2457 1781 2504 Oct.
1804 2456 1990 2517 Epiph.
2016 2470 2169 2518 usque
2188 2458 2257 2505 ad
2276 2470 2362 2515 XL,
2386 2462 2435 2505 et
2461 2455 2497 2504 ιὶ
2514 2470 2661 2505 cras-

1669 2519 1777 2566 tino
1811 2517 1864 2565 S.
1906 2517 2177 2565 Trinitatis
2221 2531 2377 2580 usque
2410 2520 2481 2566 ad
2524 2519 2659 2568 Adv.

1667 2578 1790 2639 Dm',
1810 2577 1914 2625 nisi
1934 2578 1991 2625 in
2006 2578 2150 2639 festis
2185 2580 2327 2640 dupl.
2354 2584 2403 2627 et
2426 2594 2523 2642 per
2543 2582 2659 2631 Oct.

1675 2640 2010 2698 Visitationis,
2050 2641 2440 2701 Assumptionis,
2474 2646 2520 2690 el
2551 2644 2663 2691 Na-

1667 2703 1756 2751 tiv.
1791 2703 1856 2751 B.
1882 2701 2069 2751 Man'ae
2099 2707 2145 2751 el
2176 2702 2539 2757 Dedicationis,
2560 2705 2663 2752 Εσ-

1666 2765 1839 2824 clesioe,
1861 2768 1911 2814 et
1932 2764 2035 2812 nisi
2058 2765 2115 2812 in
2142 2764 2333 2826 Compl.
2363 2765 2427 2814 B.
2447 2763 2658 2815 Μανία.

1978 2825 2011 2888 ff
2037 2827 2228 2888 Compi.
2258 2827 2349 2887 vij·

1729 2887 1998 2935 Dominica
2037 2889 2210 2949 prima
2249 2901 2316 2936 xl.
2355 2888 2425 2933 ad
2458 2886 2660 2948 Compl.

1665 2960 1818 3009 super
1859 2950 2095 2996 Psalmos
2141 2951 2203 2996 A.
2258 2948 2523 3006 Signatum
2580 2956 2663 2999 est

1666 3023 1814 3070 super
1850 3023 1939 3057 nos
1974 3011 2142 3057 lumen
2184 3009 2355 3056 vultus
2384 3009 2458 3056 tui
2490 3010 2605 3059 Dine
2642 3029 2657 3062 ε

1664 3071 1845 3122 dedisti
1870 3071 2097 3119 laetitiam
2133 3071 2187 3119 iu
2220 3071 2367 3120 corde
2396 3083 2527 3120 meu.
2561 3073 2657 3122 Ps.

1667 3133 1795 3183 cum
1818 3133 2123 3181 invocarem.

1734 3195 1858 3255 Cap.
1889 3195 1965 3243 Tu
1995 3195 2048 3242 in
2070 3194 2231 3244 nobiS.
2262 3193 2483 3242 Clericus
2508 3204 2574 3256 132.
2593 3196 2658 3245 In

1669 3269 1786 3317 pace
1811 3272 1823 3305 z
1851 3257 2040 3305 Chorus
2053 3261 2421 3318 prosequatur.-
2442 3256 2492 3304 in
2516 3257 2585 3304 idi
2594 3270 2660 3318 p-

1667 3331 1780 3367 sum
1813 3320 2064 3367 dormiam
2092 3324 2139 3367 et
2161 3318 2489 3378 requiescam.
2525 3319 2655 3367 Cler.

1668 3380 1731 3442 ψ.
1763 3382 1815 3429 Si
1848 3382 2029 3430 dedero
2051 3392 2288 3429 somnum
2320 3379 2479 3427 oculis
2506 3381 2656 3439 meiS,

1668 3449 1716 3490 et
1763 3443 2011 3501 palpebris
2051 3443 2180 3491 meis
2225 3442 2654 3490 dormitationem.

1673 3504 1758 3553 Cli.
1800 3504 2061 3553 Dormiam
2097 3509 2145 3553 et
2196 3502 2524 3563 requiescam.
2578 3505 2654 3553 Cl.
