2910 4457
194 440 324 505 An5
342 438 558 507 34-37)
997 455 1158 496 xxm
1182 454 1366 495 murus
1391 453 1655 495 ussum.
2273 442 2343 530 xj

282 592 382 642 Pro
408 592 646 641 “aetemae
668 589 823 642 vitae''
849 592 904 641 et
922 590 1330 656 “quotidianus'’
1355 590 1399 640 L
1426 589 1568 639 “vite
1592 586 1801 639 eterne'’
1827 590 1880 638 et
1902 588 2280 643 “cotidianus‘'.

280 675 382 726 Pro
408 676 636 740 “quanta
660 673 831 739 sunt’',
856 677 912 725 in
934 675 1057 725 Lec.
1084 678 1115 726 8
1147 676 1299 726 Brev'.
1323 675 1472 725 Rom.
1495 672 1664 739 magis
1689 670 1910 723 classice
1935 673 2166 737 “quanta
2187 675 2340 740 sint‘’,

182 761 236 810 in
257 759 413 811 simili
432 773 557 809 vero
580 757 822 809 lectionis
846 760 1082 825 septimae
1104 758 1241 822 loco,
1266 758 1544 810 nobiscum
1567 757 1799 821 “quanta
1821 754 1994 820 sunt’',
2015 755 2192 809 habet.

276 843 337 893 In
358 844 482 894 Lec.
505 841 579 909 9.)
595 841 840 910 gaudere]
867 843 908 892 1.
934 859 978 892 e.
1002 843 1306 909 gavisurum
1329 856 1473 892 esse:
1499 841 1563 890 cf.
1588 839 1656 890 sd
1678 840 1709 901 5
1735 841 1814 890 31.

278 925 380 987 Qui
403 924 737 992 “pervenire''
761 926 965 990 retinet,
989 925 1053 976 de
1076 926 1247 976 animo
1271 924 1531 991 intelligat
1556 926 1777 988 oportet.

272 1008 392 1058 Non
422 1008 756 1059 coronabitur
789 1009 893 1059 nisi
926 1009 1016 1073 qui
1047 1008 1277 1075 legitime
1313 1004 1626 1072 certaverit]
1666 1006 1742 1056 “N
1744 1021 1828 1056 am
1868 1011 1924 1056 et
1954 1006 2046 1071 qui
2084 1010 2248 1059 certat
2280 1008 2337 1057 in

185 1090 396 1158 “agone,
420 1106 528 1142 non
555 1095 833 1141 coronatur
854 1092 959 1142 nisi
981 1090 1210 1156 legitime
1235 1087 1559 1141 certaverit.”
1582 1088 1635 1138 11
1656 1088 1790 1139 Tim.
1816 1091 1864 1150 2,
1886 1088 1935 1139 5.

275 1171 312 1237 5
341 1170 499 1238 35.)
527 1172 585 1222 si
608 1171 743 1239 quis]
769 1173 812 1221 L
839 1172 1095 1239 “Siquis”.

273 1256 518 1307 Homelia
537 1255 687 1305 Beati
711 1256 951 1322 Gregorii
971 1255 1165 1323 Papae]
1191 1257 1255 1306 In
1278 1257 1338 1318 L,
1363 1254 1635 1307 “Homelia
1656 1253 1813 1305 Beati
1840 1252 2083 1322 Greqorii
2104 1253 2251 1322 Pape
2273 1256 2340 1308 de

184 1339 426 1391 “diversis
449 1337 837 1390 Tractatibm.”:
857 1339 913 1388 in
922 1338 986 1401 A,
1000 1338 1272 1390 “Homelia
1283 1338 1348 1388 de
1359 1337 1575 1388 diversis
1595 1335 1963 1388 stae-tatibus?
1976 1338 2151 1389 Verba
2160 1339 2254 1390 “de
2264 1339 2343 1390 di-

182 1421 363 1473 “versis
382 1421 753 1484 Tractatibus'',
773 1423 818 1472 si
828 1438 935 1472 non
949 1422 1015 1473 ab
1028 1422 1178 1472 initio
1191 1438 1283 1487 per
1294 1437 1533 1484 errorem,
1549 1420 1668 1471 ideo
1682 1422 1904 1472 fortasse
1916 1420 2037 1471 addi
2047 1427 2342 1486 potuerunt,

180 1505 317 1569 quod
340 1505 470 1554 olim
497 1505 750 1556 lectiones
775 1505 1043 1572 longiores
1070 1510 1122 1555 et
1138 1520 1323 1555 revers.
1339 1520 1404 1554 ex
1423 1503 1643 1556 diversis
1660 1503 1897 1570 praedicti
1911 1504 2071 1569 Papae
2088 1505 2341 1557 Tractati-

174 1587 271 1639 bus
290 1592 538 1639 extractae
553 1594 744 1640 essent.
765 1588 971 1639 Titulus
989 1594 1164 1639 autem
1181 1587 1453 1639 “Homelia
1470 1586 1535 1638 de
1546 1586 1762 1637 diversis
1784 1585 2135 1639 Dactatibm”
2148 1593 2237 1639 aut
2248 1605 2340 1655 per

176 1670 632 1734 abbreviationem,
656 1677 747 1721 aut
767 1671 889 1722 inde
909 1673 1031 1722 oriri
1046 1672 1230 1737 potuit,
1261 1671 1401 1736 quod
1417 1670 1582 1721 verba.
1609 1669 1704 1720 “de
1727 1669 1942 1721 diversis
1968 1669 2338 1737 Tractatibm”,

175 1766 207 1800 a
229 1754 462 1805 secunda
495 1769 654 1805 manu
685 1754 877 1819 addita,
911 1754 1317 1821 praecedentium
1351 1753 1539 1805 “Beati
1578 1752 1819 1821 Greqorii
1850 1751 2045 1819 Papae'’
2083 1758 2336 1808 correctio

175 1851 289 1887 esse
313 1838 631 1889 viderentur.
650 1837 928 1903 Utcunque
947 1854 1069 1889 vero
1087 1839 1201 1889 haec
1217 1854 1275 1888 se
1292 1837 1537 1899 habeant,
1553 1836 1806 1888 lectiones
1823 1837 1953 1904 ipsae
1976 1853 2092 1902 quae
2108 1854 2336 1904 sequun-

174 1925 268 1984 tur,
288 1923 501 1972 omnino
522 1936 586 1971 ex
603 1921 834 1986 ejusdem
850 1922 1002 1971 Beati
1018 1923 1176 1987 Papae
1193 1921 1424 1971 Homilia
1443 1924 1505 1971 32
1519 1921 1575 1970 in
1587 1921 1878 1987 Euangelia
1895 1927 2115 1989 sumptae
2127 1930 2264 1976 sunt:
2283 1943 2335 1977 v.

173 2004 324 2055 BreV.
341 2007 653 2068 Romanum,
669 2006 726 2055 in
746 2021 850 2071 quo
870 2005 1124 2057 lectiones
1142 2011 1248 2056 tres
1263 2010 1474 2067 nostrae,
1503 2003 1616 2055 scil.
1635 2005 1872 2070 septima,
1892 2010 2094 2072 octava,
2110 2014 2164 2059 et
2179 2025 2338 2074 nona,

172 2088 226 2139 in
241 2106 398 2142 unam
414 2091 691 2157 septimam
709 2092 1004 2155 conjunctae
1026 2096 1164 2142 sunt.

264 2172 365 2222 Pro
386 2173 617 2224 “edidit’'
635 2174 787 2225 Brev,
805 2175 953 2226 Rom.
980 2172 1220 2237 “dedit'’;
1247 2188 1343 2240 pro
1364 2172 1530 2224 “Vitas
1557 2170 1748 2235 enim”,
1771 2171 1934 2222 “Vitae
1952 2173 2206 2238 etenim”;
2234 2191 2331 2242 pro

175 2254 390 2321 “Sicut'',
418 2259 582 2310 “Num
605 2256 789 2310 sicut”.

264 2340 435 2392 calida
458 2342 680 2409 frigidis,
709 2342 900 2408 frigida
927 2339 1132 2407 calidis]
1160 2341 1223 2391 In
1249 2341 1293 2391 L
1320 2338 1541 2405 “frigida
1566 2337 1766 2401 calidis,
1796 2339 1969 2390 calida
1991 2341 2243 2408 fi-igidis’'.
2266 2370 2333 2381 ‹—

168 2422 248 2471 De
262 2439 318 2473 re
336 2429 511 2475 autem
528 2428 659 2491 ipsa,
684 2425 798 2477 scil.
820 2425 882 2476 de
901 2425 1174 2476 medicinae
1191 2423 1474 2491 spiritualis
1495 2438 1613 2475 cum
1636 2422 1897 2474 medicina.
1916 2426 2175 2492 corporali
2192 2442 2331 2479 com-

165 2507 452 2571 paratione,
471 2508 595 2558 vide
613 2507 987 2559 Annotationes
999 2507 1297 2575 Longiores.

260 2587 298 2657 β
324 2587 481 2659 86.)
507 2607 608 2642 nos
636 2608 668 2642 a
694 2592 889 2642 virtute
908 2592 1018 2642 eius
1044 2591 1315 2657 paciencie
1339 2589 1581 2640 estimare
1599 2589 1895 2658 extraneos]
1920 2591 2058 2644 hanc
2083 2594 2196 2660 ejus
2224 2598 2326 2647 vir-

144 2661 148 2665 *
171 2676 330 2722 tutem
354 2675 539 2725 nostra
555 2689 663 2723 non
679 2675 869 2725 referre
886 2680 1086 2740 putare.

261 2758 345 2807 “in
372 2772 506 2824 pace
533 2755 803 2807 Ecclesie''
831 2772 927 2822 pro
957 2756 1045 2805 “in
1069 2761 1301 2821 tempore
1332 2753 1542 2820 quando
1570 2754 1824 2818 Ecclesia,
1852 2754 1908 2807 in
1938 2762 2121 2810 nostra
2139 2760 2324 2815 saltem

166 2841 393 2906 regione,
411 2857 595 2908 pacem
613 2841 801 2893 habet''
817 2840 1056 2892 hocloco
1075 2840 1307 2907 positum
1324 2855 1440 2891 esse
1457 2838 1677 2890 videtur.

263 2929 312 2974 et
328 2924 520 2993 tamen]
542 2926 897 2976 nihilominus.

259 3010 476 3059 martirii
492 3010 720 3076 palmam
736 3007 991 3076 tenemus]
1019 3007 1060 3058 Ι.
1089 3023 1133 3058 e.
1160 3007 1208 3060 si
1235 3008 1365 3059 satis
1383 3005 1548 3057 altum
1564 3007 1772 3059 virtutis
1790 3007 2111 3076 euangelica
2126 3012 2324 3081 fastigi-

166 3103 251 3139 um
267 3106 623 3157 assequamur.

259 3174 492 3242 requirit]
511 3179 815 3246 interrogat.

259 3252 297 3322 θ
324 3254 414 3313 87
424 3258 481 3326 ο)
507 3259 583 3314 We
605 3260 836 3312 Posuisti
859 3256 994 3311 Diie.
1021 3260 1102 3312 vel
1119 3257 1194 3313 Vs
1215 3258 1254 3308 J
1254 3264 1402 3312 ustus
1424 3262 1486 3309 nt
1504 3257 1680 3327 palma
1703 3259 1944 3330 florebit]
1969 3263 2108 3316 Ante
2125 3272 2323 3331 puncta

165 3336 330 3389 insere
348 3342 432 3405 “(§
451 3340 569 3411 30)”
587 3349 639 3393 et
654 3339 738 3407 ’Ἓξ
757 3342 888 3413 32)”.

261 3419 342 3470 De
367 3423 622 3475 electione
646 3431 817 3476 autem
841 3443 891 3477 v.
912 3425 979 3476 ad
1003 3428 1033 3487 ξ
1059 3431 1145 3489 27;
1178 3425 1411 3476 notando
1434 3429 1625 3490 tamen,
1662 3428 1864 3491 quoties
1891 3428 1953 3479 de
1975 3430 2243 3483 Nocturno
2268 3433 2320 3483 Π

167 3500 252 3550 vel
273 3502 346 3553 111
366 3506 465 3569 Bia
482 3507 737 3572 dicantur,
761 3507 884 3563 vlm
907 3507 1134 3561 Posuisti
1153 3509 1289 3573 Dm,
1313 3508 1691 3575 praeferendum
1712 3509 1909 3573 videri3
1933 3513 1989 3561 in
2006 3514 2179 3579 priore
2207 3517 2319 3581 qui·

169 3580 282 3632 dem
304 3601 440 3652 casu,
477 3592 599 3655 quia
620 3591 740 3643 loco
766 3608 861 3644 suo
888 3591 959 3657 (ν.
984 3593 1015 3653 5
1043 3592 1127 3658 30)
1163 3592 1267 3641 dici
1289 3608 1399 3642 non
1420 3593 1619 3658 potuit3
1652 3593 1709 3643 in
1732 3596 2034 3659 posteriore,
2067 3598 2189 3661 quia
2220 3596 2318 3651 Vls

166 3662 337 3718 Jusem
366 3678 423 3720 ut
445 3673 628 3737 palma
659 3681 783 3725 ante
813 3676 1067 3726 lectiones
1093 3676 1205 3740 jam
1229 3675 1397 3726 dictus
1429 3679 1522 3726 est.
1548 3674 1702 3738 Quod
1725 3676 1769 3726 si
1793 3691 1974 3726 verum
1992 3681 2087 3741 est,
2106 3705 2171 3715 —
2190 3696 2318 3745 quo·

165 3750 264 3881 tiels
299 3752 361 3802 (le
397 3755 546 3807 Noct.
580 3757 606 3805 I
641 3757 897 3821 (licuntur,
936 3757 1034 3812 ms
1074 3757 1249 3810 Jmtuo
1279 3765 1338 3809 ut
1359 3757 1547 3824 pabma
1584 3774 1691 3808 non
1731 3758 1925 3823 injuris
1962 3762 2316 3827 praeferendus

164 3846 218 3880 vi
255 3838 414 3887 eatur.

1808 3957 1876 4002 02
