2910 4457
686 321 761 372 liv
1189 332 1265 368 DE
1293 333 1423 371 mr.
1450 332 1523 368 ET
1548 331 1822 368 minumus
1848 333 1979 369 nom.
2007 333 2044 369 1.
2070 333 2195 370 Amr.

758 483 810 534 p.
853 470 887 517 7
927 465 979 516 b.
1023 463 1208 516 Lectio
1243 462 1341 514 &o.
1385 469 1434 513 et
1466 461 1632 531 infra,
1669 461 1923 514 Homelia
1956 461 2087 532 &c.]
2126 463 2206 515 Hi
2230 470 2284 516 et
2306 464 2440 517 tales
2463 466 2609 518 tituli
2643 467 2715 518 in

687 551 970 604 Breviariis
981 551 1139 603 rubro
1158 549 1328 602 colore
1346 547 1796 618 quemadmodum
1823 548 2072 602 Rubrieoe
2090 550 2328 618 impressi
2353 559 2503 614 sunt3
2525 569 2713 622 quum

682 637 805 690 vero
830 639 886 689 in
913 636 1155 689 Ecclesia
1183 634 1414 704 legendi,
1439 641 1495 686 et
1526 634 1692 702 ipsius
1726 633 1899 686 Officii
1930 652 2051 704 pars
2074 636 2197 699 sint,
2221 653 2319 689 nos
2342 638 2567 691 utilitati
2596 639 2717 694 lee-

684 724 811 776 toris
835 722 966 791 (soil.
993 739 1061 776 ne
1084 721 1373 789 falleretur)
1398 720 1748 785 consulentes,
1772 738 1880 773 non
1906 721 2130 785 Italicis,
2159 722 2254 775 sed
2277 722 2539 777 Romanis
2562 727 2717 794 typis

683 812 771 864 usi
795 826 997 864 sumus,
1038 809 1108 862 In
1132 809 1387 876 Leyendis
1404 818 1588 861 autem
1609 807 2096 865 Sadsburimsibus
2114 810 2184 863 ad
2202 828 2253 880 p.
2275 816 2307 862 5
2331 828 2378 864 a.
2398 814 2713 865 memoratis

684 901 716 927 ‘⁴
738 897 921 950 Lectio
949 895 1078 949 &c.’'
1103 904 1157 948 et
1181 899 1213 925 ‘⁴
1232 895 1397 949 Hom.
1427 894 1554 947 &c.''
1573 895 1728 947 ambo
1753 895 1921 948 colore
1946 896 2099 965 nigro
2117 899 2257 950 recte
2280 897 2531 965 impressa
2552 907 2710 950 sunt.

756 983 941 1036 Gloria
962 983 1078 1045 tibi,
1104 980 1287 1049 D’ne.]
1320 980 1454 1033 Dele
1478 980 1750 1044 haec,eum
1776 980 1929 1033 Bodl.
1953 980 2020 1033 B.
2044 985 2105 1035 11
2133 982 2170 1034 J
2174 1000 2256 1035 ur.
2282 981 2706 1053 Seld.=Gough

690 1075 821 1123 197:
861 1070 1014 1138 eujus
1057 1068 1304 1120 editionis
1338 1068 1620 1120 lectionem
1657 1069 1871 1120 omnino
1909 1069 2228 1122 confirmant
2259 1070 2506 1137 Leyendoe
2541 1087 2710 1139 supra

683 1165 1006 1219 memoratae,
1021 1157 1077 1207 in
1103 1155 1298 1224 quibus
1321 1171 1413 1223 pro
1431 1154 1566 1206 “Gl.
1593 1161 1630 1206 t.
1658 1154 1758 1205 D.''
1780 1154 1996 1224 legitur3
2014 1156 2186 1208 “Non
2204 1156 2406 1208 dicitur
2422 1156 2508 1209 Gl.
2536 1165 2575 1209 t.
2594 1157 2712 1209 D.''

754 1250 809 1296 et
831 1238 1259 1305 statim-mihi]
1302 1239 1393 1292 Br.
1419 1239 1581 1292 Ebot.
1608 1240 1810 1292 omittit
1831 1240 1963 1294 haec.

756 1328 972 1381 titulum
995 1328 1057 1379 de
1081 1324 1335 1394 homelia]
1361 1325 1565 1379 Soloeee
1600 1326 1806 1378 dictum
1839 1343 1933 1397 pro
1967 1325 2183 1379 titulum
2215 1326 2451 1381 honoeliae
2484 1329 2708 1395 (rectius

685 1414 956 1483 homiliae).
2025 1471 2031 1475 .

752 1503 815 1555 de
838 1503 1011 1555 eadem
1036 1500 1281 1570 lectione]
1299 1499 1619 1553 Charactere
1645 1499 1904 1563 Romane,
1921 1515 2028 1551 non
2055 1499 2261 1564 Italico,
2279 1500 2395 1554 haec
2419 1503 2703 1556 scribenda

678 1597 826 1641 sunt:
866 1605 915 1639 v.
951 1604 1126 1656 supra,
1162 1595 1217 1640 et
1257 1586 1323 1639 ef.
1366 1593 1552 1638 notam
1587 1594 1913 1654 sequentem.
1988 1584 2117 1638 Post
2153 1586 2267 1639 haee
2307 1596 2489 1641 autem
2532 1588 2697 1650 verba

682 1673 934 1742 Leqendae
983 1692 1144 1744 supra
1189 1682 1497 1727 memoratae
1544 1675 1785 1727 inserunt
1831 1678 1977 1744 “per
2025 1684 2191 1728 totum
2236 1693 2432 1729 annum
2489 1678 2699 1747 quando

681 1761 743 1812 de
769 1760 1036 1830 temporali
1061 1761 1299 1829 wilm-f.
1413 1746 1423 1755 ¹

754 1847 1008 1900 Homelia
1031 1848 1095 1900 de
1119 1847 1170 1901 d.
1197 1845 1260 1914 t.]
1291 1847 1382 1899 Br.
1418 1847 1578 1901 Ebor.
1606 1850 1637 1879 “
1660 1848 1871 1902 Omelia
1902 1849 2048 1903 beati
2082 1850 2119 1902 J
2123 1850 2347 1904 ohannis
2372 1853 2603 1922 episcopi
2630 1852 2697 1906 de

686 1933 876 1986 eedem
900 1935 1169 1988 lectione.’'

753 2020 885 2073 Post
928 2021 1070 2075 hune
1119 2029 1297 2075 autem
1345 2022 1564 2074 titulum
1612 2020 1866 2089 Leyendae
1911 2039 2071 2091 supra
2117 2034 2422 2078 memoratae
2470 2025 2694 2091 addunt,

681 2111 714 2136 ‘⁴
733 2107 870 2175 quod
884 2125 983 2177 per
1002 2116 1165 2160 totum
1183 2126 1380 2160 annum
1395 2106 1697 2173 observetur,
1715 2125 1810 2160 sec.
1828 2126 1980 2160 usum
2001 2107 2213 2173 Sarum,
2228 2102 2288 2162 ut
2291 2120 2412 2182 post
2424 2111 2695 2180 &carmelio
2777 2170 2791 2180 ·

682 2195 792 2247 suis
819 2192 944 2246 locis
968 2193 1322 2247 intitulatur.”

755 2280 1102 2350 Responsoria
1123 2290 1304 2334 autem
1329 2288 1364 2334 7
1388 2289 1442 2334 et
1466 2286 1500 2333 8
1524 2283 1582 2333 in
1618 2281 1708 2334 Br.
1737 2281 1899 2335 Ebot.
1933 2291 2060 2335 sunt
2083 2286 2120 2313 ‘⁶
2137 2282 2294 2347 Eece,
2321 2283 2445 2336 &c.'’
2473 2283 2552 2354 (p.
2578 2289 2613 2338 8
2638 2289 2692 2355 a)

682 2374 737 2417 et
760 2369 794 2395 ‘⁶
814 2364 1062 2429 Obsecro,
1088 2366 1240 2430 D’ne,
1263 2368 1419 2419 mitte
1443 2366 1542 2419 διο.
1579 2367 1808 2435 [reliqua
1831 2375 1893 2419 ut
1914 2385 1966 2437 p.
1997 2372 2063 2420 16
2084 2368 2193 2437 b.]''

751 2467 801 2518 p.
828 2453 861 2501 8
886 2467 920 2502 a
949 2451 1002 2512 b.
1037 2451 1097 2502 in
1126 2448 1349 2517 viyiliis]
1389 2450 1754 2521 Subintellige,
1788 2454 1995 2521 quando
2028 2455 2263 2522 officium
2295 2455 2357 2507 de
2386 2455 2574 2525 viqilid
2595 2462 2691 2528 fit.

689 2535 773 2589 De
804 2536 877 2588 Te
899 2536 1074 2589 Deum
1097 2544 1277 2589 autem
1300 2537 1454 2607 plura
1475 2537 1596 2590 vide
1618 2539 1690 2590 ad
1715 2537 1780 2591 P.
1810 2543 1870 2591 ll
1898 2541 1950 2592 b.

749 2641 801 2693 p.
827 2629 861 2676 8
884 2625 937 2677 b.
965 2625 1051 2677 De
1074 2625 1405 2695 responsoriis
1428 2624 1719 2694 ferialibus
1752 2644 1801 2678 v.
1836 2627 1907 2679 ad
1942 2626 2146 2692 Pieam,
2171 2629 2277 2682 Lit.
2317 2629 2476 2682 Dom.
2503 2631 2565 2682 A.
2619 2632 2689 2683 In

682 2709 773 2761 Br.
801 2709 961 2772 Ebor.
986 2719 1166 2764 autem
1187 2730 1356 2765 unum
1378 2720 1590 2765 tantum
1614 2720 1696 2766 est
1720 2713 1875 2784 Resp.
1902 2713 2015 2780 fer„
2034 2716 2144 2768 scil.
2182 2720 2214 2748 “
2237 2716 2537 2788 Erumpant
2560 2718 2690 2772 &c.'’

682 2801 745 2846 ut
766 2810 817 2862 p.
843 2799 914 2847 27
937 2813 970 2847 a
992 2796 1044 2847 b.

748 2877 933 2929 Finito
957 2879 1119 2949 resp]
1147 2881 1347 2949 Gough
1371 2886 1442 2935 67
1467 2895 1522 2935 et
1547 2883 1735 2937 Douce
1759 2883 1874 2936 Res.
1901 2888 1934 2914 “
1954 2884 2139 2938 Finito
2162 2886 2351 2939 ultimo
2375 2889 2530 2958 resp.''

747 2979 798 3032 p.
825 2967 859 3014 8
884 2980 931 3015 a.
959 2964 1113 3017 Hora
1135 2964 1259 3032 &c.]
1302 2966 1371 3020 In
1391 2968 1483 3021 Br.
1505 2968 1691 3022 Ebor.:
1720 2970 2295 3025 Hora—credidimus:
2323 2991 2686 3044 nox—appro-

677 3049 977 3119 pinquabit.
1017 3048 1095 3121 (V.
1137 3069 1188 3121 p.
1230 3057 1296 3105 10
1334 3054 1407 3123 b.)
1481 3056 1651 3108 “Hoc
1690 3056 1818 3129 Cap.
1855 3059 2059 3111 dicitur
2097 3061 2159 3112 in
2192 3061 2473 3116 Laudibus
2506 3063 2687 3117 diebus

678 3135 833 3189 Dom.
863 3138 1084 3203 tanticm,
1109 3139 1230 3191 eitm
1252 3139 1316 3191 de
1337 3140 1470 3193 Adv.
1494 3144 1717 3210 ayitur.''

748 3222 949 3277 Missus
970 3234 1050 3278 est
1075 3224 1200 3292 &c.]
1243 3228 1328 3281 De
1355 3227 1459 3280 Off.
1488 3229 1646 3283 Ebor.
1672 3249 1726 3283 v.
1749 3232 1819 3285 ad
1842 3250 1896 3302 p.
1921 3237 1955 3285 3
1979 3251 2028 3287 a.
2054 3235 2115 3287 in
2138 3236 2423 3290 Addendis.

744 3325 796 3377 p.
820 3312 854 3361 9
878 3310 930 3361 b.
955 3328 1134 3382 parag.
1169 3315 1243 3384 2.)
1266 3315 1374 3366 nisi
1399 3315 1462 3366 de
1483 3317 1581 3384 vio.
1609 3316 1669 3369 S.
1695 3316 1951 3389 Andreae]
1984 3319 2073 3373 Sic
2097 3321 2242 3378 recte
2268 3322 2459 3378 Douce
2483 3325 2602 3380 Res.
2629 3337 2686 3384 et
2791 3386 2796 3392 ,

679 3394 876 3465 Gough
905 3398 970 3448 16
993 3405 1048 3450 et
1070 3401 1155 3451 67.
1229 3398 1381 3453 Male
1406 3401 1624 3456 seriores
1649 3405 1907 3457 omittunt
1930 3406 2058 3458 nisi
