2910 4457
1128 417 1200 457 An
1244 417 1534 459 vaenue.
2275 398 2349 461 91

335 533 534 586 Mentis
555 536 772 594 perustae
792 532 1002 582 vulnera

273 597 472 647 Munda
494 596 682 644 viroris
704 595 892 656 gratia3

275 660 341 708 Ut
357 660 488 707 sacta
511 658 634 706 fletu
656 658 837 716 diluat,

272 721 551 780 Motusque
571 732 754 779 pravos
773 723 983 768 atterat:

331 783 362 831 J
366 783 506 831 ussis
523 782 627 830 tuis
640 782 968 842 obtemperet:

272 844 442 895 Nullis
459 844 615 892 malis
633 845 968 904 approximet3

276 906 433 955 Bonis
450 906 634 965 repleri
660 908 891 966 gaudeat,

274 968 334 1017 Et
351 968 538 1016 mortis
554 973 727 1015 actum
745 967 951 1018 nesciat.

332 1031 548 1084 Praesta,
566 1030 730 1077 Pater.
752 1032 823 1089 (p.
840 1030 938 1083 88.)

333 1090 399 1153 Ῠ.
426 1091 693 1151 Dirigatur
715 1093 843 1140 Dne.
867 1091 1018 1145 (ib-id.)

334 1154 441 1201 Per
473 1153 618 1201 AEst.
653 1153 897 1213 Hymnus
933 1153 1087 1202 Lucis
1118 1153 1268 1202 Crea-

276 1214 476 1273 tor.(ib.)
524 1212 587 1274 Ῠ.
610 1215 892 1275 Dirigatur.

337 1279 404 1325 A.
421 1276 682 1325 Exultavit
701 1277 913 1335 spiritus
927 1289 1073 1324 meus
1086 1276 1138 1323 in
1154 1277 1267 1325 Diio

275 1338 627 1460 Peooesalutari
660 1351 790 1387 meo,
828 1339 921 1386 Ps.
953 1339 1266 1399 Magnificat.

337 1462 525 1510 Preces
561 1466 652 1510 etc.
692 1467 753 1510 ut
787 1475 964 1522 supra.
1009 1464 1079 1523 (p.
1120 1461 1184 1512 39
1221 1467 1272 1511 et

278 1524 431 1586 seqq.)
459 1523 642 1572 Oratio
670 1528 731 1576 ut
749 1525 900 1573 decet.

506 1646 717 1695 FERIA
750 1648 1038 1707 QUARTA

581 1710 663 1756 Ad
698 1710 959 1769 Vespera&

556 1771 799 1818 Psalmus
818 1772 994 1833 coeoevj.

276 1832 435 1944 Nisi
455 1834 567 1882 Diis
591 1833 911 1881 aedificaverit
934 1835 1144 1882 domum
1172 1849 1184 1882 z
1213 1834 1267 1882 in

369 1908 565 1943 vanum
605 1895 959 1943 laboraverunt
987 1897 1076 1956 qui
1109 1897 1267 1945 aedifi-

274 1963 392 2006 cant
412 1969 548 2006 eam.

342 2020 456 2068 Nisi
497 2020 607 2066 Dr'is
641 2019 933 2068 custodierit
966 2019 1219 2068 civitatem
1252 2035 1266 2068 ι

272 2080 467 2129 frustra
489 2081 668 2142 vigilat
687 2082 776 2140 qui
797 2082 1014 2131 custodit
1031 2094 1163 2130 eam.

337 2143 548 2191 Vanum
578 2147 652 2190 est
671 2143 816 2191 vobis
835 2148 950 2191 ante
970 2144 1130 2190 lucem
1155 2156 1270 2191 sur-

275 2217 392 2266 gere
424 2219 439 2253 :
479 2205 677 2265 surgite
707 2208 973 2265 postquam
1017 2205 1265 2266 sederitiS,

274 2268 362 2328 qui
386 2268 711 2316 manducatis
733 2280 911 2326 panem
937 2267 1142 2316 doloris,

338 2328 472 2378 Cum
513 2329 710 2378 dederit
747 2329 942 2378 dilectis
982 2330 1091 2377 suis
1133 2341 1269 2377 som-

275 2403 403 2439 num
426 2406 439 2439 ε
461 2403 575 2439 ecce
596 2391 862 2439 haereditas
875 2392 977 2440 Dni
994 2391 1112 2451 filii3
1135 2402 1270 2440 mer-

274 2465 356 2503 cae
378 2454 578 2502 fructus
601 2454 810 2502 ventriS.

337 2515 481 2564 Sicut
508 2515 702 2576 sagittas
735 2516 787 2563 in
820 2526 977 2563 manu
1007 2515 1222 2574 potentis
1253 2529 1267 2564 t

275 2575 345 2625 ita
368 2578 463 2625 filii
483 2589 828 2626 excussorum.

337 2639 527 2688 Beatus
559 2639 638 2687 vir
681 2639 769 2699 qui
815 2638 1041 2697 implevit
1082 2637 1270 2687 deside-

278 2701 416 2749 rium
445 2714 602 2749 suum
633 2714 690 2750 ex
721 2701 848 2759 ipsis
874 2715 886 2748 z
922 2713 1023 2747 non
1055 2699 1270 2748 confun-

278 2763 425 2812 detur
446 2761 567 2812 cum
585 2763 818 2824 loquetur
835 2762 1060 2810 inimicis
1080 2761 1190 2810 suis
1211 2761 1267 2809 in

278 2830 438 2884 porta.

340 2886 517 2936 Gloria
554 2886 714 2935 Patri.
751 2888 815 2934 A.
854 2885 1039 2934 Beatus
1070 2885 1149 2934 vir
1177 2885 1267 2947 qui

277 2946 506 3009 implevit
525 2947 837 2998 desiderium
861 2959 1032 2995 suum.

543 3010 788 3057 Psalmus
809 3008 1005 3069 coeoeviJ.

278 3073 458 3181 Beati
480 3084 661 3121 omnes
680 3072 770 3131 qui
785 3072 966 3119 timent
992 3070 1127 3118 Dnm
1148 3083 1160 3118 z
1177 3070 1269 3129 qui

361 3134 628 3182 ambulant
649 3133 703 3180 in
726 3133 825 3181 viis
847 3134 975 3192 eJuS.

337 3196 558 3245 Labores
600 3207 852 3243 manuum
895 3200 1103 3242 tuarum
1145 3194 1268 3254 quia

280 3257 643 3308 manducabis:
667 3257 843 3305 beatus
863 3269 935 3318 eS,
952 3260 1000 3305 et
1023 3257 1150 3304 bene
1176 3254 1269 3304 tibi

278 3319 387 3369 erit.

336 3383 471 3431 Uxor
485 3386 574 3430 tua
590 3380 726 3428 sicut
741 3379 861 3427 vitis
884 3379 1185 3428 abundans:
1213 3377 1266 3426 in

277 3441 516 3493 lateribus
538 3444 727 3492 domus
751 3444 868 3488 tuae.

331 3507 452 3556 Filii
476 3505 555 3553 tui
578 3505 716 3552 sicut
743 3502 946 3552 novellae
971 3502 1220 3552 olivarum
1254 3516 1265 3548 ε

272 3567 321 3616 in
345 3568 568 3619 circuitu
584 3576 777 3615 mensae
794 3568 910 3613 tuae.

1428 530 1556 581 Ecce
1585 531 1659 581 slc
1693 531 2012 582 benedicetur
2045 531 2195 580 homo
2220 549 2232 582 :
2265 536 2355 594 qui

1365 594 1510 643 timet
1532 594 1688 644 Dnm.

1430 655 1699 705 Benedicat
1720 656 1812 704 tibl
1830 656 1942 704 Dns
1960 669 2016 706 ex
2038 655 2156 706 Sion
2182 671 2194 704 t
2218 661 2265 705 et
2286 658 2357 706 vi-

1364 717 1486 765 deas
1507 718 1634 766 bona
1650 718 1970 768 Hierusalem
1992 719 2231 767 omnibus
2251 720 2358 769 die-

1365 777 1464 827 bus
1485 780 1599 826 vitae
1621 783 1740 826 tuae.

1430 840 1495 888 Et
1514 840 1684 889 videas
1709 840 1839 887 filios
1863 840 2086 889 filiorum
2110 847 2314 891 tuorum
2341 858 2353 892 :

1366 912 1540 960 pacem
1562 914 1712 960 super
1733 902 1905 950 Israel.

1428 964 1600 1012 Gloria
1623 963 1782 1011 Patri.
1805 963 1869 1011 A.
1898 962 2042 1012 Beati
2061 976 2237 1015 omnes
2264 966 2356 1028 qui

1365 1025 1551 1074 timent
1574 1025 1731 1074 Dum.

1617 1118 1858 1166 Psalmus
1878 1121 2096 1183 coeoeviujj.

1442 1191 1544 1237 aepe
1574 1189 1988 1240 expugnaverunt
2017 1196 2097 1232 me
2119 1195 2148 1231 a
2171 1183 2355 1243 Juven-

1443 1247 1548 1290 tute
1568 1254 1679 1290 mea
1705 1258 1717 1291 ε
1740 1244 1874 1292 dieat
1896 1259 2033 1294 nune
2054 1247 2228 1295 Israel.

1427 1303 1567 1362 Saepe
1585 1314 2000 1365 expugnaverunt
2020 1322 2102 1357 me
2124 1321 2151 1357 a
2171 1310 2356 1369 juven-

1364 1369 1493 1475 ¹¹¹3}
1512 1379 1624 1415 mea
1664 1382 1677 1416 ε
1715 1369 1900 1417 etenim
1943 1383 2043 1418 non
2083 1377 2355 1430 potuerunt

1366 1440 1437 1475 mi
1480 1441 1514 1475 1.

1426 1489 1589 1549 Supra
1626 1491 1836 1538 dorsum
1869 1504 2041 1540 meum
2084 1493 2356 1542 fabricave-

1364 1555 1489 1599 runt
1536 1556 1815 1611 peccatores
1861 1568 1875 1602 ι
1930 1555 2356 1613 prolongaverunt

1365 1612 1687 1672 iniquitatem
1708 1625 1875 1662 suam.
1993 1627 1996 1632 ·

1424 1677 1535 1724 Dns
1552 1676 1723 1735 Justus
1750 1677 1975 1726 concidet
2007 1678 2223 1727 cervices
2244 1690 2355 1738 pec-

1364 1744 1593 1787 catorum
1625 1753 1637 1787 :
1673 1738 2049 1788 confundantur
2070 1745 2119 1788 et
2148 1753 2355 1790 conver-

1363 1806 1539 1911 tSantur
1554 1806 1830 1850 retrorsum
1843 1814 2022 1850 omnes
2036 1803 2126 1863 qui
2141 1804 2357 1852 oderunt

1402 1876 1506 1912 ron.

1428 1925 1580 1973 Fiant
1626 1926 1756 1973 sicut
1802 1925 1995 1973 l'oenum
2056 1931 2300 1974 tectorum
2339 1941 2353 1974 ε

1364 1988 1499 2047 quod
1537 1986 1835 2046 priusquam
1870 1988 2110 2034 evellatur
2140 1987 2354 2035 exaruit.

1426 2049 1500 2096 De
1509 2060 1609 2106 quo
1623 2060 1723 2094 non
1738 2047 1966 2105 implevit
1979 2059 2189 2094 manum
2205 2060 2350 2095 suam

1364 2110 1455 2170 qui
1472 2112 1624 2156 metet
1649 2123 1662 2157 ι
1684 2112 1731 2155 et
1751 2108 1926 2155 sinum
1954 2120 2108 2155 suum
2131 2108 2222 2168 qui
2243 2121 2355 2157 rna-

1366 2170 1567 2232 nipulos
1589 2169 1777 2228 colligit
1800 2184 1813 2218 ε

1428 2233 1494 2282 Et
1525 2245 1624 2279 non
1652 2232 1886 2279 dixerunt
1902 2230 1992 2290 qui
2013 2231 2351 2290 praeteribant,

1363 2293 1653 2344 Benedictio
1667 2293 1770 2342 Dni
1791 2305 1941 2351 super
1963 2304 2084 2342 vos:
2106 2294 2356 2342 benedixi-

1364 2369 1483 2407 mus
1507 2355 1649 2404 vobis
1671 2355 1723 2403 in
1747 2355 1954 2403 nomine
1972 2355 2093 2403 Dni.

1425 2419 1597 2469 Gloria
1619 2417 1779 2466 Patri.
1803 2419 1866 2465 A.
1890 2417 2248 2467 Benediximus
2268 2430 2356 2467 vo-

1362 2482 1442 2531 bis
1463 2482 1517 2530 in
1541 2480 1747 2530 nomine
1765 2480 1887 2528 Diri.

1633 2579 1877 2627 Psalmus
1897 2579 2080 2626 cxxix.

1454 2653 1482 2689 e
1506 2639 1771 2701 profundis
1791 2640 2003 2687 clamavi
2036 2640 2099 2686 ad
2125 2643 2174 2686 te
2201 2638 2313 2687 Dite
2338 2654 2355 2688 τ

1362 2653 1566 2752 DDne
1585 2701 1764 2749 exaudi
1784 2712 1955 2747 vocem
1980 2712 2164 2747 meam.

1429 2763 1582 2811 Fiant
1610 2773 1761 2810 aures
1787 2766 1885 2808 tuae
1918 2761 2237 2809 intendentes
2260 2775 2273 2809 t
2296 2759 2352 2809 in

1363 2837 1535 2874 vocem
1560 2822 1923 2882 deprecationis
1946 2834 2087 2871 meae.

1429 2887 1485 2935 Si
1515 2886 1809 2945 iniquitates
1843 2882 2187 2933 observaveris
2207 2883 2354 2934 Dine:

1363 2949 1475 2998 Bne
1496 2948 1615 3006 quis
1637 2947 1944 2996 sustinebit?

1426 3010 1563 3071 Quia
1591 3010 1724 3069 apud
1761 3015 1808 3057 te
1843 3008 2128 3069 propitiatio
2161 3012 2273 3058 est:
2308 3012 2357 3058 et

1364 3078 1566 3134 propter
1584 3072 1745 3132 legem
1764 3077 1906 3119 tuam
1923 3071 2147 3120 sustinui
2164 3076 2210 3118 te
2225 3071 2352 3118 Dne.

1431 3134 1688 3184 Sustinuit
1733 3134 1906 3181 anima
1953 3144 2066 3180 mea
2107 3132 2161 3178 in
2203 3132 2355 3179 verbo

1362 3196 1477 3257 ejus
1496 3212 1509 3246 ε
1528 3195 1748 3256 speravit
1766 3195 1938 3243 anima
1959 3205 2069 3240 mea
2087 3192 2140 3238 in
2159 3192 2290 3240 Dno.

1427 3258 1477 3306 Α
1522 3257 1747 3306 custodia
1794 3254 2043 3303 matutina
2088 3265 2248 3313 usque
2289 3254 2352 3302 ad

1365 3324 1564 3369 noctem
1590 3335 1603 3368 ι
1627 3322 1789 3378 speret
1808 3316 1961 3365 Israel
1983 3315 2036 3362 in
2059 3315 2190 3363 Dim.

1431 3381 1566 3440 Quia
1587 3380 1719 3440 apud
1743 3380 1878 3427 Dnm
1901 3375 2244 3425 misericordia
2270 3390 2283 3424 z
2305 3379 2354 3424 et

1365 3444 1562 3501 copiosa
1584 3442 1715 3500 apud
1738 3452 1854 3488 eum
1877 3437 2172 3497 redemptio.

1426 3504 1491 3553 Et
1512 3504 1618 3563 ipse
1638 3503 1851 3552 redimet
1881 3499 2035 3547 lsrael
2062 3514 2075 3549 ε
2105 3511 2161 3547 ex
2186 3497 2354 3546 omni-

1363 3566 1461 3615 bus
1483 3564 1837 3625 iniquitatibus
1861 3561 1989 3621 eJuS.

2155 3986 2397 4159 ,Υ

2133 4246 2148 4285 με
2141 4202 2148 4239 m..

2149 4162 2164 4191 ²¹¹⁸?
