2910 4457
1069 356 1143 396 u>
1184 356 1424 399 aarum.
2209 341 2283 403 1⁷

262 469 341 519 Tu
386 472 564 519 aunem
613 468 726 517 Bne
776 480 845 518 ne
884 470 1200 530 elongaveris

203 532 452 580 auxilium
485 536 636 579 tuum
658 544 687 579 a
714 543 799 580 me
826 546 839 582 :
861 534 925 581 ad
954 532 1201 582 defensio-

204 606 320 642 nem
342 605 515 643 meam
546 594 792 652 conspice.

263 656 400 705 Erue
455 668 484 703 a
539 653 730 703 framea
781 655 919 703 Deus
969 656 1197 705 animam

203 726 398 766 meam:
435 721 485 766 et
524 718 586 765 de
618 728 778 765 manu
815 717 956 765 canis
992 719 1198 767 unicam

201 791 391 828 meam.

264 840 417 889 Salva
434 852 518 889 me
531 852 588 888 ex
603 853 690 888 ore
706 841 862 889 leonis
887 845 968 891 :et
986 854 1016 889 a
1032 843 1201 891 corni-

201 902 299 951 bus
309 903 641 950 unicornium
653 902 991 951 humilitatem
1011 916 1197 954 meam.

262 964 498 1014 Narrabo
535 976 738 1012 nomem
774 971 923 1012 tuum
957 964 1200 1015 fratribus

204 1037 259 1076 m
278 1027 356 1074 eis
382 1042 394 1075 :
413 1027 465 1074 in
483 1026 882 1074 medioEcclesiae
899 1027 1113 1076 laudabo
1132 1033 1198 1078 te.

266 1087 372 1148 Qui
402 1088 593 1137 timetis
620 1088 784 1146 Dum,
815 1089 1012 1137 laudate
1037 1102 1156 1137 eum
1185 1106 1199 1140 ε

204 1150 505 1199 universum
550 1161 723 1198 semen
744 1150 897 1199 Jacob
929 1152 1201 1210 glorificate

201 1221 342 1261 eum.

266 1274 466 1321 Timeat
486 1285 602 1321 eum
636 1286 786 1321 omne
802 1286 971 1322 semen
994 1276 1146 1324 Israel
1183 1290 1199 1327 t

144 1335 150 1339 ’
203 1336 447 1397 quoniam
498 1347 598 1383 non
656 1336 844 1395 sprevit
893 1349 1054 1396 neque
1112 1340 1200 1387 de-

203 1398 363 1457 spexit
385 1398 785 1457 deprecationem
809 1399 1061 1457 pauperis.

264 1460 368 1510 Nec
390 1460 570 1507 avertit
592 1459 769 1507 faciem
788 1471 933 1507 suam
959 1473 986 1508 a
1015 1474 1123 1510 me:
1150 1465 1199 1509 et

205 1519 323 1569 cum
334 1522 607 1569 clamarem
618 1522 682 1569 ad
696 1533 812 1568 eum
831 1523 1083 1570 exaudivit
1095 1536 1195 1572 me.

265 1583 419 1643 Apud
437 1588 484 1631 te
506 1584 616 1631 laus
637 1594 749 1630 mea
768 1583 820 1629 in
843 1582 1065 1632 Ecclesia
1087 1597 1200 1633 ma·-

203 1657 305 1707 gna
330 1661 343 1694 :
366 1650 479 1692 vota
501 1654 610 1693 mea
630 1645 836 1693 reddam
860 1645 912 1692 in
931 1653 1196 1707 conspectu

202 1708 496 1756 timentium
515 1719 653 1755 eum.

267 1768 431 1818 Edent
469 1780 710 1828 pauperes
736 1771 784 1816 et
799 1770 1195 1830 saturabuntur,

201 1834 253 1881 et
298 1830 578 1879 laudabunt
619 1831 756 1878 Dum
799 1831 887 1889 qui
929 1833 1198 1892 requirunt

201 1904 321 1941 eum
350 1907 363 1942 ε
389 1893 562 1940 vivent
583 1892 733 1941 corda
756 1904 932 1942 eorum
958 1895 1012 1941 in
1039 1907 1198 1943 saecu-

199 1955 312 2002 lum
329 1955 520 2002 saeculi.

261 2016 677 2065 Reminiscentur
692 2020 739 2064 et
756 2021 1109 2066 convertentur
1130 2018 1192 2067 ad

202 2077 344 2127 Dum
366 2094 378 2127 :
398 2078 626 2127 universi
642 2078 767 2126 fines
783 2085 946 2127 terrae.

266 2140 331 2189 Et
358 2140 642 2189 adorabunt
668 2140 722 2187 in
748 2146 1013 2201 conspectu
1046 2140 1194 2200 eius,
1180 2156 1194 2170 ·

200 2203 458 2251 universae
482 2202 683 2251 ramiliae
699 2201 960 2252 Gentium.

263 2265 524 2325 Quoniam
552 2265 743 2313 Dfiiest
759 2277 1008 2326 regnum·
1026 2266 1197 2325 etipse

197 2325 551 2375 dominabitur
577 2327 837 2383 Gentium.

261 2380 704 2439 Manducaverunt
760 2393 808 2436 et
859 2389 1197 2437 adoraverunt

198 2463 382 2500 omnes
402 2451 617 2511 pingues
639 2456 822 2498 terrae·
810 2487 822 2499 .
851 2451 903 2499 in
928 2457 1194 2510 conspectu

199 2514 315 2573 ejus
346 2514 523 2561 cadent
555 2525 731 2561 omnes
768 2513 858 2572 qui
885 2514 1196 2562 descendunt

203 2575 259 2624 in
282 2581 491 2623 terram.

267 2636 334 2684 Et
374 2637 544 2685 anima
578 2647 689 2684 mea
708 2635 782 2683 1111
829 2636 1001 2685 vivet.
1033 2641 1082 2684 et
1116 2648 1195 2685 se-

204 2709 327 2747 men
347 2711 514 2746 meum
538 2698 720 2746 serviet
737 2697 852 2756 ipsi.

268 2759 676 2809 Annuntiabitur
688 2760 801 2807 Dfio
815 2758 1070 2819 generatio
1083 2771 1111 2805 v
1114 2772 1197 2808 en-

202 2826 354 2872 tura:
368 2827 417 2870 et
427 2822 805 2870 annuntiabunt
818 2821 926 2869 coeli
941 2821 1193 2880 iustitiam

199 2884 315 2943 ejus
331 2885 512 2945 populo
529 2885 619 2944 qui
638 2887 888 2942 nascetur,
906 2895 1059 2943 quem
1084 2883 1194 2931 fecit

203 2945 475 2994 Dominus,

486 3008 729 3055 Psalmus
772 3005 911 3066 oeoeij.

291 3071 500 3119 ominus
535 3071 663 3130 regit
691 3081 798 3126 me,
834 3073 883 3115 et
910 3067 1035 3116 nihil
1064 3068 1194 3116 mihi

290 3133 499 3183 deerit.
487 3148 500 3161 ·
535 3133 588 3179 in
628 3133 732 3179 loco
763 3142 960 3191 pascuae
1002 3130 1072 3177 ibi
1112 3143 1194 3178 me

201 3194 480 3243 collocavit.

264 3257 424 3316 Super
453 3267 641 3316 aquam
665 3253 946 3302 refectionis
966 3253 1197 3301 educant

195 3330 313 3368 me.
331 3319 561 3367 animam
579 3329 745 3364 meam
764 3315 1025 3363 convertit.

258 3381 478 3430 Deduxit
510 3392 593 3428 me
624 3391 773 3438 super
806 3378 1011 3426 semitas
1042 3376 1198 3436 justi-

192 3442 316 3493 tize:
342 3447 552 3513 propter
570 3452 755 3488 nomen
773 3451 945 3488 suum.

257 3506 392 3556 Nam
427 3509 477 3554 et
510 3503 553 3552 si
588 3501 911 3551 ambulavero
943 3501 996 3549 in
1030 3500 1196 3549 medio

1295 471 1489 522 umbrae
1509 473 1732 523 mortis:
1767 484 1869 523 non
1907 474 2095 525 timebo
2130 477 2283 537 mala,

1292 535 1536 595 quoniam
1558 540 1614 583 tu
1636 548 1835 584 mecum
1859 549 1931 585 eS.

1355 596 1514 656 Virga
1546 601 1631 645 tua
1662 603 1710 645 et
1738 599 1950 647 baculus
1976 603 2144 649 tuus:
2176 600 2283 661 ipsa

1293 669 1375 706 me
1396 659 1645 707 consolata
1663 665 1803 708 sunt.

1355 719 1553 767 Parasti
1591 721 1642 767 in
1687 728 1954 781 conspectu
1997 735 2109 772 meo
2138 735 2285 773 men·
2326 763 2329 772 .

1293 792 1438 829 sam:
1461 782 1553 828 adi
1558 793 1702 829 ersus
1716 796 1798 831 eos
1818 785 1908 843 qui
1922 786 2165 834 tribulant
2181 798 2282 834 me.

1355 841 1730 902 Impinguasti
1717 857 1769 891 m
1791 846 1896 892 oleo
1917 852 2064 905 caput
2079 860 2279 899 meum.

1293 907 1342 951 et
1370 904 1498 951 calix
1524 916 1669 952 meus
1694 906 1949 954 inebrians
1974 920 2130 967 quam
2156 922 2285 970 prae·

1294 965 1466 1013 clarus
1482 971 1574 1014 est.

1357 1025 1421 1075 Et
1453 1027 1795 1077 misericordia
1833 1033 1919 1077 tua
1951 1030 2285 1091 subsequetur

1293 1100 1413 1138 me:
1435 1090 1675 1138 omnibus
1689 1091 1867 1139 diebus
1888 1092 2002 1139 vitae
2018 1104 2159 1141 meae.

1356 1151 1420 1200 Et
1451 1156 1510 1198 ut
1539 1152 1816 1201 inhabitem
1848 1154 1901 1201 in
1945 1155 2095 1203 domo
2134 1154 2233 1203 Dni
2270 1170 2284 1204 ε

1297 1211 1349 1260 in
1384 1213 1753 1274 longitudinem
1783 1216 2003 1265 dierum.

1356 1274 1511 1323 Goria
1534 1277 1692 1324 Patri.

1574 1337 1811 1386 Psalmus
1842 1339 2001 1400 xxiij.

1295 1398 1545 1505 Domini
1557 1405 1631 1447 est
1642 1405 1792 1459 terra,
1810 1406 1857 1448 et
1871 1400 2128 1460 plenitudo
2143 1400 2284 1459 elus,

1385 1460 1524 1507 orbis
1553 1467 1833 1520 terrarum,
1864 1468 1910 1509 et
1934 1462 2162 1510 universi
2194 1463 2284 1522 qui

1292 1518 1557 1568 habitant
1544 1535 1595 1569 in
1620 1535 1693 1570 eo.

1357 1580 1490 1641 Quia
1525 1584 1629 1643 ipse
1663 1596 1814 1643 super
1851 1583 2012 1632 maria
2054 1582 2287 1633 fundavit

1293 1654 1411 1692 eum
1449 1651 1535 1695 :et
1561 1658 1712 1706 super
1742 1646 1955 1695 flumina
1987 1648 2286 1707 praeparavit

1292 1716 1428 1754 eum.

1354 1768 1486 1828 Quis
1516 1771 1744 1820 ascendet
1781 1770 1834 1818 in
1877 1776 2101 1821 montem
2146 1769 2284 1820 Dui‘?

1291 1834 1380 1876 aut
1399 1832 1517 1891 quis
1532 1833 1683 1880 stabit
1706 1834 1759 1882 in
1780 1834 1882 1881 loco
1904 1838 2077 1882 sancto
2092 1833 2135 1892 ej
2143 1836 2235 1882 us?

1351 1892 1602 1943 Innocens
1672 1895 1913 1943 manibus
1975 1901 2023 1942 et
2090 1895 2285 1942 mundo

1290 1955 1465 2014 corde3
1492 1956 1583 2015 qui
1606 1969 1705 2004 non
1731 1957 1920 2015 accepit
1942 1956 1994 2003 in
2017 1967 2148 2003 vano
2172 1957 2285 2003 ani-

1290 2027 1430 2087 mam
1480 2028 1626 2064 suam
1654 2032 1667 2066 :
1710 2029 1801 2064 nec
1837 2016 2032 2076 §uravit
2074 2017 2128 2063 in
2171 2017 2285 2065 dolo

1292 2087 1520 2137 proximo
1541 2090 1647 2125 suo.

1355 2139 1452 2186 Hic
1469 2139 1676 2197 accipiet
1691 2138 2086 2186 benedictionem
2101 2150 2130 2185 a
2143 2138 2285 2189 Duo:

1290 2203 1339 2249 et
1361 2200 1761 2248 misericordiam
1780 2212 1806 2247 a
1824 2199 1927 2248 Deo
1946 2200 2156 2248 salutari
2174 2212 2284 2251 suo.

1353 2263 1475 2310 Haec
1522 2267 1595 2310 est
1644 2262 1894 2323 generatio
1947 2264 2284 2322 quaerentium

1290 2336 1407 2373 eum
1429 2326 1791 2383 :quaerentium
1812 2324 1988 2373 faciem
2006 2324 2098 2372 Dei
2113 2325 2284 2375 Jacob.

1354 2385 1584 2435 Attollite
1613 2393 1781 2447 portas
1796 2387 2049 2446 principes
2065 2392 2257 2436 vestras
2269 2425 2282 2447 ,

1290 2452 1339 2497 et
1360 2448 1629 2497 elevamini
1648 2454 1800 2510 portae
1829 2449 2085 2498 aeternales
2105 2466 2118 2500 ε
2135 2456 2184 2500 et
2205 2451 2286 2498 in-

1290 2511 1463 2559 troibit
1478 2524 1559 2559 rex
1575 2512 1762 2571 gloriae.

1353 2573 1485 2633 Quis
1499 2578 1572 2622 est
1590 2575 1682 2622 iste
1699 2586 1780 2622 rex
1801 2573 2002 2644 glor-iae‘?
2019 2573 2129 2620 Diis
2145 2572 2286 2621 fortis

1290 2640 1339 2685 et
1354 2640 1554 2694 potens,
1578 2636 1688 2683 Diis
1709 2635 1951 2692 potensin
1971 2633 2157 2691 praelio.

1354 2696 1582 2744 Attollite
1603 2686 1771 2766 portas
1787 2694 2040 2753 principes
2066 2698 2283 2766 vestraS‚

1291 2761 1340 2805 et
1355 2758 1461 2804 elev
1464 2756 1626 2803 amini
1653 2763 1806 2815 portae
1835 2755 2124 2805 aeternales·
2142 2756 2287 2803 etin-

1291 2819 1466 2866 troibit
1481 2830 1564 2865 rex
1588 2818 1774 2877 gloria).
1796 2859 1800 2864 .
1895 2850 1908 2864 .

1356 2880 1486 2940 Quis
1497 2885 1570 2929 est
1587 2881 1677 2928 iste
1695 2893 1777 2928 rex
1795 2879 1990 2942 gloriae‘?
2005 2880 2115 2929 Βῑι5
2129 2880 2286 2929 virtu-

1291 2946 1421 3001 tum,
1444 2943 1549 3002 ipse
1565 2948 1639 2991 est
1657 2956 1739 2991 rex
1759 2943 1947 3003 gloriae.

1563 3005 1804 3053 Psalmus
1834 3004 2012 3066 oeoeiitjj.

1294 3066 1415 3177 Ad
1440 3070 1487 3115 te
1508 3068 1619 3116 Dne
1648 3067 1809 3116 levavi
1831 3068 2059 3117 animam
2073 3077 2242 3114 meam

1382 3129 1518 3177 Deus
1558 3142 1705 3178 meus
1736 3130 1790 3178 in
1823 3136 1872 3179 te
1911 3129 2132 3188 contid03
2179 3131 2282 3174 non‘

1290 3191 1601 3240 erubescam.

1356 3253 1529 3312 Neque
1553 3253 1799 3301 irrideant
1826 3265 1908 3299 me
1929 3249 2128 3299 inimici
2148 3247 2284 3297 mei:

1292 3315 1479 3362 etenim
1529 3315 1758 3362 universi
1804 3314 1894 3372 qui
1941 3312 2194 3360 sustinent
2236 3314 2284 3357 te

1294 3389 1396 3423 non
1420 3376 1812 3425 confundentur.

1355 3436 1744 3487 confundantur
1758 3447 1935 3484 omnes
1945 3435 2122 3493 iniqua
2137 3443 2286 3492 agen-

1294 3504 1367 3548 tes
1383 3514 1395 3549 z
1414 3511 1737 3559 supervacue.

1977 3573 2026 3621 2.

2334 3844 2609 4079 f
