2910 4457
524 354 641 419 128

524 508 613 551 nat
651 503 706 551 in
734 503 931 552 unitate
966 495 1055 568 Sp.
1078 502 1254 554 Sancti
1277 504 1421 553 Deus
1495 519 1550 554 er

520 569 695 618 omnia
713 569 902 618 saecula
921 569 1241 619 saeculorum.
1276 520 1495 684 Amenss

586 632 625 699 ὃ
645 631 797 701 18.)
823 635 908 682 Αι)
929 635 1277 696 Maru-uuas,
1303 634 1417 685 Ιηυ.
1497 651 1547 685 e-

521 717 641 766 gem
658 699 1029 765 Apostolorum
1042 700 1201 750 D‘fim:
1220 702 1405 750 Venite
1423 701 1547 750 ado-

519 782 708 816 remus.
728 764 812 815 Pa.
828 767 1011 816 Venite
1025 767 1308 817 exultemus
1323 766 1393 831 (p.
1414 768 1545 831 122).

586 831 850 896 Hymnus.-
873 832 1060 881 Annue
1081 832 1281 882 Christe
1306 833 1357 896 (ξ
1380 834 1479 896 16).

588 897 657 946 In
666 897 839 962 primo
860 897 1142 958 Nocturna,
1156 897 1219 947 A.
1263 898 1325 947 In
1344 915 1549 949 omnem

518 969 707 1013 terram
721 963 881 1013 exivit
892 978 1052 1012 sonus
1067 980 1243 1013 eorum
1255 982 1268 1025 3
1290 965 1402 1014 etin
1415 966 1546 1014 fines

521 1029 660 1078 orbis
694 1034 838 1078 terrae
872 1030 1031 1079 verba
1067 1045 1258 1079 eorum.
1293 1028 1379 1078 Pa.
1417 1030 1547 1081 Coeli

521 1102 764 1143 enarrant
805 1094 877 1174 (p.
918 1097 1016 1158 10).
1078 1095 1140 1144 A.
1182 1095 1548 1145 Clamaverunt

510 1161 658 1224 justi,
684 1167 735 1209 et
760 1162 871 1209 Dns
898 1160 1159 1209 exaudivit
1183 1177 1287 1210 eos.
1333 1159 1422 1211 Pa.
1448 1163 1546 1210 Be-

521 1225 757 1275 nedicam
785 1226 856 1291 (p.
888 1227 990 1289 34).
1032 1226 1096 1276 A.
1124 1227 1418 1277 Constitues
1455 1244 1545 1277 eos

516 1292 777 1356 principes
803 1308 956 1357 super
976 1307 1179 1342 omnem
1194 1298 1406 1342 terram:
1439 1309 1545 1341 me-

522 1373 688 1405 mores
724 1363 871 1406 erunt
890 1360 1112 1408 nomilus
1145 1359 1237 1420 tui,
1271 1356 1406 1408 D‘fie.
1457 1356 1545 1409 Ps.

520 1423 789 1472 Eructavit
809 1423 879 1488 (p.
898 1427 1002 1487 45).

587 1487 674 1540 Va.
693 1489 753 1538 In
774 1506 977 1539 onmem
995 1497 1181 1539 terram
1202 1490 1252 1552 (ἓ
1276 1490 1374 1552 16).

587 1552 648 1618 [L
668 1555 873 1604 inserit:
910 1555 1176 1620 Leqantur
1198 1556 1469 1606 Lecciones
1499 1562 1546 1606 et

517 1619 863 1684 Euanqelium
887 1638 979 1685 que
1005 1623 1061 1670 in
1080 1622 1246 1672 Fastis
1263 1621 1543 1687 notantur]

588 1687 631 1746 R
662 1685 799 1762 [post
820 1686 956 1736 Lect.
996 1687 1060 1752 1].
1102 1690 1241 1738 Ecce
1281 1704 1378 1753 ego
1398 1689 1543 1736 mitto

518 1763 615 1799 vos
635 1758 769 1800 sicut
786 1769 910 1802 oves
929 1753 982 1801 in
1001 1754 1168 1803 medio
1185 1754 1440 1818 luporum,
1471 1753 1544 1801 di-

522 1817 592 1864 cit
611 1815 740 1866 D‘fis.
776 1818 955 1867 Estote
975 1836 1097 1882 ergo
1116 1819 1393 1884 prudentes
1411 1819 1547 1868 sicut

519 1891 800 1947 serpentes,
833 1891 884 1932 et
911 1884 1170 1948 simplices
1200 1886 1333 1935 sicut
1350 1884 1546 1934 colum-

518 1948 615 1997 bae.
653 1946 717 2000 V.
737 1950 875 1998 Dum
908 1950 1077 1999 lucem
1101 1951 1317 2010 habeti3‚
1354 1950 1544 2000 credite

514 2014 573 2061 in
591 2014 776 2076 lucem,
794 2021 851 2064 ut
866 2016 958 2065 filii
975 2016 1105 2066 lucis
1125 2017 1251 2079 sitis,
1272 2017 1393 2065 dicit
1410 2014 1543 2066 Dfis.

516 2080 698 2130 Estote
717 2097 840 2147 ergo
881 2082 1048 2132 cbo-:ut
1064 2082 1259 2198 supra}

584 2147 630 2207 Bc
671 2144 807 2210 [post
891 2155 979 2197 eet.
1017 2148 1081 2214 21.
1141 2151 1218 2198 To
1242 2150 1331 2198 lite
1357 2149 1545 2214 jugum

516 2228 685 2261 meum
698 2230 852 2279 super
868 2232 978 2270 vos.
1001 2214 1122 2265 dicit
1134 2214 1273 2276 D'fis;
1295 2222 1345 2265 et
1363 2215 1543 2264 discite

518 2279 638 2341 quia
658 2280 793 2329 mitis
813 2296 926 2329 sum
945 2287 991 2330 et
1010 2281 1216 2332 humilis
1236 2283 1404 2332 corde.
1445 2282 1543 2331 Ju-

517 2359 641 2408 gum
669 2346 806 2394 enim
823 2362 993 2395 meum
1012 2363 1171 2397 suave
1204 2355 1295 2409 est,
1339 2354 1389 2397 et
1409 2363 1542 2397 onus

517 2425 687 2457 mcum
703 2409 834 2459 leve.
857 2410 920 2464 V.
939 2413 1005 2460 Et
1022 2414 1297 2462 invenietis
1314 2430 1368 2462 re
1407 2414 1544 2462 uiem

516 2475 790 2524 animabus
808 2479 1010 2527 vestris.
1046 2479 1242 2544 Jugum
1265 2430 1405 2544 [cc-off

582 2541 628 2602 R
686 2539 823 2606 [post
857 2542 996 2593 Lect.
1021 2543 1087 2609 3].
1129 2547 1266 2594 Dum
1301 2545 1541 2594 steteritis

515 2612 636 2655 ante
668 2623 817 2673 reges
843 2615 893 2658 et
910 2610 1177 2674 praesides,
1202 2610 1363 2660 nolite
1400 2611 1542 2676 cogi-

513 2678 624 2720 tare
660 2676 918 2737 quomodo
954 2682 1042 2725 aut
1077 2676 1200 2740 quid
1238 2676 1539 2740 loquamini.

515 2737 736 2787 Dabitur
754 2741 890 2790 enim
906 2742 1055 2792 vobis
1091 2744 1144 2791 in
1163 2743 1254 2792 illa
1270 2743 1398 2792 hora
1417 2742 1541 2807 quid

511 2801 814 2867 loquamini.
868 2806 931 2859 V.
951 2809 1068 2857 Non
1106 2810 1241 2858 enim
1278 2826 1373 2858 vos
1418 2809 1540 2857 estis

515 2869 603 2931 qui
638 2869 932 2935 loquimini,
979 2875 1071 2923 sed
1115 2875 1331 2939 Spiritus
1373 2875 1539 2924 Patris

515 2936 674 3001 vestri
693 2937 779 2999 qui
796 2937 1024 3002 loquitur
1042 2942 1095 2989 in
1132 2941 1299 2990 vobis.
1318 2940 1540 2990 Dabitur

517 2997 643 3064 [ὤεα]
682 3001 859 3051 Gloria
895 3003 1069 3069 [Patri,
1107 3012 1156 3054 et
1178 3006 1327 3068 Filio,
1363 3012 1413 3055 et
1449 3007 1539 3071 Sp.

515 3065 745 3132 Sancto]
780 3069 1000 3118 Dabitur
1022 3069 1148 3136 [csta]

581 3130 617 3196 ξ
653 3131 802 3199 19.)
831 3133 899 3184 In
917 3134 1142 3185 IINoct.
1181 3136 1244 3186 A.
1268 3136 1538 3202 Principes

508 3199 819 3264 populorum
837 3203 1141 3268 congregati
1157 3209 1276 3252 sunt
1295 3219 1412 3253 cum
1422 3204 1537 3253 Deo

510 3265 788 3316 Abraham.
814 3265 902 3316 Pe.
923 3268 1115 3318 Omnes
1133 3275 1316 3333 gentes
1341 3268 1414 3333 (p.
1431 3270 1536 3333 46).

510 3330 575 3381 A.
624 3333 828 3382 Dedisti
870 3333 1203 3383 hereditatem
1241 3335 1538 3385 timentibus

506 3413 698 3448 nomen
719 3405 879 3459 tuum,
906 3399 1042 3449 Dsie.
1094 3398 1182 3449 1³⁸.
1209 3400 1410 3449 Exaudi
1435 3402 1538 3449 De-

509 3477 571 3512 us
606 3465 1020 3530 deprecationem
1072 3463 1143 3530 (p.
1183 3467 1284 3529 53).
1337 3466 1401 3516 A.
1430 3468 1538 3516 An—

507 3531 888 3581 nunciaverunt
907 3548 936 3582 o
978 3548 1063 3581 era
1080 3533 1193 3593 Dei,
1215 3534 1408 3582 etfacta
1426 3534 1537 3596 ejus

508 3593 890 3646 intellexerunt.
987 3616 1025 3648 ε.
1044 3597 1247 3647 Exaudi
1264 3599 1405 3648 Deus
1425 3615 1539 3647 ora-

507 3658 703 3709 tionem
720 3661 793 3726 (p.
815 3664 917 3727 53).

579 3722 666 3776 Vs.
688 3726 984 3779 Constitucs
997 3728 1104 3794 [eos
1114 3730 1374 3796 principes
1385 3746 1539 3794 super

1290 359 1526 411 consuas
1553 372 1900 411 Arosrotonun

2402 357 2453 420 (ξ
2482 361 2679 408 17—20

1650 520 1853 554 omnem
1868 509 2070 554 terram.
2107 505 2198 566 Bo.
2227 503 2486 554 Memores
2522 510 2680 553 erunt

1648 571 1871 620 nominis
1895 571 1969 618 tui
1987 568 2142 635 Dfie].

1717 637 1763 698 R
1844 643 1918 684 oet
1936 635 2074 686 Leot.
2098 634 2168 750 41.
2216 635 2338 684 Vidi
2363 636 2681 699 conjunctos

1646 703 1785 751 viros
1840 702 2051 751 abentes
2071 718 2130 766 sp
2155 700 2369 750 endidas
2387 707 2593 763 vestes3
2629 707 2683 749 et

1647 767 1867 832 angelus
1904 765 2009 815 D‘fii
2039 766 2245 816 locutus
2283 773 2361 816 est
2386 767 2453 815 ad
2471 782 2570 828 me,
2603 766 2679 814 di·

1648 849 1793 882 cens:
1815 833 1904 881 Isti
1923 839 2044 881 sunt
2060 833 2157 881 viri
2175 833 2357 893 sancti,
2375 833 2501 881 facti
2520 833 2679 881 amici

1648 899 1762 947 Dei.
1791 896 1855 950 V.
1876 898 1996 946 Vidi
2025 898 2269 947 anoelum
2288 899 2386 946 Dei
2409 897 2681 947 volantem

1645 980 1737 1028 per
1765 964 1988 1013 medium
2015 936 2147 1024 coefi,
2185 979 2315 1013 voce
2344 980 2535 1029 magna
2570 962 2679 1012 cla-

1646 1034 1870 1079 mantem
1905 1035 1955 1078 et
1982 1029 2260 1079 dicentem:
2302 1030 2395 1079 Isti
2430 1035 2553 1079 sunt
2576 1030 2681 1078 viri

1647 1095 1828 1156 sancti,
1852 1096 1976 1145 facti
1992 1095 2142 1144 amici
2162 1096 2277 1144 Dei.

1712 1163 1758 1223 R
1795 1159 1929 1226 [post
1952 1159 2088 1210 Lect.
2114 1159 2181 1226 5].
2227 1160 2319 1210 Isti
2351 1166 2475 1208 sunt
2497 1160 2679 1208 trium-

1647 1227 1888 1291 phatores
1914 1231 1964 1275 et
1986 1227 2138 1275 amici
2160 1228 2287 1286 Dei;
2313 1226 2417 1290 qui,
2445 1232 2679 1275 contem-

1647 1298 1827 1342 nentes
1843 1293 1995 1356 jussa
2028 1293 2343 1357 principum,
2379 1298 2682 1340 meruerunt

1647 1358 1854 1422 praemia
1878 1365 2083 1407 aetcrna.
2109 1358 2269 1407 Modo
2286 1363 2603 1406 coronantur
2628 1363 2683 1406 et

1646 1425 1907 1488 accipiunt
1941 1424 2179 1488 palmam.
2206 1422 2271 1476 V.
2298 1423 2392 1473 Isti
2438 1429 2561 1472 sunt
2585 1424 2681 1487 qui

1644 1495 1901 1539 venerunt
1924 1506 1990 1538 ex
2011 1504 2201 1554 magna
2222 1489 2560 1538 tribulatione
2574 1527 2587 1550 ,
2626 1494 2682 1537 et

1643 1555 1884 1605 laverunt
1908 1556 2068 1605 stolas
2087 1571 2208 1604 suas
2231 1556 2286 1604 in
2300 1555 2556 1619 sanguine
2568 1554 2681 1619 Ag-

1644 1622 1715 1670 ni.
1751 1621 1909 1670 Modo
1945 1627 2260 1671 coronantur
2293 1619 2363 1685 [et
2403 1621 2679 1685 accipiunt

1644 1686 1906 1752 palmam].

1710 1755 1756 1815 R
1783 1751 1933 1818 [post.
1946 1752 2083 1802 Lect.
2096 1752 2164 1819 6].
2183 1754 2413 1802 Fuerunt
2423 1753 2537 1801 sine
2551 1768 2681 1816 que-

1644 1818 1754 1868 rela
1776 1826 1895 1867 ante
1919 1818 2083 1879 Dfim,
2120 1825 2170 1867 et
2204 1818 2268 1867 ab
2307 1819 2533 1866 invicem
2565 1835 2681 1867 non

1647 1891 1769 1933 sunt
1780 1886 2019 1949 separati.
2047 1883 2275 1933 Calicem
2291 1883 2398 1932 Dfii
2408 1884 2679 1946 biherunt‚

1644 1952 1713 1999 Et
1735 1951 1887 1999 amici
1904 1951 2004 1999 Dei
2026 1952 2151 2000 facti
2174 1955 2310 1999 sunt.
2336 1948 2402 2002 lis.
2422 1949 2681 1999 Tradide-

1643 2022 1764 2066 runt
1797 2031 2016 2080 corpora
2047 2032 2142 2065 sua
2173 2021 2381 2080 propter
2404 2017 2572 2064 Deum
2608 2015 2681 2065 ad

1645 2081 1926 2147 supplicia:
1964 2083 2081 2132 ideo
2119 2088 2435 2130 coronantur
2459 2087 2511 2129 et
2535 2083 2679 2131 acci-

1641 2149 1791 2214 piunt
1831 2147 2069 2212 palmam.
2112 2148 2341 2208 Calicem
2373 2145 2479 2196 Dffi
2507 2146 2678 2212 [bibe-

1641 2220 1787 2275 runt,
1820 2214 1887 2263 Et
1910 2215 2062 2264 amici
2085 2214 2184 2264 Dei
2208 2214 2332 2263 facti
2355 2212 2513 2278 sunt].
2545 2213 2679 2264 Glo-

1640 2282 1717 2331 ria
1735 2282 1892 2341 Patri,
1920 2279 1990 2345 [et
2001 2281 2152 2343 Filio,
2174 2287 2222 2328 et
2243 2281 2329 2345 Sp.
2347 2279 2578 2345 Sancta]
2609 2281 2681 2329 Et

1642 2347 1792 2396 amici
1813 2344 1931 2411 [Dei
1952 2348 2077 2396 facti
2101 2345 2259 2410 sunt].

1711 2414 1748 2476 ξ
1775 2410 1928 2478 21).)
1972 2412 2040 2461 In
2067 2411 2173 2460 III
2191 2411 2334 2460 Noet.
2358 2408 2423 2458 A.
2455 2408 2676 2458 Exalta—

1638 2479 1830 2529 buntur
1856 2493 2050 2527 cornua
2074 2479 2217 2542 justi,
2244 2475 2468 2538 alleluja.
2513 2474 2681 2524 Intra

1639 2544 1807 2606 LXX,
1831 2545 1890 2593 in
1912 2544 2007 2594 hac
2029 2543 2134 2592 αῗία
2147 2542 2471 2607 praecedente
2486 2578 2497 2600 ,
2542 2549 2594 2590 et
2619 2542 2680 2590 in

1636 2612 1746 2660 alia
1767 2618 2027 2675 sequente,
2065 2610 2124 2658 in
2145 2609 2255 2657 loco
2289 2607 2410 2656 all'a
2448 2606 2677 2669 dicetur,

1639 2679 1691 2726 in
1706 2684 1968 2726 aeternum.
1983 2674 2069 2724 1³3.
2084 2675 2458 2724 Confitebimur
2470 2673 2543 2736 (p.
2561 2675 2677 2737 61).

1639 2744 1703 2792 A.
1725 2744 1842 2791 Lux
1866 2748 1978 2790 orta
2001 2748 2081 2790 est
2096 2741 2259 2803 justo,
2284 2739 2522 2801 alleluja;
2558 2755 2678 2788 rec—

1638 2811 1705 2858 tis
1730 2808 1885 2857 corde
1909 2807 2103 2868 laetitia,
2128 2805 2263 2855 all'a.
2300 2804 2385 2853 Pa.
2411 2802 2529 2853 D‘fis
2552 2821 2677 2868 reg-

1640 2876 1809 2934 navit;
1837 2874 2033 2923 exultet
2056 2872 2128 2936 (p.
2156 2873 2257 2935 73).
2299 2871 2364 2920 A.
2391 2869 2678 2920 Custodie-

1636 2941 1765 2992 bant
1802 2940 2099 2989 testimonia
2139 2939 2277 3000 ejus,
2319 2942 2371 2985 et
2404 2943 2679 3000 praecepta

1639 3007 1767 3069 ejus,
1789 3005 1924 3055 all'a.
1971 3003 2093 3053 Post
2123 3001 2284 3052 LXX
2303 3003 2360 3052 in
2374 3001 2491 3066 fine
2521 3003 2679 3052 istius

1636 3072 1764 3133 aasz,
1778 3073 1884 3121 loco
1896 3070 2016 3119 all'a
2026 3070 2238 3129 dicetur,
2253 3084 2367 3133 quae
2386 3067 2531 3116 dedit
2540 3069 2675 3118 illis.

1637 3136 1724 3188 Pe.
1743 3137 1858 3187 Dfis
1876 3138 2138 3201 regnavit3
2164 3137 2456 3184 irascantur
2477 3134 2551 3198 (p.
2567 3138 2676 3194 75).

1704 3202 1791 3256 Va.
1805 3205 1967 3253 Nimis
1980 3203 2220 3251 honorati
2241 3199 2382 3266 [sunt
2402 3200 2562 3248 amici
2577 3202 2676 3262 tui,
2799 3200 2800 3277 ᾗ

1637 3271 1799 3318 Deus.
1817 3271 1909 3332 Ro.
1925 3270 2084 3317 Nimis
2099 3268 2419 3317 confortatus
2432 3272 2513 3314 est
2524 3268 2677 3331 prin-
2799 3280 2800 3309 ι

1639 3337 1841 3399 cipatus
1867 3332 2085 3398 eorum].
2799 3314 2800 3371 i

1703 3403 1749 3463 R
1774 3399 1912 3466 [post
1937 3399 2073 3449 Lect.
2100 3398 2166 3465 7].
2209 3399 2304 3447 Isti
2341 3399 2593 3447 viventes
2619 3398 2678 3448 in
2799 3388 2800 3417 ¹

1640 3482 1795 3516 carne
1819 3466 2188 3531 plantaverunt
2221 3463 2518 3514 Ecclesiam
2549 3480 2677 3513 san-

1637 3534 1794 3597 guine
1819 3547 1943 3580 suo:
1985 3548 2091 3580 non
2127 3537 2250 3579 sunt
2286 3529 2347 3577 de
2374 3531 2527 3578 terris
2558 3545 2677 3580 cor-

1637 3615 1765 3664 pora
1789 3615 1966 3647 eorum
1979 3602 2238 3661 separata,
2264 3594 2501 3655 Quorum
2515 3599 2677 3645 meri—

1636 3664 1690 3714 tt>
1717 3670 1840 3713 sunt
1873 3665 1928 3712 in
1964 3663 2108 3712 coelis
2143 3663 2326 3711 animae
2351 3661 2676 3711 Sanctorum

1640 3730 1948 3794 coaequales.
2002 3727 2088 3794 [In
2112 3728 2178 3777 L:
2206 3728 2439 3790 Quorum
2481 3730 2678 3778 merita
