2910 4457
543 453 675 495 xxx
1052 444 1100 484 m
1129 441 1280 482 corn.
1305 440 1448 483 uinus
1475 440 1686 482 vmeuus
1710 440 1811 482 uon
1834 440 2081 481 nunnus.
2334 423 2444 492 (An
2464 427 2496 488 ἓ
2513 427 2697 479 89-92

543 579 696 629 Brev.
718 577 867 628 Rom.
890 575 989 627 lec.
1022 579 1054 628 8
1078 581 1173 640 est,
1206 577 1338 628 “Sed
1360 578 1505 644 prius
1530 577 1867 642 quarendum
1895 602 1959 617 -
1984 591 2100 642 quae
2122 574 2522 644 colligantur.”;
2551 577 2696 628 lectio

542 667 716 712 autem
738 676 879 711 nona
902 660 1020 726 (“In
1043 662 1273 726 quinque
1294 665 1469 711 autem
1492 661 1725 726 corporis
1749 659 1992 711 sensibus
2024 659 2389 724 unusquisque
2420 658 2700 710 subsistit-'⁸

544 743 660 807 Sne.)
682 743 739 795 in
762 743 1137 796 Communibus
1160 744 1353 796 nostris
1375 759 1486 794 non
1508 743 1800 794 invenitur:
1826 744 1893 793 cf.
1916 742 1984 792 ad
2008 743 2038 803 5
2062 744 2143 793 80.

641 825 724 875 Ex
755 825 1034 877 verborum
1064 832 1239 878 autem
1260 827 1493 893 ipsorum
1516 825 1896 878 variationibus
1920 825 1994 891 (v.
2018 824 2087 875 ad
2109 826 2139 886 ὅ
2165 822 2255 892 29)
2271 824 2453 875 notari
2473 833 2703 891 possunt,

548 908 866 974 “compellor
888 909 1113 973 dicere’',
1141 910 1339 977 “gratia
1361 908 1637 973 humana''‚
1663 915 1713 960 et
1740 908 1803 958 “a
1824 905 2114 969 mercede”,
2147 922 2264 971 quae
2296 906 2354 957 in
2385 907 2521 958 Lec.
2551 912 2580 957 7
2612 915 2708 959 tam

542 995 598 1043 in
621 993 776 1042 Brev.
798 993 946 1043 Rom.
969 1008 1126 1058 quam
1146 993 1202 1043 in
1225 993 1269 1043 L
1289 993 1652 1044 inveniuntur.

641 1085 1027 1138 MANDATUM
1059 1084 1219 1135 solvit
1241 1088 1294 1136 et
1318 1082 1519 1147 docet,''
1554 1083 1756 1153 &c.)1n
1785 1082 2065 1133 verborum
2086 1081 2495 1133 Dominicorum
2522 1082 2608 1134 “et
2628 1082 2709 1135 ‹lo-

550 1173 746 1224 “cuerit
775 1174 854 1224 sic
883 1174 1156 1225 homines”
1190 1175 1265 1241 (S.
1291 1174 1477 1226 Matth.
1504 1175 1551 1226 V
1580 1175 1663 1239 19)
1697 1175 2130 1241 interpretatione
2161 1172 2278 1233 hac,
2311 1171 2459 1223 “sic''
2486 1189 2602 1225 non
2626 1192 2708 1241 pro

548 1255 717 1307 “idem
739 1255 943 1307 facere’'
967 1257 1061 1309 sed
1083 1274 1179 1325 pro
1206 1258 1310 1308 “ita
1332 1257 1584 1321 faciens'',
1609 1258 1881 1325 accipitur.

640 1336 679 1405 ξ
710 1334 871 1408 90.)
907 1340 970 1390 In
993 1341 1108 1392 cod.
1133 1341 1194 1404 L,
1227 1347 1413 1407 praeter
1431 1339 1677 1406 capitula
1703 1339 1873 1390 Sextae
1903 1345 1956 1390 et
1977 1339 2158 1401 Nonae,
2186 1336 2299 1389 haec
2326 1340 2500 1392 sectio
2527 1341 2714 1394 omissa

544 1426 646 1472 est:
674 1423 739 1474 cf.
763 1421 831 1471 ad
855 1423 884 1484 5
908 1425 990 1475 86.

640 1506 698 1555 in
725 1505 988 1559 Communi
1019 1506 1178 1558 Unius
1208 1504 1432 1573 quinis
1457 1504 1578 1556 Non
1596 1503 1868 1572 Martyris]
1896 1505 2137 1556 Errorem
2156 1506 2501 1557 manifestum
2517 1505 2643 1558 libri
2659 1506 2713 1567 A,

545 1592 597 1640 in
619 1607 725 1655 quo
743 1609 838 1659 pro
861 1589 1041 1641 “Non''
1061 1591 1312 1657 scriptum
1331 1595 1440 1640 erat
1461 1588 1586 1654 “et'',
1606 1590 1822 1641 correxi.

643 1686 1002 1737 SAPIENTIA
1029 1681 1198 1732 vincit
1220 1681 1495 1731 malitiam:
1513 1681 1725 1748 attingit
1742 1697 1867 1748 ergo
1887 1707 1952 1718 —
1967 1680 2236 1749 suaviter.]
2261 1680 2326 1732 In
2342 1680 2610 1749 Vulgata,
2628 1683 2718 1733 Ca·

546 1774 668 1840 pitis
691 1773 790 1823 VII
806 1774 925 1824 finis
953 1777 1047 1836 est,
1077 1772 1413 1838 “sapientiam
1429 1788 1541 1822 non
1556 1772 1723 1822 vincit
1740 1771 2015 1833 malitia.’';
2042 1773 2242 1839 Capitis
2258 1771 2387 1823 VIII
2406 1789 2607 1827 versus
2624 1778 2721 1843 pri·

546 1873 676 1921 mus,
704 1856 962 1923 “Attingit
979 1872 1102 1923 ergo
1121 1883 1187 1894 —
1204 1854 1487 1906 suaviter.'’

643 1941 725 1990 De
755 1939 986 2005 Vesper-is
1002 1937 1257 1991 Secundis
1271 1938 1392 1990 vide
1409 1939 1619 1990 initium
1636 1945 1689 1989 et
1705 1939 1861 1990 finem
1880 1938 2131 1990 sectionis
2149 1941 2231 1990 86.

964 2047 1060 2112 11.
1145 2043 1242 2129 §a
1285 2050 1593 2113 Commune
1633 2048 1909 2131 murium
1948 2047 2278 2127 virgiuum.

645 2150 683 2224 ὃ
710 2151 867 2223 81.)
894 2155 936 2206 0
962 2156 1154 2220 QUAM
1183 2154 1419 2223 pulchra]
1437 2156 1501 2205 In
1519 2156 1579 2220 L,
1608 2154 1776 2206 “Ecce
1796 2169 1950 2221 quam
1967 2152 2196 2221 pulcra”.

643 2257 812 2306 nnus
840 2248 929 2313 qui
951 2252 1011 2297 ut
1040 2247 1324 2298 humanum
1346 2263 1518 2316 genus
1542 2245 1629 2313 ad]
1656 2247 1744 2299 Sic
1766 2246 1838 2295 L:
1872 2246 1928 2298 in
1950 2247 2015 2310 A,
2044 2246 2218 2296 “Deus
2243 2245 2335 2312 qui
2354 2245 2411 2299 h.
2436 2264 2493 2314 g.
2522 2253 2586 2300 ut
2610 2248 2723 2299 ad''.

643 2343 705 2392 In
723 2340 971 2392 Oratione
989 2343 1162 2389 autem
1182 2340 1471 2406 posteriore
1494 2338 1632 2390 idem
1654 2339 1864 2390 MStum
1885 2338 1928 2388 L
1957 2336 2271 2403 “ydoneos’',
2305 2338 2724 2402 “adorandam''‚

546 2430 597 2475 et
619 2421 996 2474 “intercedere'’
1019 2422 1195 2474 habet.

643 2504 684 2578 ἓ
709 2502 866 2575 92.)
890 2506 978 2555 An
1001 2506 1147 2556 ΜΛτ.
1171 2504 1288 2556 Inv.
1307 2534 1378 2544 —
1395 2503 1485 2570 We,
1514 2503 1853 2556 Adducentur
1870 2502 1927 2573 (ξ
1952 2504 2072 2575 83.)]
2098 2505 2162 2557 In
2183 2506 2244 2570 L,
2272 2504 2394 2558 “Ad
2416 2506 2585 2561 Mat's
2611 2506 2727 2559 Ino.

551 2594 788 2661 “Agnum
800 2590 1062 2656 Sponsum
1082 2588 1131 2656 [ἓ
1142 2587 1243 2655 80].
1262 2588 1348 2639 Pa.
1367 2589 1573 2638 Venite.
1590 2587 1757 2639 Aliud
1773 2587 1889 2639 Inv.
1901 2590 2097 2655 Regem
2106 2589 2388 2656 virginum.
2401 2586 2498 2640 Pe.
2512 2591 2727 2643 Venite

550 2672 832 2739 “Hymnus.
860 2672 897 2722 J
900 2688 991 2723 esu
1022 2687 1218 2723 corona
1233 2672 1514 2738 virginum.
1541 2669 1716 2737 Super
1741 2687 1911 2723 omnes
1917 2673 2146 2738 psalmos
2162 2679 2285 2722 ante
2305 2671 2564 2725 lecciones
2589 2674 2728 2726 dioe-

550 2759 665 2808 “tur
681 2756 771 2808 hec
786 2756 897 2808 sola
910 2755 1040 2807 αῆαε
1058 2756 1103 2807 Ο
1124 2772 1280 2821 quam
1295 2755 1480 2822 pulcra
1498 2760 1577 2805 est
1597 2760 1742 2806 casta
1759 2756 2037 2822 generacio
2058 2770 2179 2805 cum
2201 2754 2459 2806 claritate.
2485 2753 2583 2806 Pa.
2606 2755 2730 2807 Diie

548 2839 692 2892 “Diis
717 2845 912 2891 noster.
937 2838 1011 2889 Et
1029 2838 1183 2889 ceteri
1189 2837 1384 2904 psalmi
1400 2836 1466 2888 de
1489 2834 1752 2889 Communi
1765 2837 1926 2889 Unius
1947 2837 2187 2909 Virqinis.
2207 2835 2299 2891 Vs,
2317 2836 2733 2893 Adducentur.”

642 2922 909 2974 Lectiones
926 2926 1098 2987 autem
1110 2921 1165 2970 in
1184 2921 1510 2987 quorundam
1525 2925 1729 2971 tantum
1739 2920 1974 2971 locorum
1986 2920 2362 2971 clericorumve
2371 2936 2550 2987 usum,
2569 2923 2735 2975 velin

546 3005 839 3057 voluntarie
861 3004 1192 3055 recitantium
1214 3004 1450 3070 gratiam,
1467 3033 1539 3041 —
1555 3004 1776 3054 fortasse
1801 3005 1956 3055 etiam
1982 3009 2042 3054 ut
2058 3004 2279 3069 tempori
2295 3004 2475 3053 futuro
2499 3003 2576 3069 (si
2595 3007 2735 3057 forte

548 3105 678 3157 opus
708 3087 867 3152 esset)
896 3085 1275 3153 provideretur,
1297 3112 1362 3123 —
1380 3087 1591 3137 insertae
1618 3102 1734 3137 esse
1751 3085 2020 3138 videntur:
2055 3086 2240 3137 saltem
2258 3090 2573 3137 sanctarum
2591 3089 2739 3139 Mar·

546 3182 719 3240 tyrum
751 3172 1022 3237 Perpetuae
1051 3173 1102 3219 et
1125 3169 1429 3233 Felicitatis,
1463 3169 1544 3220 die
1576 3169 1753 3219 Martii
1785 3174 1831 3234 7,
1867 3174 1920 3220 et
1951 3169 2155 3221 Ursulae
2185 3170 2562 3235 sociarumque
2606 3172 2741 3237 ejuS,

550 3257 635 3307 die
660 3253 903 3306 Octobris
930 3259 1009 3318 21,
1035 3270 1149 3320 quae
1173 3253 1288 3303 sola
1314 3253 1551 3302 Plurium
1581 3254 1855 3318 virginum
1883 3254 2016 3304 festa
2043 3254 2099 3304 in
2128 3251 2445 3302 Calendario
2477 3253 2743 3307 Sarisbu·

546 3330 707 3390 riensi
722 3338 1076 3413 inveniuntur,
1093 3335 1347 3387 lectiones
1359 3332 1491 3402 (tres
1507 3335 1803 3401 utrumque)
1828 3335 2064 3401 proprias
2078 3335 2292 3387 habent.

639 3429 843 3481 “Lectio
847 3429 893 3496 j
930 3419 1451 3485 INTERROGATUS'
1457 3418 1471 3446 '
1504 3426 1617 3490 ὥσ.)
1641 3425 1702 3476 In
1718 3426 1778 3488 L,
1801 3442 1894 3493 pro
1913 3426 2078 3477 tribus
2101 3426 2258 3492 hujus
2279 3425 2612 3482 Communis
2640 3432 2748 3482 lec·

548 3521 795 3584 tionibus,
817 3520 1070 3573 habemus
1095 3525 1312 3582 tantum,
1342 3517 1491 3569 “Lea
1512 3517 1706 3584 prima.
1736 3516 2093 3587 Interrogatus
2111 3516 2227 3568 Dns
2252 3533 2284 3566 a
2302 3517 2433 3568 dis.''
2449 3536 2609 3589 :per
2632 3539 2753 3589 qum

547 3610 720 3653 tamen
736 3601 1045 3671 intelligitur
1060 3603 1325 3655 breviores
1343 3605 1447 3651 tres
1466 3599 1721 3651 lectiones
1741 3599 1805 3650 de
1824 3601 2014 3665 quibus
2033 3600 2100 3651 ad
2119 3601 2149 3661 5
2168 3602 2232 3651 86
2250 3615 2421 3651 sermo
2436 3603 2754 3658 filitinhoc

549 3686 704 3735 etiam
727 3684 915 3736 Officio
942 3703 1058 3739 esse
1080 3684 1349 3754 legendas.

644 3767 856 3835 Integra
885 3785 1009 3821 vero
1033 3768 1337 3839 Legenda,‘
1321 3785 1377 3818 m
1401 3782 1494 3818 sex
1524 3764 1608 3834 (ut
1631 3767 1825 3820 dictum
1848 3766 1946 3832 est)
1968 3766 2224 3819 lectiones
2250 3731 2443 3833 divisa,
2473 3772 2591 3836 sic,
2622 3774 2754 3826 loco

546 3850 742 3904 ibidem
763 3851 1050 3916 indicat0,⁰
1034 3871 1090 3906 ιιι
1115 3852 1301 3906 eodem
1320 3852 1472 3904 Msto
1497 3851 1715 3920 legitur:
