2910 4457
772 325 939 365 rann
981 326 1098 367 nn.
1142 327 1216 366 n)
1255 327 1483 384 uuum,
1522 328 1592 369 81·
1634 329 1689 369 Υ.
1732 329 1807 369 ΔΙ)
1845 329 1980 371 HAT-

304 439 519 498 Flendo,
537 439 784 497 canendo,
799 451 1112 502 quaesumm,

303 502 525 551 Intende
542 501 734 549 nostris
753 501 1006 551 sensibus„

372 564 504 612 Sunt
521 563 684 611 multa
702 563 831 611 sucis
851 563 976 612 illita
989 600 1002 622 ,

304 624 434 686 Quae
453 626 567 673 luce
588 631 873 684 purgentur
894 631 979 674 tua
1004 642 1017 676 ε

230 710 239 719 ·
307 687 387 735 Tu
411 687 494 734 lux
520 687 615 735 Eoi
638 687 820 736 sideris
831 724 844 746 ‚

304 748 466 797 Vultu
491 762 672 797 sereno
692 749 947 799 illumina.

369 809 472 859 Deo
489 811 635 858 Patri
657 811 724 869 (p.
750 811 850 869 39.)

369 869 432 930 Ῠ.
451 873 513 920 In
532 872 819 921 matutinis.
837 872 987 933 (ibid.)

370 932 437 988 (2)
480 934 610 994 Cap.
642 933 876 993 Vigilate,
915 940 1006 987 etc.
1039 937 1142 986 Per
1172 939 1299 987 AEs-

309 1000 467 1044 tatem
488 996 736 1056 Hymnus
757 997 882 1046 Ecce
893 998 1020 1057 jam.
1043 1001 1109 1059 (p.
1132 1001 1233 1062 15.)

369 1055 433 1118 Ῠ.
450 1058 512 1105 In
528 1058 818 1107 matutinis·

367 1120 433 1167 Δ.
471 1119 702 1168 Salutem
732 1133 791 1168 ex
825 1121 1050 1172 inimicis
1082 1124 1294 1185 nostris;

306 1184 353 1228 et
370 1180 430 1229 de
445 1193 606 1228 manu
620 1182 852 1230 omnium
869 1184 1068 1242 quinos
1083 1187 1298 1235 oderunt

306 1240 461 1290 libera
481 1255 575 1290 nos
595 1243 723 1291 Dr‘ie.
743 1244 832 1291 Ps.
852 1245 1169 1295 Benedictus.
1193 1247 1296 1308 (ib.)

302 1344 307 1349 ,
368 1302 550 1353 Preces
572 1309 635 1350 ut
656 1317 718 1351 su
756 1318 836 1354 ra.
865 1307 1044 1355 Oratio
1063 1313 1125 1356 ut
1144 1310 1296 1359 decet.

534 1366 696 1414 FERI
782 1365 1064 1426 QUINTA.

590 1429 674 1475 Ad
695 1429 1008 1480 Matutinus.

366 1489 735 1537 Invitatorium
759 1507 773 1536 :
808 1490 1096 1541 Adoremus
1129 1493 1295 1554 Dnm3

309 1550 568 1612 Quoniam
591 1551 698 1610 ipse
716 1550 829 1600 fecit
852 1564 956 1603 nos,
985 1554 1077 1604 Ps.
1101 1554 1296 1615 Venite,

303 1614 607 1662 exultemus·

426 1675 537 1721 Pro
559 1673 774 1722 historia
794 1675 905 1726 Bne
921 1689 983 1725 ne
1004 1678 1168 1727 inira.

362 1737 409 1785 A
439 1736 553 1784 Due
590 1748 654 1783 ne
690 1737 742 1784 in
780 1737 855 1785 ira
896 1751 1050 1800 usque
1090 1741 1161 1789 ad
1195 1753 1264 1788 ιιι,
1278 1777 1292 1799 ,

301 1798 506 1908 ἳὶαηάο
529 1798 591 1844 de
606 1808 638 1843 v
658 1795 793 1856 feria
807 1799 998 1862 aqitur,
1018 1801 1205 1849 dicitur
1226 1802 1295 1852 ad

365 1865 439 1907 at.
459 1871 671 1920 sequens
687 1858 932 1920 Hymnus
949 1879 962 1908 .-

302 1931 451 2030 Nox
469 1925 580 1968 atra
605 1933 777 1969 rerum
797 1925 1015 1983 contegit

391 1983 564 2032 Terrae
580 1982 767 2030 colores
787 1984 1021 2033 omnium
1043 2001 1057 2035 ε

300 2044 406 2094 Nos
426 2044 724 2092 confitentes
744 2046 999 2103 poscimus

301 2105 400 2160 Te,
414 2105 554 2164 juste
570 2106 721 2164 ,iudex
746 2107 997 2168 cordium,

363 2168 434 2216 Ut
455 2166 657 2215 auferas
678 2167 898 2226 piacula,

301 2227 586 2290 Sordaeque
607 2231 793 2278 mentis
813 2231 1022 2280 abluas:

300 2291 588 2351 ponesque,
614 2290 826 2345 Christe,
848 2294 1082 2353 gratiam,

301 2353 372 2401 Ut
390 2359 663 2401 arceantur
680 2354 917 2402 crimina.

362 2416 515 2466 Mens
537 2427 648 2463 ecce
668 2420 828 2474 torpet
843 2416 997 2475 impia
1013 2452 1027 2471 ‚

302 2475 472 2535 Quam
496 2476 644 2536 culpa
667 2476 861 2525 mordet
879 2478 1058 2526 noxia:

301 2537 532 2586 Obscura
550 2539 698 2597 gestit
716 2538 902 2596 tollere,

301 2598 366 2647 Et
382 2603 448 2656 te,
473 2600 796 2659 Redemptor,
814 2611 1053 2659 quaerere.

367 2660 568 2718 Repelle
586 2667 639 2708 tu
658 2662 925 2721 caliginem

302 2721 618 2770 intrinsecus
633 2734 788 2782 quam
807 2723 1042 2783 maxime,

303 2783 372 2832 Ut
386 2784 439 2831 in
456 2784 598 2832 beato
615 2786 830 2844 gaudeat

303 2844 366 2893 Se
382 2845 614 2893 collocari
637 2846 848 2893 lumine.

364 2905 560 3015 {Gloria
582 2908 694 2967 tibi,
710 2908 836 2955 Dne.
863 2906 934 2967 (p.
950 2906 1022 2968 1.)
1039 2906 1134 2969 vel]

410 2973 553 3017 raesta
578 2970 746 3017 Pater.
766 2968 922 3030 (ibid.)

367 3028 470 3077 Per
529 3031 793 3078 AEstatem
844 3030 1089 3090 Hymnus
1140 3030 1295 3080 Nocte

300 3095 587 3151 surgentes.
624 3091 780 3151 (ibid.)

302 3151 469 3212 Super
490 3153 814 3202 Nocturnum
850 3152 1092 3201 Psalmus
1125 3152 1294 3214 lxviij.

381 3214 554 3263 alvum
602 3227 688 3264 me
725 3215 802 3262 rac
838 3215 974 3263 Deus
1006 3230 1018 3263 z
1052 3213 1296 3274 quoniam

383 3275 704 3325 intraverunt
725 3288 870 3337 aquae
904 3288 1062 3338 usque
1092 3276 1156 3324 ad
1178 3275 1299 3324 ani-

302 3348 440 3385 mam
464 3351 651 3387 meam.
760 3354 767 3359 ·

364 3399 554 3448 Infixus
575 3413 696 3449 sum
719 3398 773 3447 in
798 3398 920 3447 limo
953 3398 1192 3461 profundi
1216 3402 1297 3449 :et

303 3472 403 3507 non
419 3466 493 3510 est
508 3461 818 3511 substantia.

2300 313 2378 377 57

1464 440 1594 490 Veni
1624 442 1679 490 in
1710 442 2032 492 altitudinem
2070 444 2229 495 maris
2272 461 2286 495 ε
2333 452 2383 495 et

1398 507 1666 563 tempestas
1678 505 1915 555 demersit
1939 518 2036 555 me.

1461 565 1706 616 Labor-avi
1742 568 1996 625 clamem,
2032 580 2196 617 raucae
2244 567 2383 619 iactae

1396 632 1518 674 sunt
1541 627 1705 676 fauces
1726 640 1848 678 meze
1884 645 1896 677 :
1930 630 2218 679 defecerunt
2247 632 2381 679 oculi

1304 688 1321 699 '
1396 687 1523 745 mei,
1547 689 1672 737 dum
1690 702 1833 748 spero
1854 690 1906 738 in
1933 691 2093 739 Deum
2126 704 2316 741 meum.

1457 750 1783 809 Multiplicati
1818 756 1939 799 sunt
1986 765 2135 813 super
2174 755 2382 815 capillos

1395 810 1573 869 capitis
1590 811 1691 858 mei
1707 827 1719 859 :
1738 811 1825 871 qui
1841 813 2054 861 oderunt
2077 828 2157 862 me
2174 816 2349 875 gratis,

1461 871 1738 921 Conlortati
1753 879 1873 920 sunt
1889 874 1978 933 qui
1995 878 2240 932 persecuti
2258 883 2382 927 sunt

1396 944 1481 981 me
1518 932 1716 983 inimici
1745 934 1844 982 mei
1873 933 2062 994 injuste
2097 952 2110 984 ι
2142 951 2253 998 quas
2277 953 2377 988 non

1396 996 1569 1053 rapui,
1589 1002 1708 1044 tunc
1723 996 2027 1045 exolvebam.

1460 1057 1596 1107 Deus
1619 1064 1673 1106 tu
1694 1060 1793 1107 scis
1815 1056 2162 1117 insipientiam
2179 1072 2344 1109 meam
2366 1077 2379 1111 ε

1393 1119 1630 1229 gtdelicta
1647 1134 1759 1170 mea
1780 1133 1809 1169 a
1830 1127 1878 1170 te
1900 1134 2000 1169 non
2023 1126 2144 1170 sunt
2165 1122 2382 1171 abscon-

1430 1185 1517 1229 lta.

1458 1242 1569 1291 Non
1593 1245 1889 1293 erubescant
1919 1244 1973 1293 in
1996 1257 2078 1294 me
2091 1245 2182 1305 qui
2201 1258 2383 1307 expec-

1393 1307 1504 1352 tant
1524 1309 1571 1353 te
1592 1306 1703 1354 Due
1727 1321 1739 1354 :
1763 1308 1874 1355 nne
1895 1307 2161 1356 virtutum.

1457 1366 1567 1415 Non
1587 1368 1962 1417 confundantur
1984 1382 2135 1428 super
2157 1382 2268 1418 me:
2292 1371 2382 1431 qui

1394 1433 1632 1486 quaerunt
1653 1434 1714 1485 te,
1739 1431 1873 1478 Deus
1896 1432 2067 1479 Israel.

1459 1486 1714 1547 Quoniam
1751 1496 1949 1550 propter
1972 1496 2019 1538 te
2040 1490 2263 1539 sustinui
2290 1505 2383 1551 op-

1394 1549 1657 1608 probrium
1690 1565 1703 1598 2
1732 1553 1927 1612 operuit
1945 1552 2171 1601 conlusio
2204 1551 2379 1602 faciem

1394 1623 1581 1659 meam.

1455 1672 1736 1722 Extraneus
1782 1672 1943 1722 sactus
1987 1686 2104 1723 sum
2144 1674 2384 1726 fratribus

1394 1734 1521 1783 meis
1535 1740 1604 1784 :et
1617 1735 2037 1796 peregrinustiliis
2050 1739 2227 1787 matris
2239 1752 2381 1789 meae.

1455 1797 1710 1858 Quoniam
1734 1799 1871 1847 zelus
1890 1800 2071 1848 domus
2087 1805 2185 1850 tuae
2207 1814 2383 1850 come-

1391 1858 1466 1906 dit
1485 1873 1563 1908 me
1582 1875 1594 1907 t
1619 1864 1666 1908 et
1681 1860 1945 1919 opprobria
1967 1862 2380 1921 exprobrantium

1391 1919 1501 1975 tihi,
1522 1922 1805 1969 ceciderunt
1820 1933 1971 1981 super
1994 1935 2092 1970 me.

1454 1982 1518 2031 Et
1540 1983 1712 2041 operui
1738 1982 1790 2028 in
1809 1982 2002 2040 jejunio
2028 1982 2255 2031 animam
2282 1996 2383 2032 me-

1391 2048 1545 2091 am:et
1557 2043 1741 2090 factum
1752 2043 1886 2091 estin
1898 2044 2222 2102 opprobrium
2234 2044 2378 2093 mibi.

1455 2104 1519 2152 Et
1535 2104 1679 2163 posui
1696 2103 2051 2152 vestimentum
2074 2116 2244 2152 meum
2262 2104 2381 2152 cili-

1392 2165 1531 2214 cium
1566 2180 1579 2213 t
1610 2169 1658 2213 et
1690 2165 1847 2213 sactus
1877 2177 1992 2212 sum
2027 2164 2128 2212 illis
2160 2165 2214 2213 in
2242 2178 2380 2224 para-

1392 2227 1579 2276 bolam.

1457 2287 1747 2337 Adversum
1797 2301 1878 2336 me
1914 2289 2244 2349 loquebantur
2290 2288 2380 2349 qui

1391 2351 1632 2400 sedebant
1664 2351 1715 2398 in
1742 2356 1881 2410 porta
1908 2366 1920 2398 :
1954 2351 2075 2399 etin
2100 2364 2181 2400 me
2198 2352 2380 2411 psalle-

1393 2413 1515 2460 bant
1536 2413 1625 2473 qui
1647 2413 1880 2462 bibebant
1896 2412 2094 2462 vinum.

1454 2473 1559 2534 Ego
1585 2489 1699 2524 vero
1729 2475 2004 2524 orationem
2037 2487 2203 2524 meam
2236 2476 2297 2524 ad
2331 2480 2379 2525 te

1390 2535 1502 2584 Dsie
1528 2552 1540 2585 :
1565 2542 1764 2596 tempus
1784 2537 2079 2597 beneplaciti
2108 2538 2259 2585 Deus,

1453 2599 1515 2646 In
1538 2599 1864 2646 multitudine
1897 2599 2252 2647 misericordiae
2282 2602 2379 2648 tuae

1391 2658 1571 2707 exaudi
1589 2673 1697 2709 me:
1721 2658 1772 2705 in
1796 2658 2001 2706 veritate
2022 2659 2199 2706 salutis
2215 2664 2331 2706 tuoe.

1453 2719 1605 2778 Eripe
1651 2733 1733 2768 me
1775 2721 1836 2767 de
1881 2719 2003 2775 luto,
2037 2724 2093 2766 ut
2133 2732 2231 2766 non
2264 2719 2381 2766 inii-

1393 2793 1485 2841 gar
1505 2795 1518 2827 ι
1538 2781 1692 2829 libera
1725 2793 1806 2829 me
1835 2781 1898 2828 ab
1931 2780 2012 2828 bis
2042 2780 2130 2839 qui
2165 2780 2380 2830 oderunt

1393 2854 1476 2890 me
1491 2846 1538 2889 et
1554 2843 1615 2890 de
1637 2841 1903 2901 profundis
1922 2853 2190 2901 aquarum.

1454 2904 1566 2954 Non
1582 2917 1660 2952 me
1669 2904 2201 2963 demergattempestas
2209 2916 2351 2964 aquae
2363 2921 2377 2955 ε

1393 2978 1556 3025 neque
1570 2965 1830 3013 absorbeat
1847 2979 1927 3014 me
1943 2965 2250 3024 profundum
2266 2981 2279 3028 ;
2300 2980 2379 3016 ne·

1390 3039 1490 3087 que
1506 3032 1679 3087 urgeat
1688 3039 1837 3087 super
1848 3041 1928 3076 me
1942 3033 2121 3087 puteus
2133 3041 2190 3075 os
2204 3040 2376 3077 suum.

1453 3089 1648 3139 Exaudi
1664 3090 1879 3148 menne,
1898 3089 2138 3149 quoniam
2157 3089 2378 3149 benigna

1391 3156 1467 3200 est
1508 3151 1851 3201 misericordia
1900 3157 1988 3199 tua
2035 3166 2047 3199 ε
2094 3152 2378 3201 sec-undum

1390 3212 1777 3262 multitudinem
1831 3211 2214 3261 miserationum
2267 3218 2379 3262 tua-

1391 3287 1508 3322 rum
1533 3277 1721 3335 respice
1744 3275 1796 3322 in
1815 3287 1913 3322 me.

1452 3336 1518 3384 Et
1541 3350 1601 3384 ne
1616 3341 1814 3385 avertas
1829 3335 2004 3383 faciem
2021 3340 2162 3384 tuam
2178 3349 2207 3383 a
2225 3346 2378 3395 puero

1392 3401 1479 3445 tuo
1521 3412 1535 3446 z
1571 3399 1813 3458 quoniam
1858 3398 2091 3456 tribulor,
2142 3396 2373 3446 velociter

1394 3460 1572 3509 exaudi
1602 3473 1702 3509 me.
