2910 4457
813 338 1048 379 nonum
1089 338 1165 382 m!
1205 338 1428 382 ornem
1467 338 1828 380 murno-uu.

276 455 472 510 abillis
498 450 692 503 clericis
717 452 804 515 qui
831 463 1034 502 versum
1067 465 1202 513 resp.
1226 450 1269 514 ij

276 518 625 570 cantaverint.

337 589 369 637 ⁴11
387 579 797 641 Quandocunque
806 588 988 636 corpus
996 576 1271 636 adestprae-

281 656 420 700 sens,
457 647 508 690 et
523 642 581 696 in
612 637 981 687 anniversariis
1003 642 1052 685 et
1082 637 1272 696 triyin-

285 704 472 755 talibus
536 702 882 763 episcoporum
943 704 991 747 et
1053 704 1272 759 quatuor

276 777 625 829 personarum
654 761 1046 825 principalium,
1090 760 1275 808 scilicet

281 828 493 886 decani,
541 824 766 874 cantoris
781 860 797 881 ,
850 822 1166 879 cancellarii,
1225 826 1276 870 et

283 888 621 944 thesaurarii,
663 893 712 934 et
735 887 793 933 in
828 885 907 932 die
952 885 1271 941 animarum,

277 956 408 1015 post
436 951 676 998 ultimam
702 947 1089 1007 reinceptionem
1134 946 1269 994 Dum

280 1013 505 1071 veneris,
524 1011 602 1072 iij,
617 1009 689 1071 vj,
710 1015 759 1058 et
776 1010 834 1056 ia:
856 1021 1081 1068 respons.
1099 1006 1275 1055 debent

278 1076 446 1137 repeti
473 1073 536 1121 ab
570 1074 672 1120 illis
709 1071 899 1119 clericis
935 1070 1021 1131 qui
1069 1081 1273 1117 versum

280 1152 425 1198 resp.
446 1136 488 1197 ij
509 1133 848 1183 cantaverint.

349 1200 418 1247 In
446 1196 755 1259 quotidianis
781 1192 1018 1255 obsequiis
1048 1198 1274 1240 mortuo-

283 1275 440 1321 rum,
475 1258 702 1307 videlicet
735 1258 937 1319 quando
961 1269 1143 1316 corpus
1167 1268 1271 1302 non

284 1330 365 1373 est
381 1334 623 1384 praesens,
653 1320 729 1367 vel
760 1320 864 1366 dies
888 1317 1274 1365 anniversarius

283 1386 368 1434 vel
406 1382 662 1431 tricenalis
704 1394 809 1427 non
848 1380 1109 1436 habentur,
1154 1385 1275 1426 tunc

282 1447 426 1510 fiunt
447 1446 549 1506 viy.
575 1449 892 1491 mort-uorum
923 1454 1038 1488 cum
1069 1441 1131 1501 iij
1163 1442 1272 1488 lect.

288 1514 502 1558 tantum
536 1512 583 1554 et
605 1506 664 1552 iat
693 1503 926 1566 psalmis,
962 1508 1009 1549 et
1030 1516 1136 1549 una
1167 1503 1277 1549 sola

286 1576 404 1619 afta
419 1582 570 1630 super
584 1580 755 1615 omnes
774 1566 1001 1626 psalmos
1026 1565 1095 1611 ad
1108 1576 1277 1624 vespe·

287 1646 407 1692 ras,
420 1644 533 1692 quoe
548 1629 645 1679 erit
658 1629 886 1686 Placeb0‚
903 1632 952 1675 et
961 1640 1076 1674 cum
1088 1627 1197 1674 sola
1210 1627 1274 1674 A.

280 1694 473 1754 Dirige
507 1705 660 1752 super
701 1703 871 1738 omnes
900 1690 1127 1749 psalmos
1158 1693 1278 1736 ante

280 1757 529 1806 lectiones
543 1773 560 1810 ,·
600 1757 650 1801 et
691 1758 811 1799 tunc
859 1763 1053 1811 semper
1090 1750 1277 1798 dicitur

288 1823 417 1868 ante
476 1817 654 1864 laudes
708 1815 802 1861 iste
854 1811 915 1874 ψ.
967 1812 1280 1872 Complaeeat

287 1880 407 1939 tihi,
432 1880 542 1927 Dfie
559 1915 572 1937 ,
605 1883 661 1924 ut
682 1888 831 1924 eruas
864 1888 961 1924 me.
984 1887 1048 1937 132.
1083 1876 1194 1923 Dfie
1214 1875 1276 1923 ad

290 1941 652 2001 adjuvandum
676 1951 757 1986 me
782 1937 1077 1998 respice3ad
1106 1937 1280 1984 laudes

289 2016 416 2053 vero
431 2004 531 2050 haec
546 2003 654 2049 sola
665 2004 772 2047 ana
792 2013 944 2061 super
953 2000 1176 2060 psalmos
1197 1998 1284 2045 di-

289 2067 451 2126 citur,
465 2064 572 2112 scil.
593 2063 902 2111 Exultabunt
917 2063 1028 2109 Dim
1050 2060 1176 2121 [ossa
1192 2061 1282 2107 hu-

292 2125 516 2189 miliata]
527 2161 539 2173 .
551 2126 622 2172 Et
635 2126 734 2171 haec
750 2123 924 2170 omnia
943 2123 1051 2169 sine
1066 2127 1189 2168 nota
1206 2121 1282 2168 di-

290 2194 491 2240 cantur
521 2186 700 2235 statim
730 2190 852 2247 post
873 2196 1010 2245 vesp.
1032 2184 1091 2232 de
1124 2183 1202 2232 die
1236 2186 1286 2231 et

289 2255 362 2302 de
387 2251 444 2300 S.
467 2250 660 2307 Maria,
681 2253 800 2297 ante
825 2249 1008 2306 compl.
1031 2248 1090 2294 de
1111 2247 1206 2294 die.

367 2314 433 2360 In
469 2310 758 2360 lectionibus
808 2321 923 2356 tero
966 2309 1183 2369 leqendis
1238 2312 1287 2356 et

290 2388 440 2436 resp.
457 2374 679 2422 dicendis
697 2374 819 2421 crdo
828 2370 1025 2431 ferialis
1043 2375 1284 2428 servetur,

291 2438 403 2485 viz.
425 2438 504 2486 die
520 2437 669 2483 Dom.
684 2441 732 2483 et
749 2433 882 2495 feria
897 2433 976 2494 iiij
989 2433 1221 2482 lectiones
1240 2437 1290 2480 et

293 2512 441 2560 resp.
465 2500 524 2546 de
535 2498 567 2559 j
582 2503 717 2546 noct.
740 2515 754 2543 :
777 2502 825 2546 et
842 2495 884 2557 ij
908 2501 955 2542 et
972 2508 1003 2541 υ
1021 2495 1154 2556 seria
1173 2497 1283 2543 lect.

295 2565 357 2611 et
374 2574 509 2622 resp.
530 2562 590 2608 de
607 2559 651 2620 ij
669 2565 803 2608 noct.
826 2579 839 2607 :
862 2563 910 2606 et
927 2557 987 2619 iij
1018 2564 1065 2606 et
1084 2557 1138 2618 vj
1154 2556 1288 2618 feria

302 2624 421 2672 lect.
443 2629 491 2671 et
510 2635 643 2682 resp.
661 2622 721 2669 de
748 2622 810 2683 iij
828 2626 962 2669 noct.
989 2621 1095 2668 :ita
1118 2625 1288 2667 tamen

293 2686 437 2746 quod
456 2696 648 2743 semper
678 2684 734 2730 in
752 2684 812 2744 iij
833 2689 880 2731 et
897 2682 952 2743 vj
970 2681 1112 2743 feriis
1137 2682 1205 2728 sit
1230 2680 1291 2747 iij

299 2758 371 2808 132.
403 2746 587 2858 &Bere
620 2757 702 2793 me
721 2745 832 2793 Dine
863 2746 924 2793 de
956 2744 1055 2791 viis
1083 2743 1289 2791 inferni.

301 2812 320 2869 <
369 2879 402 2926 ‘u
425 2871 492 2918 In
503 2814 810 2932 quotidianis
824 2865 1061 2929 obsequiis
1076 2871 1295 2915 mortuo·

304 2947 426 2982 rum
464 2945 579 2981 cum
612 2932 670 2978 ix
695 2930 913 2991 psalmis
943 2934 992 2977 et
1013 2929 1073 2990 iij
1103 2930 1212 2978 lect.
1245 2941 1292 2991 132

305 3008 572 3057 nunquam
596 2998 873 3055 repetatur.

370 3058 506 3107 Nota
522 3057 653 3119 quod
668 3055 870 3117 quando
881 3055 1057 3114 Dirige
1068 3054 1294 3115 sequitur

306 3120 559 3179 continue,
589 3124 710 3165 tunc
730 3130 836 3165 non
863 3118 1050 3165 dicitur
1078 3117 1296 3176 Requie-

307 3181 526 3231 scantin
545 3192 677 3240 pace,
701 3180 787 3226 sed
808 3180 913 3226 sine
931 3179 1200 3226 intervallo
1214 3178 1297 3225 in-

314 3244 573 3302 cipiantur
588 3241 876 3289 matutinoe.
895 3241 1086 3288 Tamen
1094 3241 1296 3303 quando

313 3304 489 3364 Dirige
508 3317 613 3351 non
633 3303 874 3365 sequitur,
896 3309 956 3351 ut
968 3303 1026 3350 in
1057 3316 1150 3361 XL,
1177 3307 1298 3350 tunc

345 3366 524 3413 niatur
555 3378 670 3413 cum
698 3365 1034 3426 Requiescant
1069 3365 1124 3413 in
1159 3377 1296 3425 paee.

335 3439 401 3489 13²·
425 3425 628 3488 Amen]

381 3495 411 3544 *ll
445 3487 736 3540 Notandum
756 3494 828 3537 est
848 3500 964 3538 vero
983 3489 1115 3550 quod
1138 3501 1302 3551 quan-

2275 318 2351 378 13

1363 454 1620 515 docunque
1640 464 1826 514 corpus
1848 451 1995 500 adest
2005 462 2255 511 proesens,
2272 454 2351 501 vel

1365 516 1470 563 dies
1484 514 1869 563 anniversarius
1882 515 1959 562 vel
1977 515 2081 562 dies
2097 515 2352 563 tricenalis

1365 577 1643 637 contigerit,
1658 590 1751 638 per
1765 582 1925 624 totum
1937 589 2154 637 annum,
2168 577 2354 625 dicitur

1366 640 1728 687 commendatio
1758 639 2053 687 animarum
2074 652 2189 687 cum
2210 644 2349 694 nota,

1430 701 1621 747 Statim
1628 706 1749 759 post
1762 700 1988 760 primam
2002 708 2121 749 ante
2141 701 2355 750 missam

1367 762 1637 821 capitalem
1649 775 1745 822 pro
1762 760 2029 821 defunctis,
2043 777 2194 823 super
2211 765 2354 823 psalae-

1368 835 1479 870 mos
1499 827 1607 871 ana
1626 821 1660 870 a
1679 824 1899 883 quodam
1930 824 2101 872 clerico
2122 827 2180 873 de
2208 840 2355 888 supe-

1368 884 1498 932 riori
1511 886 1680 945 yradu
1698 884 1977 944 incipiatur
1996 887 2085 934 hoc
2104 889 2269 936 modo.

1431 948 1679 1007 Requiem
1701 952 1940 996 teter-nam
1965 948 2097 997 dona
2117 949 2191 996 eis
2210 951 2319 999 Dfie
2333 963 2352 999 t

1370 1015 1419 1057 et
1468 1010 1552 1057 lux
1615 1013 1852 1069 perpetua
1907 1010 2070 1059 luceat
2116 1010 2208 1060 eis.
2260 1014 2353 1062 Ps.

1377 1070 1588 1133 [cccviij]
1622 1072 1761 1120 Beati
1783 1069 2135 1133 fiimmaeulati.
2159 1074 2250 1132 (Ρ.
2272 1074 2353 1133 19,

1368 1134 1432 1184 20
1445 1139 1494 1182 et
1507 1134 1674 1194 25-30)
1694 1147 1848 1195 usque
1862 1136 1931 1183 ad
1953 1135 2041 1183 Ps.
2066 1135 2241 1198 [exim]
2271 1136 2354 1185 Ad

1370 1197 1507 1245 Diim
1530 1209 1647 1244 cum
1669 1196 1958 1246 tribularer.

1436 1258 1627 1306 Finitis
1671 1272 1781 1319 pss.
1826 1260 1932 1307 sine
1970 1259 2140 1309 Gloria
2185 1261 2353 1320 Patri,

1373 1325 1479 1368 tota
1514 1324 1621 1368 αΐια
1654 1326 1910 1379 repetatur
1919 1341 1938 1377 ,·
1967 1335 2068 1383 qua
2107 1322 2242 1370 dicta
2282 1336 2360 1370 se-

1370 1388 1560 1443 quatur
1575 1400 1589 1428 .-
1608 1382 1767 1441 Kyrie
1785 1384 1989 1433 eleison.
2015 1384 2214 1433 Christe
2233 1385 2358 1434 elei-

1372 1457 1483 1493 son.
1508 1444 1666 1503 Kyrie
1685 1445 1889 1492 eleison.

1436 1506 1627 1553 Deinde
1656 1506 1842 1554 dicitur
1863 1507 2011 1555 Pater
2048 1511 2217 1556 noster
2250 1507 2359 1557 sine

1367 1567 1787 1628 pronuntiatione
1807 1568 1871 1616 Et
1893 1581 1955 1617 ne
1977 1581 2087 1617 nos,

1438 1631 1508 1677 Et
1519 1635 1696 1690 postea
1706 1630 1891 1677 dicitur
1900 1631 1992 1679 Ps.
2010 1631 2120 1680 Dne
2138 1631 2360 1691 probasti

1375 1693 1449 1747 (P.
1473 1692 1572 1751 95).
1605 1692 1712 1739 sine
1733 1699 1872 1741 nota.

1438 1753 1611 1801 Finito
1636 1754 1724 1802 Ps.
1747 1755 1855 1803 sine
1875 1754 2048 1804 Gloria
2070 1755 2229 1805 Patri.
2252 1761 2361 1804 sta-

1378 1816 1469 1864 tim
1489 1816 1768 1877 incipiatur
1787 1818 1946 1866 missa
1969 1818 2029 1866 in
2056 1819 2357 1879 capitulum.

1432 1875 1674 1939 Officium.
1699 1880 1943 1938 Requiem
1974 1886 2234 1929 aeternam.

1434 1939 1844 2000 Quandocunque
1853 1947 2022 1988 autem
2032 1942 2218 1989 dicitur
2228 1956 2362 1989 com-

1377 2000 1661 2057 mendatio,
1696 2014 1887 2060 semper
1923 2002 2109 2048 dicitur
2150 2005 2361 2051 sedendo

1378 2062 1671 2122 supradicto
1701 2064 1845 2110 modo
1875 2076 2028 2123 usque
2062 2065 2132 2112 ad
2161 2071 2270 2113 ant.
2292 2065 2363 2113 di-

1380 2124 1592 2172 cendam
1601 2136 1866 2183 superpss.
1882 2123 2099 2184 Quando
2108 2136 2223 2173 vero
2233 2127 2365 2188 siin-

1382 2186 1528 2234 latim
1543 2189 1691 2234 extra
1712 2190 2014 2234 conventum
2035 2186 2221 2235 dicitur
2243 2201 2376 2237 com-

1381 2248 1656 2305 mendatio,
1680 2253 1800 2295 tunc
1830 2248 2113 2297 immediate
2136 2257 2253 2310 post
2272 2251 2365 2300 Ps.

1382 2312 1494 2359 Diie
1528 2309 1766 2369 probasti,
1802 2311 1987 2358 dicitur
2018 2309 2077 2373 ys.
2116 2313 2366 2373 Requiem

1382 2378 1624 2422 aeternam
1660 2380 1724 2432 (p.
1752 2373 1848 2429 11).
1866 2371 1926 2433 ψ.
1959 2373 2008 2422 A
2043 2381 2181 2433 porta
2218 2375 2368 2425 inseri

1382 2434 1500 2496 (ib.).
1535 2433 1594 2493 ψ.
1623 2434 1779 2484 Credo
1801 2436 1969 2484 videre
1992 2436 2117 2497 (ib.).

1445 2499 1557 2547 Diis
1606 2498 1886 2546 vobiscum.
1918 2498 1985 2546 Et
2024 2511 2140 2547 cum
2183 2498 2367 2559 spiritu

1384 2565 1492 2608 tu0.
2131 2559 2388 2611 OremuS-

1391 2633 1549 2731 Tim
1572 2621 1683 2669 Dfie
1718 2622 2136 2669 commendamus
2170 2623 2370 2670 animas

1481 2682 1789 2730 famulorum
1821 2681 2231 2742 famularumque
2258 2688 2372 2732 tua-

1390 2757 1527 2802 rum,
1551 2748 1600 2791 et
1613 2744 1846 2791 omnium
1869 2743 2093 2791 fidelium
2116 2744 2374 2794 defuncto-

1391 2819 1527 2864 rum,
1546 2810 1603 2853 ut
1618 2804 1839 2853 defuncti
1855 2806 2035 2854 saeeulo
2058 2807 2148 2854 tibi
2171 2807 2371 2857 vivant:

1390 2873 1438 2916 et
1470 2880 1581 2927 quae
1619 2879 1704 2926 per
1746 2866 2068 2927 fragilitatem
2104 2870 2374 2918 mundante

1391 2929 1788 2978 conversationis
1820 2935 2015 2988 peecata
2039 2931 2372 2992 admiserunt,

1391 2999 1447 3040 tu
1480 2993 1627 3041 venia
1656 2992 2141 3042 misericordissimae
2176 2995 2377 3053 pietatis

1390 3055 1639 3114 absterge.
1694 3055 1787 3103 Per
1832 3056 2046 3103 eundem
2111 3054 2373 3103 Christum

1391 3117 1529 3166 Dfim
1552 3121 1801 3165 nostrum.
1830 3117 2018 3166 Amen.
2039 3117 2379 3176 Requieseant

1391 3180 1446 3228 in
1472 3192 1606 3239 pace.
1631 3179 1819 3228 Amen.

1459 3241 1734 3302 Nunquam
1748 3245 1918 3288 autem
1929 3239 2114 3287 dicitur
2125 3239 2231 3288 alia
2245 3253 2380 3288 com-

1395 3303 1652 3350 mendatio
1694 3303 1753 3349 in
1787 3301 1990 3350 ecclesia
2026 3301 2214 3349 Sarum
2252 3303 2378 3360 (sive

1396 3378 1580 3424 corpus
1606 3364 1672 3411 sit
1701 3377 1925 3425 praesens
1954 3363 2056 3411 sive
2078 3364 2201 3425 non)
2225 3377 2380 3424 quam

1394 3426 1498 3474 ista
1518 3426 1762 3486 praedicta
1781 3425 2142 3473 commendatio
2158 3443 2172 3472 :
2187 3431 2236 3472 et
2256 3437 2383 3472 sem-

1392 3499 1488 3549 per
1502 3488 1702 3537 dicatur
1716 3489 1926 3537 sedendo
1940 3500 2094 3549 usque
2113 3488 2183 3535 ad
2200 3490 2377 3536 anam.

2098 3563 2132 3614 2
