2910 4457
988 341 1059 379 An
1100 335 1427 379 nummu.

200 460 396 528 tremere
427 472 441 508 ε
468 458 557 518 qui
587 457 753 517 tangit
784 458 982 504 montes
1011 457 1059 503 et
1092 452 1171 501 fu-

202 529 263 566 mi
297 524 397 570 ant.

289 582 465 631 antabo
479 581 590 630 Duo
608 582 661 629 in
674 580 779 628 vita
791 592 903 628 mea
925 592 937 626 ε
957 577 1167 638 psallam

202 640 291 690 Deo
309 655 417 692 meo
436 643 681 705 quamdiu
705 654 842 690 sum.

253 703 540 755 Jucundum
551 706 618 753 sit
629 705 676 753 ei
691 704 948 762 eloquium
966 711 1138 749 mcum
1154 713 1167 747 ι

203 776 280 825 ego
292 779 405 816 vero
423 767 703 816 delectabor
726 766 779 813 in
799 765 930 813 Duo,
950 783 959 788 2

252 827 493 878 Deficiant
534 832 812 887 peccatores
856 838 883 874 a
930 830 1080 881 terra,
1123 826 1171 870 et

188 885 351 960 iniqui
394 892 464 939 ita
506 894 567 937 ut
605 902 704 937 non
749 889 852 936 sint
902 902 916 935 ε
964 885 1172 935 benedic

201 961 356 1000 amma
376 964 484 1000 mea
502 952 635 1000 Dfio.
698 950 940 997 Psalmus
952 947 1076 1007 ciiij.

207 1014 554 1124 confitemini
599 1013 710 1059 Duo
743 1016 791 1059 et
829 1011 1052 1057 invocate
1080 1020 1172 1055 no-

274 1069 1176 1134 menejus:annuntiateinterGentes

200 1145 331 1194 opera
351 1137 477 1195 ejus,

254 1195 454 1247 Cantate
485 1197 537 1247 ei
563 1202 612 1245 et
641 1196 838 1256 psallite
860 1194 904 1242 ei
933 1208 946 1241 ε
975 1196 1175 1239 narrate

201 1260 356 1331 omnia
375 1259 633 1309 mirabilia
657 1258 792 1317 ejus;
816 1254 1100 1304 laudamini
1120 1254 1172 1300 in

202 1331 390 1369 nomme
409 1326 589 1370 sancto
605 1320 733 1379 ejus,

253 1382 463 1432 Laetetur
505 1394 592 1430 cor
634 1379 969 1441 quaerentium
1010 1378 1175 1436 Dnm3

203 1445 393 1504 quoerite
441 1446 586 1494 Dr‘im
638 1447 688 1490 et
737 1438 1114 1488 confirmamini
1160 1452 1174 1485 ε

202 1506 393 1564 quaerite
409 1506 593 1555 faeiem
616 1504 726 1563 eJus
745 1514 960 1561 semper.

254 1566 559 1617 Mementote
573 1564 889 1614 mirabilium
927 1561 1036 1619 ejus
1066 1572 1178 1621 quae

204 1624 341 1750 illicit:
360 1629 596 1691 prodigia
628 1628 741 1687 eJus
780 1630 828 1674 et
851 1624 1043 1684 ,iudicia
1076 1623 1180 1669 oris

198 1700 225 1736 e
243 1701 318 1739 us,

258 1752 430 1802 Semen
460 1751 733 1803 Abraham
767 1748 898 1797 servi
923 1748 1064 1807 ejus:
1087 1745 1180 1793 filii

203 1810 343 1863 Jacob
361 1815 511 1864 electi
525 1814 656 1873 erS.

258 1876 364 1936 lpse
378 1878 496 1926 Diis
506 1876 645 1924 Deus
661 1878 829 1921 noster
845 1886 858 1920 t
873 1872 927 1919 in
945 1870 1180 1918 universa

200 1939 324 1986 terra
344 1938 542 1997 judicia
567 1937 698 1995 eJus,

259 1999 453 2050 Memor
472 1999 572 2047 fuit
582 1999 634 2045 in
647 1995 884 2045 saeculum
898 1992 1185 2043 testamenti

208 2061 283 2108 sui
305 2076 320 2110 z
347 2061 491 2109 verbi
521 2060 655 2120 quod
678 2057 940 2106 mandavit
958 2057 1023 2103 in
1045 2053 1186 2102 mille

206 2123 566 2183 generationes,

265 2184 416 2244 Quod
449 2183 696 2243 disposuit
725 2183 788 2231 ad
812 2178 1074 2231 Abraham
1101 2192 1115 2227 ι
1140 2179 1189 2224 et

203 2245 478 2305 juramenti
494 2246 576 2293 sui
591 2245 650 2294 ad
667 2246 824 2294 Isaac.

264 2307 329 2357 Et
357 2308 538 2356 statuit
574 2307 699 2355 illud
729 2305 883 2353 Jacob
915 2304 970 2351 in
1007 2313 1190 2361 praece-

206 2373 345 2429 ptum
398 2386 412 2420 ε
445 2374 496 2419 et
536 2368 691 2417 Israel
740 2367 793 2416 in
830 2367 1188 2415 testamentum

208 2434 470 2481 aeternum.

270 2492 480 2551 Dicens,
518 2491 635 2541 Tibi
668 2489 795 2539 dabo
835 2493 1022 2536 terram
1069 2484 1192 2534 Cha-

188 2610 191 2619 ⁵
214 2565 357 2604 naan:
374 2555 663 2603 funiculum
682 2551 984 2600 baereditatis
996 2554 1192 2597 vestrae.

272 2615 400 2665 Cum
423 2619 595 2665 essent
618 2625 831 2660 numero
857 2611 999 2660 brevi
1023 2626 1036 2658 ι
1063 2620 1195 2668 pau-

216 2677 423 2736 cissimi,
451 2683 502 2725 et
523 2675 697 2723 incolae
714 2673 844 2731 eJus.

270 2741 335 2789 Et
382 2735 789 2798 pertransierunt
842 2733 903 2779 de
951 2733 1096 2788 gente
1143 2729 1197 2777 in

219 2807 417 2862 gentem
451 2813 465 2846 ε
506 2801 556 2845 et
583 2796 646 2842 de
675 2804 826 2851 regno
855 2793 918 2839 ad
957 2790 1198 2851 populum

215 2864 452 2912 alterum.

274 2926 389 2974 Non
407 2918 615 2980 reliquit
631 2915 890 2965 hominem
910 2924 1085 2963 nocere
1101 2911 1174 2961 eis
1191 2927 1204 2960 ε

221 2991 268 3036 et.
281 2983 533 3045 corripuit
551 2993 640 3040 pro
657 2981 730 3028 eis
751 2988 909 3038 reges,

279 3048 448 3097 Nolite
478 3051 683 3103 tangere
714 3041 927 3089 christos
953 3048 1092 3086 meos
1123 3039 1205 3092 :et

208 3108 273 3159 ·in
300 3107 556 3168 prophetis
578 3104 706 3153 meis
733 3102 885 3150 nolite
914 3099 1204 3159 malignari.

280 3171 345 3219 Et
366 3168 565 3219 vocavit
595 3165 777 3214 samem
804 3175 954 3222 super
974 3167 1164 3209 terram
1190 3175 1204 3209 z

225 3235 272 3282 et
310 3245 463 3281 omne
496 3230 878 3278 firmamentum
911 3223 1058 3285 panis
1089 3236 1208 3272 con-

223 3294 382 3342 trivit.

287 3355 434 3405 Misit
454 3357 570 3401 ante
589 3362 671 3400 eos
686 3351 858 3399 virum
887 3363 901 3398 :
926 3349 981 3396 in
1003 3358 1207 3397 servum

227 3416 550 3464 venundatus
569 3416 645 3461 est
665 3411 866 3471 Josepb.

289 3476 705 3527 Humiliaverunt
764 3473 818 3523 in
891 3470 1213 3531 compedibus

2159 307 2244 368 79

1266 449 1416 510 pedes
1431 449 1570 511 eJus:
1596 448 1787 498 terrum
1813 444 2107 508 pertransiit
2135 446 2249 493 ani-

1267 522 1406 633 tiiiam
1446 513 1584 572 ejuS‚
1624 512 1784 561 donec
1816 509 2010 558 veniret
2037 508 2249 556 verbum

1265 585 1293 622 e
1316 585 1393 621 uS.

1329 635 1604 696 Eloquium
1624 635 1726 683 1)ῇί
1742 631 2080 682 inflammavit
2096 641 2211 678 eum
2236 645 2250 677 ε

1267 696 1412 744 misit
1447 709 1533 745 rex
1569 700 1618 745 et
1652 697 1800 745 solvit
1838 706 1981 753 eum3
2022 693 2254 753 princeps

1268 758 1568 817 populorum
1587 761 1635 805 et
1650 757 1847 804 dimisit
1867 768 2004 804 eum.

1331 818 1604 867 Constituit
1636 830 1752 866 eum
1778 817 2042 865 dominum
2068 816 2254 863 domus

1268 891 1422 951 sum-z
1459 884 1506 928 et
1543 879 1824 939 principem
1860 879 2029 926 omnis
2061 887 2254 936 posses-

1267 953 1429 989 sionis
1448 953 1571 989 suae.

1333 1003 1400 1050 Ut
1435 1003 1659 1051 erudiret
1695 1001 1947 1063 principes
1979 1000 2090 1059 ejus
2122 1000 2253 1047 sicut

1269 1065 1596 1124 semetipsum
1624 1079 1638 1114 t
1664 1070 1712 1113 et
1729 1075 1873 1113 senes
1894 1063 2006 1122 ejus
2038 1062 2257 1122 pruden-

1267 1126 1395 1174 tiam
1417 1128 1630 1176 doceret.

1331 1187 1397 1235 Et
1429 1188 1642 1237 intravit
1661 1188 1814 1236 Israi÷l
1848 1188 1900 1236 in
1934 1187 2247 1247 AEgyptum:

1271 1253 1320 1297 et
1351 1248 1505 1298 Jacob
1526 1250 1690 1298 accola
1721 1250 1815 1298 suit
1838 1250 1890 1297 in
1916 1253 2047 1297 terra
2075 1247 2253 1296 Cham.

1332 1309 1400 1358 Et
1440 1312 1582 1359 auxit
1623 1312 1864 1371 populum
1904 1323 2056 1358 suum
2111 1309 2260 1357 vehe-

1273 1376 1509 1445 menter‘:
1530 1378 1580 1422 et
1605 1373 1828 1422 firmavit
1845 1383 1962 1421 eum
1984 1383 2135 1431 super
2158 1369 2259 1417 ini-

1272 1445 1432 1481 micos
1445 1447 1572 1492 eJuS.

1338 1494 1598 1544 Convertit
1638 1507 1721 1543 cor
1753 1505 1929 1544 eorum
1971 1497 2029 1540 ut
2062 1491 2258 1539 odirent

1275 1557 1521 1629 populum
1539 1558 1650 1617 ejus
1678 1572 1691 1604 ε
1712 1561 1762 1605 et
1780 1555 1953 1604 dolum
1975 1555 2189 1602 lacerent
2203 1553 2258 1600 in

1276 1630 1447 1667 servos
1470 1631 1596 1678 ejus,

1337 1681 1485 1731 Misit
1542 1682 1750 1741 Moysen
1790 1691 1995 1728 servum
2042 1687 2195 1725 suum
2246 1688 2282 1722 ε·

1276 1740 1452 1792 Aaron
1478 1756 1628 1803 quem
1652 1743 1800 1803 elegit
1822 1742 2009 1801 ipsum.

1340 1806 1517 1855 Posuit
1534 1807 1586 1853 in
1603 1805 1677 1854 eis
1695 1805 1844 1853 verba
1865 1804 2130 1863 signorum
2151 1810 2262 1847 suo-

1279 1878 1394 1916 rum
1416 1872 1487 1916 :et
1503 1867 1847 1928 prodigiorum
1867 1865 1919 1911 in
1936 1870 2068 1912 terra
2080 1862 2260 1911 Cham.

1338 1929 1488 1980 Misit
1517 1929 1747 1975 tenebras
1779 1932 1828 1974 et
1858 1924 2145 1973 obscuravit
2178 1925 2264 1970 :et

1280 2003 1382 2040 non
1400 1989 1709 2037 exacerbavit
1725 1998 1983 2035 sermones
2002 1996 2138 2033 suos·

1344 2050 1599 2100 Convertit
1615 2060 1773 2107 aquas
1792 2059 1966 2096 eorum
1987 2047 2039 2093 in
2057 2043 2266 2103 sangui-

1282 2124 1400 2162 nem
1418 2126 1432 2160 2
1449 2116 1498 2159 et
1518 2110 1696 2158 occidit
1711 2109 1871 2167 pisces
1884 2119 2077 2155 eorum.

1345 2174 1410 2222 Et
1442 2172 1582 2220 dedit
1619 2176 1751 2218 terra
1784 2180 1958 2217 eorum
1997 2177 2181 2215 ranas:
2210 2164 2265 2212 in

1283 2234 1625 2298 penetralibus
1642 2245 1820 2292 regum
1834 2232 2079 2290 ipsorum.

1346 2297 1488 2346 Dixit
1536 2300 1585 2344 et
1627 2295 1766 2343 venit
1803 2292 2067 2353 cynomyia
2108 2293 2157 2338 et
2191 2288 2271 2336 ci·-

1285 2360 1495 2420 niphes:
1527 2359 1579 2406 in
1600 2356 1840 2405 omnibus
1862 2354 2050 2402 finibus
2073 2362 2271 2400 eorum.

1348 2421 1527 2471 Posuit
1536 2419 1733 2479 pluvias
1744 2429 1918 2467 eorum
1937 2415 2235 2475 grandinem
2252 2425 2267 2459 t

1285 2485 1461 2546 ignem
1487 2482 1862 2532 comburentem
1884 2479 1936 2527 in
1963 2483 2095 2528 terra
2130 2475 2272 2535 ipso-

1286 2559 1423 2656 russt’
1432 2604 1677 2664 percussit
1689 2603 1864 2650 vineas
1877 2612 2051 2647 eorum
2068 2603 2116 2646 et
2127 2600 2276 2647 ficul-

1292 2678 1415 2716 neas
1450 2676 1626 2714 eorum
1674 2678 1687 2711 z
1721 2666 1769 2710 et
1808 2661 2045 2709 contrivit
2074 2659 2274 2718 lignum

1294 2728 1481 2776 finium
1503 2735 1698 2772 eorum.

1358 2787 1496 2834 Dixit
1512 2790 1559 2833 et
1582 2785 1719 2832 venit
1739 2784 1927 2831 locusta
1943 2787 1993 2830 et
2012 2782 2237 2831 bruchus
2260 2796 2275 2831 ι

1295 2849 1445 2908 cujus
1465 2858 1565 2895 non
1578 2852 1684 2894 erat
1704 2856 1964 2894 numerus,

1359 2911 1425 2959 Et
1448 2909 1661 2957 comedit
1686 2920 1833 2956 omne
1856 2908 2043 2956 l'oenum
2068 2907 2121 2954 in
2143 2912 2279 2956 terra

1295 2984 1473 3022 eorum
1497 2977 1574 3020 :et
1594 2970 1807 3020 comedit
1826 2982 2030 3019 omnem
2056 2969 2278 3019 fructum

1296 3040 1440 3085 terrae
1462 3047 1655 3083 eorum.

1356 3097 1423 3147 Et
1446 3096 1694 3156 percussit
1712 3107 1862 3144 omne
1885 3093 2280 3152 primogenitum

1298 3160 1351 3208 in
1387 3164 1519 3208 terra
1555 3170 1731 3207 eorum
1773 3172 1786 3205 z
1828 3155 2083 3215 primitias
2113 3153 2284 3201 omnis

1298 3222 1485 3270 laboris
1504 3233 1699 3268 eorum.

1363 3284 1428 3332 Et
1479 3283 1651 3330 eduxit
1690 3291 1774 3329 eos
1819 3289 1937 3325 cum
1982 3280 2189 3336 argento
2236 3277 2290 3323 et

1302 3356 1458 3393 auro:
1474 3348 1521 3391 et
1540 3356 1639 3392 non
1661 3345 1768 3391 erat
1781 3339 1833 3387 in
1856 3339 2093 3387 tribubus
2108 3347 2284 3386 eorum

1304 3406 1564 3454 infirmuS.

1366 3466 1555 3518 Laetam
1593 3469 1669 3515 est
1705 3463 1956 3523 AEgyptus
2005 3460 2057 3508 in
2100 3457 2287 3519 prosec-
