2910 4457
871 359 943 396 ΕΤ
968 358 1212 407 PsALms,
1235 359 1357 396 mc.
2062 351 2117 401 xi

149 493 248 544 tatis
269 492 332 545 B.
352 491 421 542 V.
448 488 551 553 M„
578 486 945 541 Dedicationis
980 485 1250 550 Ecclesiae,
1275 484 1543 540 Omnium
1569 486 1905 553 Sanctorum,
1931 499 1985 543 et
2006 490 2126 545 sesti

147 578 227 629 loci
255 577 497 646 Vesperis
531 575 721 644 primis
763 571 1080 642 duplicanda
1115 581 1280 627 erant.
1365 572 1578 626 Additoe
1626 583 1757 647 sunt
1795 575 2015 644 quidem
2067 579 2123 631 in

147 664 345 717 Rubi-ica
384 663 491 716 ista
528 662 718 731 primae
754 660 911 729 Vesp.
951 658 1204 722 Paschae3
1250 659 1353 711 hoc
1395 668 1581 713 autem
1621 661 1871 716 Rubricae
1909 681 2030 733 quae
2068 665 2123 717 in

144 753 278 818 ipsius
309 749 530 802 Paschae
554 745 758 816 vigilia
794 746 1006 814 legitur,
1041 746 1200 814 plane
1231 748 1557 798 contrarium
1581 755 1687 801 est:
1726 750 1813 800 cui
1847 752 2121 818 posteriori

144 838 356 891 Rubricae
380 854 443 890 eo
468 835 649 904 magis
673 832 996 886 credendum
1020 832 1245 895 videtur,
1262 831 1407 900 quod
1424 833 1506 885 vel
1525 834 1584 885 in
1609 833 1765 887 BreV.
1788 834 2123 900 Eboracensi‚

144 926 188 976 in
217 941 310 993 quo
342 924 505 977 nullae
545 922 665 974 aliae
700 919 947 989 Vesperae
984 919 1170 988 primae
1208 918 1566 988 excipiuntur,
1601 921 1863 990 excipitur
1894 921 2007 975 haec
2032 924 2124 975 Vi-

144 1012 269 1079 gilia,
287 1020 336 1064 et
354 1013 407 1063 in
433 1010 501 1064 ea
526 1009 662 1061 A’na
684 1015 808 1060 ante
834 1005 1054 1074 quidem
1089 1006 1251 1076 incipi
1287 1003 1519 1070 tantum,
1544 1014 1664 1074 post
1688 1007 1978 1061 Canticum
2001 1010 2122 1061 vero

145 1106 245 1149 tota
264 1098 360 1149 sine
379 1102 635 1149 neumate
658 1093 955 1163 percantari
969 1092 1206 1161 jubetur.

206 1183 611 1251 Antiphonarum
647 1187 833 1232 autem
866 1195 1060 1247 genera
1091 1177 1349 1247 distingui
1384 1188 1607 1247 possunt
1642 1181 1761 1244 tria,
1800 1186 1842 1233 1.
1882 1182 2020 1243 Quae
2054 1199 2121 1235 ex

146 1269 254 1337 ipsis
273 1269 491 1322 Psalmis
524 1269 638 1321 suis
669 1268 783 1320 sine
806 1264 1158 1334 applicatione
1193 1265 1406 1343 speciali
1440 1274 1661 1336 sumpta
1694 1275 1831 1319 sunt.
1904 1273 1953 1321 2.
1983 1270 2121 1332 Quae

145 1371 199 1405 ex
216 1356 327 1424 ipsis
351 1355 578 1408 Psalmis
602 1354 715 1405 suis
738 1359 968 1420 sumpta„
990 1351 1095 1403 levi
1119 1351 1355 1419 quedam
1380 1353 1445 1420 (si
1471 1370 1602 1422 opus
1628 1353 1815 1423 fuerit)
1844 1357 2122 1409 verborum

149 1444 402 1496 mutatione
442 1440 740 1496 eorundem
780 1436 850 1491 ad
894 1436 1146 1490 Officium
1188 1437 1329 1505 quod
1368 1440 1550 1507 agitur
1586 1456 1799 1492 sensum
1837 1442 2120 1510 applicant.

146 1530 187 1578 3.
218 1527 336 1590 Quae
368 1528 586 1582 aliunde
623 1532 838 1594 sumpta
873 1522 1257 1577 sunt.-Primi
1293 1531 1473 1576 autem
1512 1526 1721 1593 generis
1753 1533 1877 1578 sunt
1914 1544 2036 1595 quae
2062 1528 2119 1580 in

148 1613 302 1668 Officio
322 1615 621 1677 OrdinariO,
645 1613 757 1666 scil.
794 1612 852 1664 in
889 1610 1161 1674 Psalterio,
1195 1610 1556 1665 inveniuntur.
1632 1610 1864 1665 Secundi
1900 1630 2021 1682 quae
2059 1616 2116 1667 in

148 1701 304 1756 Officio
323 1721 421 1757 non
445 1703 733 1757 Ordinatio
759 1699 982 1753 Psalmis
1006 1715 1111 1751 non
1131 1698 1424 1752 Ordinariis
1444 1700 1754 1769 (aliquando
1779 1702 1941 1754 etiam
1960 1701 2115 1755 Ordi-

148 1790 304 1855 natiis)
333 1792 639 1844 inserviunt.
712 1787 881 1840 Tertii
913 1802 1031 1855 quae
1067 1785 1199 1839 alias
1235 1787 1292 1839 in
1319 1785 1507 1840 Officio
1541 1804 1648 1840 non
1676 1785 1958 1841 Ordinatio
1993 1806 2115 1842 cum

151 1873 340 1929 Psalmis
360 1876 654 1930 ordinariis
678 1874 940 1927 dicuntur.

213 1960 387 2016 Psalmi
421 1972 606 2018 autem
649 1961 936 2024 ordinarii,
960 1961 1069 2014 scil.
1106 1962 1197 2029 qui
1233 1960 1291 2012 in
1316 1960 1572 2015 Psalterio
1612 1963 1905 2030 unicuique
1950 1962 2117 2016 Horae

153 2051 371 2119 assignati
400 2059 540 2115 sunt,
576 2057 729 2104 extra
760 2049 1016 2118 Vesperas
1049 2056 1102 2101 et
1136 2047 1385 2100 Officium
1420 2049 1758 2102 Nocturnum
1799 2065 2004 2117 semper
2039 2049 2120 2101 di-

154 2144 345 2188 cuututz
376 2139 428 2190 in
447 2138 637 2191 Officio
661 2143 842 2189 autem
865 2132 1326 2203 Nocturn0,-(l)
1348 2144 1501 2186 extra
1523 2142 1736 2201 tempus
1762 2133 2035 2195 Paschale‚
2060 2136 2117 2185 in

157 2221 374 2276 omnibus
399 2223 539 2278 festis
572 2231 627 2277 et
666 2221 1251 2277 commemorationibus
1278 2218 1356 2287 (v,
1389 2218 1460 2272 ad
1497 2217 1583 2270 Pr.
1612 2216 1691 2288 1),
1717 2218 1950 2287 exceptis
1972 2218 2119 2271 festis

153 2308 224 2359 iii.
259 2309 516 2364 lectionum
554 2312 665 2364 sine
708 2309 781 2361 Te
815 2310 993 2362 Deum
1030 2306 1110 2378 (v.
1137 2324 1189 2376 p.
1229 2303 1355 2376 xii),
1390 2314 1445 2358 et
1479 2306 1536 2357 in
1575 2304 1779 2359 Octava
1807 2304 1861 2357 S.
1888 2304 2113 2359 Andreae

157 2396 336 2449 etiamsi
365 2399 415 2450 in
444 2398 688 2452 Adventu
728 2414 837 2450 non
879 2396 1073 2449 dicitur
1116 2393 1188 2446 Te
1223 2395 1413 2457 Deum,
1448 2410 1542 2462 pro
1586 2397 1650 2446 18
1691 2392 2114 2448 Dominicalibus

155 2483 221 2535 vel
241 2488 294 2536 12
315 2485 571 2540 ferialibus
596 2485 664 2551 (v.
680 2483 751 2537 ad
774 2500 824 2552 p.
845 2487 914 2535 30
930 2484 986 2552 b)
1011 2482 1299 2549 unicuique
1323 2480 1430 2533 diei
1453 2481 1511 2532 in
1537 2479 1793 2533 Psalterio
1818 2481 2113 2550 assignatis,

153 2579 230 2622 aut
257 2579 348 2626 tres
378 2576 540 2626 trium
577 2579 676 2625 aut
706 2586 850 2622 unus
887 2566 1256 2639 novem—(2)
1284 2568 1339 2619 in
1376 2575 1611 2635 tempore
1646 2574 1826 2619 autem
1853 2566 2113 2630 Paschah,

155 2656 239 2708 scil.
261 2675 288 2709 a
311 2643 586 2713 Domich
623 2657 1039 2710 Resurrectionis
1070 2653 1329 2708 inclusive
1355 2652 1425 2705 ad
1451 2652 1670 2705 Festum
1697 2649 1810 2702 S.S.
1837 2651 2115 2704 Trinitatis

156 2744 397 2812 exclusive,
431 2748 495 2802 de
534 2761 855 2817 quocunque
891 2744 984 2795 fiat
1016 2742 1287 2805 Officium,
1325 2756 1468 2792 unus
1511 2740 1726 2790 tantum
1766 2738 1929 2788 trium
1968 2737 2113 2790 Psal-

153 2845 321 2886 morum
344 2835 653 2889 Nocturnus
676 2832 867 2885 dicitur
886 2832 1026 2882 z-in
1050 2830 1298 2898 Vesperis
1321 2825 1494 2879 rarius
1516 2831 1792 2877 mutantur
1817 2822 2038 2877 Psalmi.

205 2916 256 2969 P.
276 2924 307 2971 2
324 2938 370 2973 a.
398 2922 498 2975 Pro
522 2922 698 2974 D’nus
720 2919 884 2971 scribe
908 2917 1043 2969 Dns‘.

205 3004 373 3061 P.2b.
397 3009 494 3062 &c.
521 3008 652 3061 Non
687 3006 885 3057 dicitur
919 3004 988 3056 ad
1022 3003 1318 3055 Nocturnus
1356 3000 1471 3068 ἀα]
1513 2998 1581 3050 In
1617 2997 1720 3050 hoc
1754 3000 1971 3061 monitu,
1995 3000 2110 3051 ubi-

152 3104 318 3161 eunque
350 3102 608 3157 occurrat,
642 3092 808 3145 scribe
843 3091 911 3142 ad
946 3090 1296 3142 Nocturnum.
1372 3086 1458 3139 De
1489 3101 1645 3138 sensu
1680 3091 1861 3137 autem
1884 3084 2002 3137 vide
2041 3084 2110 3138 ad

156 3172 222 3228 Pr.
245 3183 319 3232 14.
341 3199 388 3235 a.

206 3265 256 3319 P.
278 3272 308 3320 3
330 3287 378 3333 a,
399 3270 491 3323 Ps.
518 3274 573 3333 6,
595 3285 691 3336 pro
716 3270 747 3296 “
771 3265 907 3318 D‘ne
930 3263 1208 3333 quoniam'’
1233 3280 1327 3315 scr.
1356 3264 1389 3291 “
1410 3260 1563 3322 D'ne,
1588 3258 1887 3326 quoniam’'.

206 3349 257 3404 P.
277 3359 307 3407 3
325 3357 375 3409 b.
398 3357 699 3411 Deleantur
720 3357 753 3384 “
772 3353 850 3421 [et
884 3351 1116 3405 exultate
1154 3350 1205 3403 ei
1239 3364 1365 3402 cum
1401 3344 1700 3415 tremore].’'
1735 3352 1789 3396 et
1812 3347 2107 3415 proecedens

155 3452 327 3494 comma
345 3443 402 3496 in
417 3450 687 3513 punctum
709 3446 960 3493 mutetur.
1365 3431 1368 3434 ’
