2910 4457
218 339 414 415 corun]
1059 362 1133 399 DE
1159 362 1374 400 ‘ram-13.
2101 348 2233 399 lxxv

214 491 262 537 Ο
289 493 458 538 beatus
478 498 618 538 ortus
638 490 740 548 ille,
1260 492 1330 539 Et
1352 492 1481 539 Puer
1505 492 1802 555 Redemptor
1823 492 1953 540 orbis

282 571 435 634 Virgo
455 579 506 619 et
525 575 554 632 †
579 588 818 635 puerpera
1327 575 1396 621 Os
1419 582 1662 621 sacratum
1684 574 1900 636 protulit,

213 653 390 700 Edidit
415 661 636 701 nostram
660 655 886 711 salutem,
1330 655 1635 703 Saeculorum
1658 656 1869 704 saeculis,

283 735 429 782 Foeta
453 735 634 782 Sancto
657 735 857 798 Spiritu,

785 841 899 888 Tibi
922 841 1117 889 Christe
1141 840 1257 903 [διο.
1281 849 1337 890 ut
1360 843 1422 890 ad
1444 857 1490 904 p.
1519 843 1579 890 16
1603 842 1676 905 a.]

284 956 358 1008 In
386 955 492 1008 Off.
519 955 857 1019 Eboracensi‚
879 973 1037 1024 mque
1053 965 1171 1026 post
1199 956 1312 1008 Oct.
1338 956 1574 1027 Epiph.2

212 1075 383 1122 Maria
404 1081 573 1121 ventre
596 1075 817 1136 concepit
1264 1075 1427 1122 Radix
1448 1076 1480 1122 J
1482 1091 1583 1123 esse
1598 1076 1703 1137 jam
1726 1076 1903 1133 floruit,

210 1157 364 1203 Verbi
391 1156 524 1203 fideli
547 1156 728 1203 semine
748 1170 761 1198 ε
1261 1156 1332 1204 Et
1353 1158 1489 1220 virga
1512 1158 1730 1206 fructum
1753 1148 1931 1207 edidit:

212 1238 387 1288 Quem
408 1245 539 1284 totus
563 1238 691 1284 orbis
714 1253 811 1284 non
835 1237 1021 1299 bajulat
1032 1242 1075 1300 ἶ,
1264 1239 1496 1286 Fecunda
1517 1248 1711 1302 parturn
1734 1241 1951 1303 protulit,

211 1319 424 1367 Portant
443 1319 623 1381 puellae
648 1319 844 1367 viscera.
1260 1321 1329 1368 Et
1349 1322 1519 1383 virgo§
1545 1329 1807 1385 permanet.

851 1425 1023 1474 GlorIa
1043 1425 1133 1474 tibi
1155 1425 1298 1475 D'ne.
1324 1424 1470 1488 [&c.]

257 1559 285 1601 1·
314 1558 392 1596 Bt.
412 1555 545 1595 Ebot.
562 1555 637 1594 ubi
654 1565 785 1604 supra
804 1555 859 1602 (v.
879 1566 920 1604 p.
938 1555 1050 1601 lxix)
1065 1555 1178 1593 eum.

260 1626 282 1671 1
310 1625 385 1662 Sic
402 1624 515 1670 libri,
534 1628 578 1661 et
592 1622 770 1661 fortasse
785 1620 914 1668 recte,
935 1623 1120 1660 admisso
1136 1622 1244 1670 pede
1259 1620 1504 1670 trisyllabo:
1536 1622 1592 1661 cf.
1610 1623 1665 1661 ad
1681 1634 1723 1671 p.
1746 1623 1816 1661 103
1839 1624 1884 1662 b.

256 1693 281 1740 5
301 1692 361 1730 In
371 1691 453 1730 hoc
468 1700 595 1728 versu
606 1690 704 1728 duae
721 1689 897 1738 synabae
908 1689 1078 1727 desunt:
1097 1689 1273 1728 fortasse
1286 1688 1528 1738 legendum,
1547 1691 1573 1711 “
1588 1689 1644 1728 Et
1655 1690 1772 1739 virgo
1787 1700 1953 1739 semper
1963 1689 2221 1739 permanet!

285 1790 355 1843 P.
380 1793 452 1842 26
473 1790 526 1842 b.
555 1789 654 1842 διο.
679 1787 827 1842 An’ae
852 1789 952 1841 &c.
979 1792 1012 1819 “
1033 1788 1100 1841 In
1127 1786 1470 1842 Dominicis'’
1494 1798 1548 1842 et
1569 1793 1601 1820 “
1620 1789 1689 1843 In
1722 1788 1910 1844 feriis”
1935 1789 2231 1855 intitulata,

205 1878 281 1932 ad
309 1877 489 1930 Horas
522 1875 722 1929 Breves
756 1876 823 1928 ab
857 1874 976 1928 Oct.
1007 1875 1203 1945 Epiph.
1241 1893 1415 1946 usque
1452 1876 1522 1929 ad
1561 1876 1726 1929 Dom.
1770 1881 1793 1928 1
1838 1876 2115 1945 Quadrag.
2155 1878 2231 1943 (iu

208 1967 308 2018 ΒΥ.
348 1965 510 2016 Ebor.
543 1967 576 1992 “
595 1981 752 2032 usque
786 1963 856 2015 ad
881 1964 1035 2015 Diem
1062 1962 1395 2031 Cinerum”),
1421 1972 1476 2016 et
1501 1964 1568 2016 ab
1596 1964 1716 2016 Oct.
1749 1965 1994 2033 Corporis
2018 1963 2117 2015 Xti
2142 1980 2231 2015 us—

209 2070 321 2122 que
347 2052 418 2104 ad
440 2051 577 2104 Adv.
608 2048 979 2118 D’ni,quando
1004 2049 1070 2102 de
1091 2049 1254 2103 Dom.
1272 2051 1353 2103 vel
1377 2049 1443 2101 de
1467 2049 1601 2102 feria
1626 2052 1823 2119 agitur,
1839 2049 2063 2102 dicenda
2087 2057 2229 2100 sunt.

287 2139 434 2191 Laus
459 2137 586 2205 &c.]
616 2136 686 2188 In
712 2136 803 2189 Br.
831 2137 986 2189 Rom.
1008 2156 1020 2188 :
1058 2136 1210 2200 AJl'a‚
1235 2136 1370 2198 all‘a,
1397 2135 1533 2187 all‘a.

287 2225 484 2278 Gratia
506 2222 635 2293 δια]
674 2223 747 2277 In
785 2223 876 2276 Br.
916 2223 1108 2277 Rom.:
1148 2222 1297 2275 Deus
1330 2221 1561 2275 charitas
1597 2230 1701 2275 est:
1741 2228 1795 2274 et
1830 2222 1923 2291 qui
1960 2227 2142 2274 manet
2176 2222 2232 2274 in

211 2313 495 2376 charitate,
518 2313 576 2364 in
602 2311 720 2364 Deo
744 2319 942 2376 manet,
968 2319 1022 2364 et
1047 2309 1198 2363 Deus
1220 2311 1277 2362 in
1310 2327 1390 2362 eo.

288 2399 530 2454 Veniant
553 2398 678 2466 δια]
719 2398 789 2451 In
815 2397 907 2450 Br.
944 2398 1098 2450 Rom.
1120 2418 1132 2448 ι
1173 2396 1364 2449 Deduc
1388 2413 1477 2449 me
1504 2395 1638 2449 D'ne
1662 2397 1720 2449 in
1745 2397 1990 2448 semitam
2014 2395 2233 2448 manda—

211 2495 397 2539 torum
420 2484 798 2539 tuorum.--In
824 2484 988 2536 Psalt.
1017 2483 1205 2537 Heref.
1222 2501 1330 2536 non
1355 2484 1570 2538 docetur
1597 2482 1703 2535 Off.
1729 2483 1891 2536 Adv.:
1919 2483 1983 2536 cf.
2010 2501 2064 2553 p.
2092 2484 2232 2535 lxxi.

291 2572 353 2624 P.
379 2577 451 2625 27
475 2590 523 2625 a.
548 2581 660 2625 esto
687 2570 849 2639 D’ne]
881 2570 972 2623 Br.
1000 2571 1158 2624 Rom.
1185 2588 1291 2623 om.
1316 2570 1473 2625 D’ne.

291 2662 355 2714 A.
395 2661 568 2714 Tuam
595 2660 732 2713 D'ne
757 2659 891 2729 &c.]
932 2660 1003 2711 In
1038 2659 1128 2711 Bt.
1155 2659 1310 2712 Rom.
1345 2658 1508 2710 “Ant
1545 2656 1822 2726 [secunda]
1863 2656 1925 2707 de
1960 2655 2234 2707 Laudibus

217 2748 444 2811 D'm’coe,
469 2755 561 2798 aut
584 2765 647 2798 ex
674 2747 909 2816 propriis
945 2744 1221 2797 Laudibus
1255 2745 1329 2813 [v.
1356 2742 1426 2796 ad
1459 2743 1523 2797 P.
1556 2747 1628 2794 20
1663 2741 1772 2811 b].'’
1825 2740 1894 2793 In
1932 2739 2034 2792 Off.
2071 2740 2233 2793 Ebor.

216 2836 336 2887 haec
367 2834 503 2885 A’na
533 2831 603 2884 ad
636 2831 868 2896 Nonam,
893 2830 964 2883 ad
997 2830 1237 2884 Tertiam
1269 2827 1393 2882 vero
1425 2829 1562 2882 A'na
1594 2826 1782 2879 “Veni
1816 2835 1870 2879 et
1904 2826 2030 2879 &c.''
2067 2825 2143 2897 (v.
2181 2847 2232 2897 p.

217 2927 294 2975 20
317 2921 380 2992 b)
407 2920 620 2974 dicitur.

291 3008 399 3071 Qui
422 3003 678 3061 venturus
704 3007 828 3075 &c.]
858 3005 926 3058 In
953 3005 1043 3058 Br.
1070 3006 1226 3059 Rom.
1252 3005 1442 3058 “Ecce
1467 3003 1831 3058 dies—terra.”
1852 3002 1922 3069 (v,
1949 3002 2038 3056 Pr.
2071 3009 2132 3055 14
2158 3006 2230 3072 b.)

290 3101 321 3127 “
342 3096 451 3159 Qui
475 3103 727 3148 venturus
752 3093 882 3146 &c.’'
905 3101 961 3146 et
990 3112 1042 3164 p.
1066 3098 1136 3146 28
1167 3095 1221 3146 b.
1257 3097 1290 3123 “
1311 3093 1484 3161 Prope
1517 3101 1596 3146 est
1632 3090 1785 3158 &c.’']
1833 3091 1903 3144 In
1931 3090 2034 3143 Off.
2072 3091 2231 3143 Ebor.

215 3183 399 3236 eadem
422 3183 542 3235 haec
568 3180 822 3251 Capitula
855 3180 1156 3233 Dominicis
1188 3181 1350 3233 etiam
1383 3179 1570 3233 diebus
1591 3197 1683 3249 per
1705 3178 2015 3231 Adventum
2046 3178 2231 3230 dicun-

222 3282 320 3325 tur.
362 3272 446 3325 De
472 3270 639 3324 Nona
660 3269 781 3323 vide
804 3287 902 3322 suo
926 3270 1059 3322 1000.

287 3358 643 3429 Responsoria
665 3366 845 3410 autem
872 3357 1001 3409 Veni
1024 3362 1131 3426 550„
1154 3356 1373 3409 Ostende
1393 3361 1498 3421 dyc„
1522 3364 1576 3410 et
1596 3355 1768 3425 Super
1795 3364 1857 3418 te,
1878 3358 1962 3418 ᾇτ’.
1984 3355 2146 3407 etiam
2174 3356 2229 3405 in

219 3447 322 3502 Off.
350 3449 549 3503 Sarisb.
575 3455 690 3500 tam
713 3448 770 3500 in
796 3448 1091 3500 Dominicis
1124 3446 1286 3515 quam
1311 3447 1367 3498 in
1392 3446 1537 3498 feriis
1560 3445 1845 3498 dicuutur:
1872 3442 1937 3494 cf.
1964 3442 2051 3494 Pr.
2074 3442 2138 3493 de
2164 3442 2228 3498 T.

1177 3549 1219 3584 Η
1243 3537 1278 3585 2
