2910 4457
526 317 609 379 58
1355 334 1519 375 tutu
1562 334 1765 384 Quian

589 447 800 497 Intende
845 445 1030 496 animm
1070 457 1213 502 mere.
1262 450 1312 495 et
1357 445 1512 494 libera

524 521 636 558 eam
650 514 863 569 :propter
877 507 1109 556 inimicos
1120 520 1259 555 mees
1266 506 1402 567 eripe
1413 520 1513 556 me.

587 572 667 620 Tu
702 571 801 620 scis
836 568 1198 629 improperium
1247 581 1421 617 meum
1466 575 1516 617 et

527 633 873 682 confusionem
890 644 1056 680 meam
1077 645 1091 678 ι
1112 636 1162 679 et
1177 630 1513 680 reverentiam

527 708 710 743 meam.

588 758 648 804 In
671 758 941 815 conspectu
970 758 1059 801 tuo
1080 758 1203 801 sunt
1225 765 1402 802 omnes
1424 754 1514 813 qui

525 818 773 865 tribulant
809 829 890 865 me
916 814 1312 874 :improperium
1343 827 1516 875 expec-

528 880 650 928 tavit
671 891 756 927 cor
777 891 948 925 meum
970 882 1018 926 et
1040 877 1324 925 miseriam.

588 941 653 990 Et
682 940 904 988 sustinui
939 939 1032 999 qui
1061 939 1216 987 simul
1249 937 1516 988 contrista-

529 1008 666 1052 retur
682 1007 728 1050 et
745 1016 841 1050 non
860 1000 955 1049 fuit
967 1017 978 1049 z
990 1006 1038 1050 et
1053 1000 1142 1061 qui
1154 1002 1514 1060 consolaretur,

529 1070 578 1114 et
603 1077 702 1112 non
726 1063 916 1111 inseni.

592 1127 656 1175 Et
675 1127 923 1174 dederunt
942 1125 997 1172 in
1020 1136 1187 1173 escam
1211 1135 1376 1172 meam
1411 1122 1474 1171 t'el
1500 1138 1514 1172 ε

529 1193 577 1237 et
599 1188 651 1234 in
669 1187 753 1235 siti
769 1200 878 1234 mea
897 1191 1196 1245 potaverunt
1217 1199 1302 1234 me
1325 1190 1481 1233 aceto.

593 1249 706 1297 Fiat
727 1261 899 1297 mensa
921 1260 1096 1295 eorum
1121 1258 1290 1295 coram
1315 1247 1439 1306 ipsis
1460 1246 1515 1295 in

530 1313 767 1371 laqueum
798 1316 882 1359 zet
909 1310 964 1357 in
997 1309 1353 1375 retributiones
1382 1314 1431 1358 et
1463 1309 1515 1357 in

529 1373 842 1422 scandalum.

593 1434 940 1482 obscurentur
972 1433 1105 1482 oculi
1135 1445 1311 1481 eorum
1349 1445 1413 1481 ne
1442 1433 1520 1481 vi-

531 1497 685 1545 deant
704 1511 715 1544 :
733 1501 781 1545 et
796 1496 1006 1545 dorsum
1024 1507 1200 1545 eorum
1219 1507 1416 1554 semper
1438 1495 1522 1543 in-

532 1570 704 1606 curva.

593 1620 810 1667 Effunde
830 1631 980 1677 super
1004 1630 1088 1666 eos
1110 1617 1239 1666 iram
1266 1621 1408 1666 tuam
1434 1633 1446 1666 :
1472 1623 1521 1667 et

535 1680 675 1727 l'uror
693 1681 779 1728 irae
802 1686 901 1727 tuae
926 1680 1316 1738 comprehendat
1337 1692 1437 1727 eos·

595 1741 707 1788 Fiat
720 1740 958 1788 habitatio
974 1752 1150 1788 eorum
1165 1741 1357 1788 deserta
1372 1755 1384 1787 ε
1400 1746 1449 1788 et
1466 1740 1520 1789 in

531 1802 868 1850 tabernaculis
881 1813 1058 1850 eorum
1079 1814 1179 1849 non
1196 1801 1263 1849 sit
1275 1802 1365 1861 qui
1381 1801 1523 1851 inha-

531 1864 671 1912 bitet.

597 1924 850 1985 Quoniam
864 1936 1015 1983 quem
1027 1927 1083 1970 tu
1094 1923 1400 1984 percussisti,
1415 1938 1523 1985 per-

532 1987 691 2035 secuti
720 1992 842 2034 sunt
866 1990 946 2034 :et
976 1998 1126 2044 super
1156 1987 1377 2036 dolorem
1410 1989 1522 2036 vul-

535 2061 717 2097 nerum
733 2060 961 2096 meorum
980 2046 1301 2096 addiderunt.

598 2111 811 2170 Appone
827 2109 1147 2170 iniquitatem
1165 2121 1315 2169 super
1331 2110 1523 2171 iniqui-

534 2176 688 2220 tatem
725 2174 900 2222 eortim
941 2187 954 2221 :
997 2177 1045 2220 et
1083 2185 1183 2220 non
1231 2171 1423 2222 intrent
1466 2173 1519 2221 in

530 2234 784 2294 justitiam
806 2241 969 2283 tuam.

595 2297 869 2346 Deleantur
892 2297 953 2345 de
982 2295 1109 2344 libro
1131 2295 1411 2345 viventium
1437 2311 1449 2345 ε
1475 2299 1523 2347 et

532 2369 650 2405 cum
665 2358 819 2417 justis
835 2371 935 2405 non
959 2358 1265 2405 scribantur.

594 2419 702 2478 Ego
725 2432 841 2466 sum
866 2430 1052 2477 pauper
1075 2423 1123 2466 et
1145 2419 1320 2467 dolens
1345 2433 1358 2467 ι
1383 2419 1522 2467 salus

534 2482 621 2526 tua
643 2480 778 2526 Deus
802 2478 1020 2537 suscepit
1043 2491 1143 2526 me.

595 2540 835 2588 Laudabo
852 2552 1035 2587 nomen
1052 2539 1144 2587 Dei
1159 2552 1274 2587 cum
1293 2541 1487 2590 cantico
1506 2557 1519 2590 τ

532 2606 581 2650 et
596 2602 930 2662 magnificabo
953 2614 1069 2650 eum
1091 2601 1146 2649 in
1165 2600 1327 2651 laude.

597 2663 661 2712 Et
679 2665 889 2724 placebit
903 2665 1006 2713 Deo
1023 2675 1172 2723 super
1191 2663 1408 2712 vitulum
1432 2677 1523 2713 no-

534 2726 722 2775 vellum
770 2743 783 2776 2
828 2739 1017 2776 cornua
1067 2727 1424 2785 producentem
1474 2730 1523 2775 et

535 2788 773 2846 ungulas,

597 2849 818 2897 Videant
864 2861 1108 2908 pauperes
1150 2855 1197 2898 et
1232 2850 1464 2900 laetentur
1505 2863 1518 2896 ε

533 2909 932 2969 quaeriteDeum,
952 2912 1142 2959 etvivet
1153 2912 1323 2959 anima
1337 2917 1519 2961 vestra.

598 2970 854 3029 Quoniam
864 2970 1116 3019 exaudivit
1131 2984 1373 3032 pauperes
1384 2974 1519 3021 Diis:

536 3036 586 3080 et
607 3030 802 3078 vinctos
823 3043 941 3078 suos
959 3044 1058 3078 non
1076 3033 1315 3090 despexit.

597 3092 828 3141 Laudent
884 3091 1029 3140 illum
1089 3093 1200 3140 coeli
1248 3099 1296 3142 et
1338 3099 1471 3143 terra
1507 3110 1519 3143 :

533 3167 677 3204 mare
699 3159 747 3202 et
768 3155 940 3202 omnia
965 3152 1159 3213 reptilia
1175 3154 1230 3202 in
1252 3156 1343 3204 eis,

597 3216 853 3276 Quoniam
920 3217 1056 3265 Deus
1117 3217 1310 3265 salvam
1376 3215 1521 3266 faciet

534 3278 654 3391 ῗίεέη
698 3293 710 3327 :
748 3285 796 3327 et
847 3278 1234 3328 oedificabuntur
1293 3279 1522 3328 civitates

567 3354 602 3389 u
638 3353 697 3389 ze.

597 3404 661 3453 Et
676 3401 1032 3451 inhabitabunt
1049 3401 1121 3452 ibi
1138 3417 1151 3452 ε
1168 3407 1217 3453 et
1232 3402 1520 3453 haereditate

531 3465 793 3526 acquirent
806 3477 935 3513 eam.

1677 444 1741 494 Et
1770 456 1941 496 semen
1962 455 2226 494 servorum
2248 445 2361 505 ejus
2383 445 2617 505 posside-

1613 506 1689 556 bit
1712 519 1825 555 eam
1852 521 1864 554 :
1888 511 1936 555 et
1949 505 2039 567 qui
2055 506 2275 566 diligunt
2293 520 2477 557 nomen
2496 509 2615 569 ejus

1615 568 1913 617 habitabunt
1936 568 1988 616 in
2011 581 2087 617 ea.

1901 630 2143 677 Psalmm
2179 630 2314 678 loeioe.

1703 702 1794 737 eus
1837 689 1890 739 in
1941 692 2254 751 adjutorium
2305 703 2478 740 meum
2528 692 2616 741 in-

1612 812 1638 861 f
1704 752 1851 823 tende
1871 768 1882 801 :
1902 753 2013 802 Dne
2043 755 2106 803 ad
2139 754 2491 814 adjuvandum
2524 768 2613 804 me

1631 818 1812 862 estina.

1674 874 2062 924 Confundantur
2119 881 2169 925 et
2220 882 2552 926 revereantur
2598 894 2612 927 ε

1613 936 1705 999 qui
1723 942 1960 996 quaerunt
1975 938 2201 986 animam
2228 950 2414 988 meam.

1677 999 1990 1047 Avertantur
2025 1007 2302 1048 retrorsum
2339 1004 2388 1048 et
2425 1001 2611 1050 erube-

1611 1065 1757 1109 scant
1781 1060 1901 1120 :qui
1924 1062 2099 1109 volunt
2122 1062 2251 1110 mihi
2273 1062 2426 1111 mala.

1677 1122 1991 1171 Avertantur
2013 1124 2187 1172 statim
2211 1124 2568 1173 erubescentes
2595 1139 2609 1173 ε

1614 1183 1704 1245 qui
1723 1183 1900 1231 dicunt
1917 1185 2062 1243 mihi,
2087 1186 2244 1246 Euge,
2271 1195 2414 1244 euge.

1677 1245 1913 1294 Exultent
1950 1253 1998 1296 et
2030 1248 2260 1296 laetentur
2283 1248 2336 1295 in
2360 1253 2409 1295 te
2428 1259 2615 1297 omnes

1615 1307 1704 1366 qui
1734 1313 1972 1367 quaerunt
2008 1314 2154 1357 te2et
2188 1310 2358 1358 dicant
2389 1321 2612 1369 semper,

1613 1369 1971 1429 Magnificetur
2003 1371 2140 1431 DfiS,
2174 1371 2264 1431 qui
2286 1370 2508 1430 diligunt
2529 1384 2615 1419 sa-

1616 1429 1777 1479 lutare
1798 1435 1964 1480 tuum.

1677 1492 1784 1552 Ego
1816 1505 1933 1540 vero
1955 1505 2146 1553 egenus
2168 1497 2216 1544 et
2237 1505 2426 1553 pauper
2447 1505 2570 1542 sum
2597 1508 2612 1542 t

1615 1555 1753 1603 Deus
1774 1554 1960 1614 adJuva
1984 1568 2084 1603 me.

1679 1616 1902 1675 Adjutor
1934 1629 2079 1664 meus
2108 1622 2157 1666 et
2195 1615 2430 1665 liberator
2462 1629 2614 1666 meus

1617 1689 1671 1725 es
1691 1681 1748 1725 tu
1768 1692 1780 1723 ε
1802 1677 1913 1725 Dite
1931 1691 1993 1726 ne
2014 1677 2245 1727 moreris.

1680 1738 1853 1788 Gloria
1874 1738 2032 1788 Patri.
2051 1743 2114 1789 Α.
2132 1742 2242 1790 Due
2276 1741 2413 1789 Deus
2435 1742 2490 1789 in
2521 1741 2616 1789 ad-

1615 1800 1866 1862 jutorium
1888 1814 2063 1849 meum
2080 1802 2302 1851 intende.

1900 1862 2144 1911 Psalmtts
2176 1864 2291 1912 laeoe.

1619 1935 1702 2035 In
1721 1928 1768 1972 te
1784 1924 1892 1971 Di‘ie
1903 1926 2118 1984 speravi,
2140 1938 2239 1973 non
2256 1924 2538 1974 confundar
2554 1925 2611 1975 in

1670 1991 1917 2034 aeternum
1961 2001 1973 2034 ι
2005 1987 2058 2034 in
2089 1987 2287 2046 J‘ustitia
2327 1993 2414 2036 tua
2451 1988 2613 2038 libera

1619 2060 1701 2096 me
1721 2052 1770 2094 et
1792 2047 1925 2107 eripe
1947 2058 2045 2096 me.

1683 2109 1879 2157 Inclina
1912 2109 1975 2157 ad
2008 2121 2090 2158 me
2126 2122 2304 2158 aurem
2334 2116 2476 2159 tuam
2517 2125 2531 2159 ι
2565 2115 2615 2161 et

1618 2170 1756 2219 salva
1787 2183 1886 2218 me.

1680 2232 1801 2281 Esto
1832 2231 1964 2281 mihi
1987 2231 2040 2281 in
2062 2234 2225 2282 Deum
2262 2238 2611 2294 protectorem,

1619 2298 1668 2344 et
1699 2294 1753 2342 in
1790 2295 1958 2343 locum
2005 2296 2265 2344 munitum
2290 2301 2380 2343 :ut
2409 2296 2614 2345 salvum

1620 2369 1702 2405 me
1724 2356 1893 2405 facias.

1684 2417 1943 2478 Quoniam
1977 2418 2363 2467 firmamentum
2398 2430 2572 2468 meum
2600 2433 2613 2467 ε

1619 2483 1668 2528 et
1691 2480 1944 2538 refugium
1965 2492 2139 2528 meum
2159 2486 2304 2529 estu.

1681 2541 1821 2588 Deus
1838 2553 1982 2589 meus
1998 2540 2133 2600 eripe
2148 2554 2230 2590 me
2245 2543 2306 2591 de
2322 2553 2482 2590 manu
2498 2554 2615 2601 peo-

1617 2602 1805 2651 catoris
1839 2618 1851 2650 :
1885 2607 1933 2650 et
1962 2603 2024 2651 de
2055 2615 2215 2650 manu
2244 2610 2418 2652 contra
2448 2604 2613 2662 legem

1619 2665 1817 2723 agentis
1838 2669 1886 2711 et
1910 2663 2091 2722 iniqui.

1682 2726 1937 2785 Quoniam
1991 2730 2045 2772 tu
2098 2737 2152 2774 es
2205 2724 2445 2784 patientia
2494 2737 2612 2775 mea

1618 2787 1730 2835 Dhe
1758 2802 1770 2836 ε
1795 2788 1906 2836 Due
1952 2799 2064 2845 spes
2107 2799 2221 2835 mea
2272 2799 2302 2834 a
2343 2787 2616 2847 juventute

1620 2861 1752 2897 mea.

1681 2911 1742 2959 In
1767 2914 1815 2960 te
1847 2909 2178 2959 confirmatus
2198 2921 2313 2958 sum
2336 2922 2394 2958 ex
2424 2914 2572 2959 utero
2600 2926 2613 2959 :

1619 2971 1680 3020 de
1710 2977 1883 3020 ventre
1907 2972 2086 3019 matris
2117 2985 2241 3021 meae
2264 2977 2321 3019 tu
2342 2984 2396 3019 es
2417 2976 2614 3031 protec-

1618 3038 1697 3081 tor
1718 3046 1896 3082 meus:

1679 3096 1740 3143 In
1774 3100 1821 3143 te
1849 3095 2066 3143 cantatio
2103 3107 2214 3143 mea
2246 3106 2443 3154 semper
2462 3108 2476 3142 x
2495 3099 2613 3143 tan-

1617 3168 1770 3217 quam
1788 3157 2073 3216 prodigium
2091 3156 2252 3205 sactus
2271 3168 2388 3205 sum
2410 3157 2610 3218 multis,

1616 3224 1666 3267 et
1688 3224 1744 3265 tu
1763 3219 1963 3278 adjtltor
1987 3217 2145 3266 sortis·

1678 3280 1951 3338 Repleatur
1972 3292 2028 3327 os
2049 3291 2222 3329 meum
2246 3279 2393 3328 laude
2416 3284 2474 3327 ut
2489 3291 2613 3328 can-

1617 3345 1720 3389 tem
1739 3341 1953 3401 gloriam
1978 3347 2120 3390 tuam
2142 3357 2154 3390 z
2179 3346 2280 3390 tota
2304 3341 2384 3391 die
2406 3343 2615 3403 magni-

1618 3403 1850 3451 tudinem
1873 3408 2033 3452 tuam.

1681 3464 1756 3514 Ne
1773 3463 2008 3524 projicias
2030 3477 2111 3519 me
2125 3465 2179 3513 in
2197 3470 2420 3525 tempore
2434 3460 2611 3515 senec·
