2910 4457
261 3970 434 4059 ⁸⁸.

499 422 621 487 146

497 570 696 637 gloriae.
733 568 798 622 V.
837 570 1028 619 Statuit
1059 569 1138 618 illi
1170 574 1537 619 testamentum

497 637 886 701 sempiternum.
921 637 990 685 Et
1015 633 1143 700 [cta]
1326 632 1446 685 Lec.
1472 635 1536 699 τῇ.

589 717 679 750 ms
699 702 888 750 estiste
904 700 1037 762 ms,
1056 702 1276 751 fratres?
1297 700 1535 750 Christus

497 715 587 830 (Q
607 770 720 817 sine
762 767 951 828 dubi03
993 769 1082 830 qui
1116 767 1224 816 suis
1265 766 1535 831 discipulis

495 838 597 885 ait:
630 835 740 883 Vos
764 835 967 883 vocatis
989 849 1073 882 me
1089 833 1341 898 Magister
1360 839 1411 881 et
1426 834 1535 882 Do-

495 902 664 961 mine3
706 905 758 949 et
779 900 915 949 bene
940 899 1137 949 dicitis:
1181 914 1298 947 sum
1326 900 1533 947 etenim.

496 968 627 1028 Quae
640 972 719 1016 est
736 966 892 1014 etiam
907 965 1063 1028 hujus
1075 965 1290 1013 Domini
1300 964 1499 1012 familia
1508 966 1534 1012 ?

494 1034 746 1083 Nimirum
773 1032 864 1080 illa
895 1037 974 1080 est
1005 1046 1160 1094 quam
1192 1031 1305 1094 ipse
1328 1029 1443 1078 Dfis
1470 1029 1533 1079 de

492 1115 655 1148 manu
692 1097 892 1146 inimici
928 1096 1171 1158 redemit,
1214 1102 1264 1144 et
1303 1096 1532 1145 Domino

494 1181 593 1215 suo
617 1163 950 1227 mancipavit.
985 1163 1115 1210 Haec
1139 1167 1312 1210 autem
1335 1161 1536 1210 familia

491 1237 681 1280 sancta
705 1235 783 1278 est
804 1228 1059 1288 Ecclesia,
1091 1242 1207 1290 quae
1237 1243 1329 1292 per
1354 1227 1534 1276 orbem

489 1302 747 1346 terrarum
772 1295 987 1358 copiosa
1003 1294 1269 1343 fertilitate
1288 1292 1531 1346 diffundi,-

489 1368 596 1424 tur,
615 1366 665 1411 et
682 1360 1001 1424 redemptam
1022 1375 1077 1408 se
1094 1360 1323 1425 pretioso
1339 1359 1533 1408 Christi

491 1428 755 1493 sanguine
778 1425 1048 1490 gloriatur.

559 1495 609 1558 R
631 1496 678 1544 6.
707 1492 897 1541 Sancte
916 1492 995 1553 N.,
1019 1491 1211 1541 Christi
1230 1491 1530 1553 Confessor‚

493 1559 621 1609 audi
637 1575 695 1608 ro
736 1564 885 1606 antes
915 1556 1169 1619 servulos,
1197 1558 1266 1606 Et
1287 1559 1530 1622 impetra-

490 1631 602 1675 tam
626 1640 706 1674 coe
733 1624 832 1673 ‘tus
860 1625 942 1672 Tu
968 1623 1110 1672 defer
1134 1622 1532 1689 indulgentiam.

490 1689 560 1744 V.
587 1691 632 1741 O
669 1696 850 1739 sancte
881 1690 962 1751 N.,
997 1689 1158 1753 sydus
1187 1705 1400 1738 aureum
1421 1687 1532 1737 Dffi

490 1757 679 1823 gratia,
706 1770 973 1805 servorum
996 1756 1218 1820 gemitus
1242 1753 1399 1804 solita
1415 1770 1531 1804 sus·

493 1824 612 1887 cipe
637 1822 930 1870 clementia.
965 1822 1033 1870 Et
1056 1822 1382 1886 impetratam
1408 1818 1529 1885 [coe-

489 1889 620 1937 litus
644 1888 725 1935 Tu
746 1886 887 1935 defer
909 1884 1325 1950 indulgentiam].
1349 1886 1532 1935 Gloria

494 1953 595 2020 [-—
624 1953 714 2016 Sp.
742 1952 815 2017 S.]
852 1954 936 2001 Tu
973 1951 1131 2017 [defer
1154 1951 1280 2017 ind.]

560 2016 599 2085 β
620 2016 739 2073 61.
801 2020 865 2067 ΙΝ
888 2017 966 2066 III
989 2019 1154 2067 Noc‘r.
1187 2017 1252 2066 A.
1278 2016 1411 2080 D‘sie,
1430 2018 1531 2066 iste

494 2086 721 2135 Sanctus
777 2085 993 2134 abitabit
1000 2084 1056 2133 in
1069 2084 1405 2135 tabernaculo
1418 2090 1529 2132 tuo:

490 2159 736 2219 operatus
762 2158 840 2201 est
855 2150 1137 2214 justitiam:
1162 2151 1453 2214 requiescet
1475 2151 1531 2197 in

489 2225 669 2269 monte
709 2222 890 2268 sancto
937 2221 1046 2268 tuo.
1099 2215 1185 2267 Pe.
1233 2214 1367 2279 Dfie,
1415 2217 1532 2279 quis

492 2285 643 2400 (ΡΑ.)
663 2352 837 2401 Vitam
877 2350 1027 2415 petiit
1060 2365 1091 2397 a
1112 2354 1180 2411 te,
1222 2355 1274 2399 et
1304 2349 1535 2399 tribuisti

492 2419 559 2480 ei,
572 2416 708 2485 D‘fie:
733 2417 953 2482 gloriam
971 2422 1022 2464 et
1032 2431 1280 2481 magnum
1294 2416 1535 2493 decorem

489 2488 1532 2612 ”22233532333ffiffsassfflffizzzz.

489 2566 583 2664 {8-
607 2614 742 2676 Diie,
767 2616 822 2662 in
846 2615 1038 2662 virtute
1063 2613 1133 2678 (p.
1161 2614 1261 2677 11).

558 2680 626 2729 A.
660 2681 765 2730 Hic
799 2680 1022 2743 accipiet
1052 2678 1469 2729 benedictionem
1501 2694 1534 2728 a

487 2744 632 2810 D‘fiO,
668 2752 718 2796 et
749 2744 1157 2795 misericordiam
1188 2761 1219 2794 a
1240 2747 1355 2794 Deo
1391 2745 1531 2795 salu-

488 2813 594 2862 tari
639 2829 763 2862 suo:
812 2812 935 2876 quia
977 2812 1088 2860 haec
1133 2817 1212 2860 est
1262 2812 1531 2878 generatio

488 2880 833 2942 quaerentium
861 2876 1017 2926 Dfim.
1053 2875 1141 2926 Pa.
1166 2876 1274 2926 Dfii
1290 2885 1370 2927 est
1395 2883 1534 2926 terra

492 2945 678 3063 (pvso)
688 3011 725 3060 J
727 3014 874 3059 ustus
907 3014 966 3059 ut
1025 3009 1161 3059 alma
1183 3010 1403 3061 florebit.
1437 3011 1531 3073 ῌο.

490 3076 643 3207 Sic]ut
686 3078 871 3126 cedrus
915 3027 1125 3141 [Lilbani
1162 3076 1531 3141 multiplicabi-

486 3147 578 3192 tur
602 3178 614 3191 .

489 3207 797 3259 Secundum
820 3206 1135 3258 Matthoewm.
1162 3206 1314 3273 (Cap.
1341 3208 1418 3256 25.
1442 3205 1530 3271 A.)

549 3289 587 3324 N
608 3275 701 3325 illo
735 3282 996 3340 tempore:
1020 3274 1169 3324 Dixit
1189 3273 1226 3322 J
1230 3289 1347 3323 esus
1377 3273 1530 3321 disci·

485 3290 546 3402 Π
563 3341 702 3406 pulis
722 3342 831 3392 suis
849 3340 1151 3407 parabolam
1166 3339 1319 3388 hanc.
1353 3340 1529 3387 Homo

490 3409 706 3472 quidam
728 3422 944 3471 peregre
962 3405 1299 3470 proficiscens
1317 3404 1531 3452 vocavit

489 3490 673 3524 servos
697 3489 838 3535 suos,
862 3477 913 3522 et
930 3471 1139 3521 tradidit
1153 3470 1257 3519 illis
1277 3469 1416 3519 bona
1433 3485 1530 3519 sua

488 3541 560 3589 Et
580 3540 796 3604 reliqua.
932 3539 938 3545 ’

553 3606 798 3654 Homelia
819 3604 970 3654 Beati
992 3602 1232 3667 Gregorii
1253 3602 1426 3665 Papae.

553 3669 730 3720 Lectio
758 3671 843 3737 vij.
871 3670 1053 3719 Lectio
1088 3669 1255 3718 sancti
1282 3668 1525 3733 Euange-

486 3735 564 3797 lii,
594 3738 776 3786 fratres
809 3735 1112 3796 charissimi,
1145 3734 1367 3783 sollicite
1401 3749 1526 3783 con-

489 3802 719 3852 siderare
757 3818 857 3851 nos
898 3802 1155 3863 admonet,
1196 3816 1264 3849 ne
1300 3815 1399 3850 nos
1434 3801 1524 3863 qui

465 4098 502 4175 Ἢ,

1131 435 1367 475 commum-2
1396 437 1541 476 umus
1570 436 1902 478 cousnssoms
1930 439 1990 476 E‘r

2422 426 2475 488 (ξ
2501 416 2681 489 sossi

1635 569 1756 634 plus
1781 569 1964 619 ceteris
1986 570 2042 618 in
2066 570 2169 620 hoc
2188 572 2382 623 mundo
2407 575 2682 639 accepisse

1637 634 1835 698 aliquid
1859 637 2132 698 cernimur,
2165 637 2233 688 ab
2258 644 2471 689 auctore
2495 640 2684 689 mundi

1635 702 1848 767 gravius
1883 701 2003 750 inde
2023 703 2336 765 judicemur.
2371 706 2507 755 Cum
2535 706 2684 754 enim

1635 773 1894 833 augentur
1919 767 2072 831 dona,
2096 771 2325 820 rationes
2354 771 2511 820 etiam
2533 787 2681 821 cres-

1635 840 1762 882 cunt
1808 832 2078 883 donorum.
2131 836 2302 884 Tanto
2346 836 2507 902 igitur
2560 853 2681 887 esse

1633 898 1893 960 humilior,
1930 905 2084 963 atque
2109 900 2178 949 ad
2200 902 2532 953 serviendum
2557 904 2681 952 Deo

1633 966 1945 1029 promptior,
1995 967 2215 1030 quisque
2258 967 2411 1017 debet
2450 983 2571 1018 esse
2613 985 2682 1018 ex

1632 1046 1861 1092 munere,
1883 1041 2075 1093 quanto
2097 1049 2152 1081 se
2173 1033 2538 1100 obligatiorem
2558 1050 2681 1085 esse

1634 1097 1893 1160 conspicit
1914 1098 1969 1145 in
1994 1097 2259 1148 reddenda
2281 1100 2501 1149 ratione.

1699 1163 1745 1224 Bc
1770 1166 1815 1210 7.
1849 1161 1952 1212 Iste
1977 1169 2055 1212 est
2079 1166 2167 1227 qui
2189 1171 2311 1214 ante
2333 1167 2507 1214 Deum
2527 1182 2681 1233 mag·

1631 1242 1729 1276 nas
1761 1228 1979 1277 virtutes
2012 1237 2253 1294 operatus
2289 1237 2383 1292 est,
2417 1236 2470 1280 et
2502 1234 2679 1281 omnis

1630 1299 1767 1342 terra
1792 1293 2028 1343 doctrina
2052 1296 2164 1359 ejus
2198 1296 2398 1361 repleta
2421 1304 2516 1347 est.
2556 1297 2681 1362 Ipse

1629 1358 1918 1408 intercedat
1976 1376 2033 1408 ro
2065 1364 2297 1425 peccatis
2323 1364 2559 1412 omnium
2583 1380 2682 1428 po-

1629 1424 1888 1488 pulorum.
1974 1462 1987 1475 .
2012 1426 2117 1476 Iste
2143 1433 2222 1477 est
2245 1429 2334 1493 qui
2359 1431 2682 1493 contempsit

1630 1491 1789 1538 vitam
1812 1492 2006 1554 mundi,
2033 1498 2083 1542 et
2098 1495 2334 1557 pervenit
2351 1495 2419 1543 ad
2436 1495 2681 1544 coelestia

1630 1571 1809 1621 regna.
1853 1557 1973 1622 Ipse
2004 1560 2292 1608 intercedat
2328 1559 2396 1625 [p.
2431 1577 2484 1625 p.
2520 1577 2572 1611 o.
2601 1560 2680 1627 p.}

1984 1624 2160 1675 Lectio
2182 1626 2288 1690 viij.

1719 1702 1822 1738 cen
1859 1689 2016 1740 homo
2056 1692 2146 1754 qui
2177 1707 2392 1757 peregre
2431 1692 2678 1757 proficis-

1628 1704 1718 1816 Ε
1737 1756 1871 1805 citur
1902 1772 2082 1806 servos
2114 1772 2239 1807 suos
2268 1763 2444 1819 vocat,
2486 1760 2678 1823 eisque

1630 1822 1698 1870 ad
1733 1823 2002 1887 negotium
2034 1822 2232 1871 talenta
2263 1824 2501 1889 partitur.
2542 1825 2681 1875 Post

1628 1888 1852 1936 multum
1874 1903 2000 1937 vero
2023 1889 2270 1952 temporis
2295 1890 2565 1953 positurus
2588 1907 2676 1940 ra-

1628 1954 1828 2002 tionem
1868 1955 2171 2004 revertitur:
2216 1954 2350 2004 bene
2389 1962 2677 2020 operantes

1629 2035 1725 2083 pro
1757 2026 2031 2083 apportato
2059 2020 2205 2069 lucro
2231 2028 2545 2083 remunerat,
2570 2038 2679 2072 ser·

1629 2101 1757 2134 vum
1789 2101 1916 2134 vero
1954 2101 1985 2134 a
2018 2086 2159 2135 bono
2196 2102 2351 2151 opere
2378 2092 2683 2152 torpentem

1635 2151 1862 2199 damnat.
1909 2151 2038 2211 Quis
2070 2153 2246 2216 itaque
2278 2153 2376 2202 iste
2405 2153 2566 2202 homo
2597 2160 2686 2204 est

1637 2218 1729 2281 qui
1777 2233 1993 2283 peregre
2034 2219 2382 2282 proficiscitur
2423 2220 2528 2269 nisi
2578 2220 2684 2270 Re-

1636 2283 1874 2349 demptor
1913 2290 2114 2345 noster,
2161 2286 2251 2349 qui
2294 2286 2352 2334 in
2398 2301 2462 2334 ea
2518 2301 2685 2337 carne

1636 2365 1793 2413 quam
1823 2358 2175 2415 assumpserat
2203 2351 2333 2400 abiit
2362 2352 2417 2400 in
2448 2352 2689 2401 coelum?

1702 2417 1748 2479 Ba
1766 2419 1812 2465 8.
1844 2415 1948 2465 Iste
1962 2416 2119 2465 homo
2132 2417 2197 2466 ab
2211 2417 2571 2467 adolescentia
2585 2435 2690 2468 sua

1633 2483 1823 2547 partim
1841 2483 2024 2531 meruit
2045 2483 2278 2532 infirmos
2301 2498 2495 2533 curare.
2519 2485 2688 2534 Dedit

1633 2546 1713 2597 illi
1746 2546 1862 2596 Dfis
1896 2547 2181 2598 claritatem
2208 2564 2469 2614 magnam,
2508 2565 2684 2601 caecos

1632 2614 1941 2675 illuminare,
1968 2620 2020 2662 et
2037 2614 2300 2664 daemones
2322 2615 2574 2680 effugare.
2614 2616 2684 2669 V.

1632 2681 1773 2729 Ecce
1800 2679 1956 2728 homo
1986 2680 2100 2729 sine
2129 2680 2356 2743 querela,
2381 2697 2543 2731 verns
2573 2683 2683 2732 Dei

1635 2745 1820 2808 cultor,
1851 2745 2120 2796 abstinens
2147 2763 2202 2796 se
2233 2746 2298 2796 ab
2338 2749 2480 2795 omni
2517 2763 2681 2811 opere

1632 2811 1798 2872 malo,
1836 2816 1887 2860 et
1928 2827 2242 2876 permanens
2276 2814 2332 2861 in
2365 2814 2680 2863 innocentia

1633 2893 1743 2927 sua.
1761 2877 1922 2927 Dedit
1937 2877 2014 2926 illi
2032 2877 2147 2928 Diis
2166 2878 2452 2928 claritatem
2473 2878 2609 2945 [dha]

1656 2966 1661 2977 -
2017 2944 2193 2994 Lectio
2216 2946 2287 2994 ix.

1717 3022 1885 3057 Asms
1916 3010 2054 3059 enim
2084 3011 2233 3060 locus
2263 3013 2506 3076 proprius
2534 3016 2682 3061 terra

1636 3020 1714 3135 (OE
1731 3082 1833 3136 est3
1854 3091 1968 3138 quae
1987 3079 2135 3140 quasi
2155 3076 2219 3125 ad
2232 3078 2679 3141 peregrinandum

1634 3140 1856 3204 ducitur,
1878 3142 2000 3190 dum
2021 3158 2112 3207 per
2128 3142 2528 3208 Redemptorem
2549 3160 2679 3194 nos-

1631 3212 1768 3255 trum
1794 3209 1850 3256 in
1878 3207 2011 3257 coelo
2043 3208 2343 3258 collocatur.
2382 3208 2487 3258 Sed
2510 3209 2678 3261 horno

1632 3273 1732 3322 iste
1759 3289 1973 3338 peregre
2038 3275 2339 3324 roficiscens
2375 3276 2545 3324 servis
2564 3278 2680 3326 suis

1630 3338 1773 3388 bona
1796 3355 1891 3388 sua
1907 3347 1990 3387 tra
2027 3340 2136 3402 idit,
2158 3342 2281 3403 quia
2295 3340 2543 3390 fidelibus
2563 3344 2680 3392 suis

1633 3404 2074 3468 spiritualiabona
2087 3408 2363 3456 concessit.
2383 3407 2452 3455 Et
2470 3409 2566 3456 uni
2588 3409 2680 3457 de-

1632 3469 1707 3518 dit
1731 3472 1962 3534 quinque
1979 3472 2199 3533 talenta,
2229 3473 2318 3521 alii
2342 3479 2520 3521 autem
2550 3473 2680 3536 du0,

1631 3535 1722 3583 alii
1756 3552 1881 3585 vero
1901 3553 2076 3586 unum.
2114 3538 2356 3602 Quinque
2383 3539 2527 3588 enim
2552 3547 2685 3590 sunt

1631 3603 1864 3667 corporis
1910 3619 2124 3653 sensus:
2187 3603 2449 3665 videlicet,
2506 3607 2679 3670 visus,

1628 3668 1852 3730 auditus,
1880 3676 2083 3735 gustus,
2112 3670 2374 3732 odoratuS,
2405 3677 2456 3719 et
2478 3677 2680 3723 tactus.

1628 3735 1870 3798 Quinque
1888 3737 2048 3801 igitur
2063 3735 2289 3797 talentis,
2303 3735 2503 3787 donum
2523 3740 2681 3802 quin-

1628 3817 1728 3865 que
1753 3817 2001 3852 sensuum
2029 3801 2106 3866 (id
2131 3808 2210 3852 est
2237 3802 2558 3855 exteriorum
2577 3807 2683 3856 sci-
