2910 4457
590 308 672 371 60
1005 359 1012 366 .
1421 324 1588 366 run
1629 324 1834 375 eumn

653 439 718 489 Et
754 438 1072 489 benedictum
1095 448 1277 486 nomen
1301 435 1581 496 majestatis
1620 475 1625 484 .

588 502 703 563 ejus
723 500 776 548 in
807 507 1051 550 oeternum
1078 505 1157 547 :et
1172 499 1441 558 replebitur
1471 510 1581 546 ma-

587 565 767 624 jestate
785 563 897 622 ejus
916 560 1084 609 omnis
1103 566 1252 623 terra3
1277 559 1406 618 Fiat,
1427 559 1530 607 fiat.

655 624 826 673 Gloria
857 622 1014 672 Patri.
1030 624 1093 671 A.
1109 623 1231 671 Esto
1252 621 1380 670 mihi
1402 621 1511 670 Dfie
1525 620 1581 670 iu

592 687 754 735 Deum
773 689 1114 747 protectorem.

870 807 1112 855 Psalmus
1141 804 1298 867 lxxii.

669 881 790 918 uam
822 869 987 917 bonus
1016 869 1171 917 lsra'el
1199 869 1333 916 Deus
1357 866 1470 916 :his
1490 865 1582 926 qui

591 884 804 1046 (ζιῖοιο
826 936 946 979 sunt
969 931 1133 979 corde.

712 994 757 1041 ei
777 998 945 1041 autem
969 1005 1092 1052 pene
1112 989 1233 1038 moti
1257 996 1379 1038 sunt
1400 991 1582 1052 pedes:

591 1067 716 1114 pene
736 1055 882 1103 effusi
898 1059 1019 1102 sunt
1035 1064 1239 1112 gressus
1256 1053 1373 1100 mei.

653 1118 787 1178 Quia
804 1116 958 1164 zelavi
979 1128 1129 1175 super
1151 1114 1387 1174 iniquos:
1410 1125 1582 1173 pacem

591 1183 904 1237 peccatorum
923 1177 1116 1225 videnS.

654 1241 787 1301 Quia
812 1252 913 1286 non
946 1243 1020 1287 est
1042 1243 1294 1298 respectus
1326 1236 1480 1285 morti
1509 1248 1586 1285 eo—

590 1312 709 1350 rum
735 1317 748 1349 t
772 1306 820 1349 et
851 1302 1232 1349 firmamentum
1264 1301 1317 1348 in
1349 1300 1585 1359 plagaeo-

594 1376 728 1411 rum.

654 1427 715 1473 ln
738 1425 904 1473 labore
924 1423 1190 1472 bominum
1222 1436 1321 1470 non
1353 1426 1476 1470 sunt
1500 1435 1512 1469 ε
1536 1426 1586 1469 et

590 1498 708 1534 cum
731 1486 1022 1535 hominibus
1053 1498 1153 1533 non
1178 1485 1583 1545 flagellabuntur.

654 1550 771 1598 Ideo
808 1549 970 1597 tenuit
999 1560 1081 1595 eos
1112 1547 1344 1607 superbia
1377 1561 1391 1594 t
1424 1544 1586 1605 operti

591 1615 711 1658 sunt
733 1609 1000 1669 iniquitate
1015 1615 1064 1656 et
1078 1609 1332 1668 impietate
1347 1620 1458 1656 sua.

553 1671 564 1674 “
655 1672 849 1719 Prodiit
885 1670 1032 1731 quasi
1075 1684 1133 1719 ex
1162 1672 1305 1730 adipe
1341 1669 1587 1728 iniquitas

591 1743 768 1780 eorum
788 1731 1131 1780 :transierunt
1156 1733 1207 1779 in
1226 1733 1459 1779 affectum
1477 1744 1587 1778 cor-

593 1794 692 1843 dis.

656 1854 1012 1915 cogitaverunt
1029 1857 1077 1903 et
1092 1853 1241 1901 locuti
1264 1857 1385 1901 sunt
1408 1853 1586 1913 nequi-

593 1916 718 1965 tiam
743 1914 1096 1976 :iniquitatem
1131 1915 1183 1963 in
1215 1916 1403 1965 excelso
1432 1914 1588 1964 locuti

594 1984 733 2026 sunt.

657 2041 942 2088 Posuerunt
959 2039 1011 2089 in
1045 2038 1226 2088 coelum
1256 2038 1313 2087 os
1333 2050 1487 2087 suum
1507 2043 1587 2088 :et

593 2102 768 2162 lingua
788 2114 964 2150 eorum
987 2100 1223 2152 transivit
1238 2100 1290 2148 in
1308 2107 1460 2149 terra.

655 2165 773 2212 Ideo
819 2169 1136 2212 convertetur
1181 2163 1395 2224 populus
1442 2175 1588 2212 meus

593 2223 677 2275 hic
695 2241 708 2274 ε
726 2232 774 2274 et
794 2224 901 2275 dies
923 2226 1055 2286 pleni
1078 2225 1400 2275 invenientur
1416 2223 1471 2273 in
1493 2226 1584 2275 eis·

655 2288 720 2336 Et
739 2288 991 2346 dixerunt,
1009 2289 1272 2348 Quomodo
1293 2287 1389 2337 scit
1415 2289 1585 2338 Deus:

593 2354 643 2400 et
663 2350 707 2397 si
718 2355 795 2397 est
814 2350 1020 2397 scientia
1038 2350 1091 2397 in
1106 2350 1335 2399 Exceiso‘l

654 2411 781 2459 Ecce
801 2410 897 2469 ipsi
928 2416 1224 2468 peccatoreS,
1245 2416 1292 2459 et
1321 2411 1588 2459 abundan-

593 2476 668 2520 tes
684 2472 735 2520 in
754 2471 934 2519 saeculo
954 2471 1312 2519 :obtinuerunt
1333 2471 1552 2520 divitias.

656 2533 718 2581 Et
736 2532 864 2591 dixi,
880 2532 1013 2592 Ergo
1027 2532 1136 2581 sine
1152 2545 1300 2581 causa
1311 2532 1587 2592 justificavi

595 2608 681 2643 cor
713 2607 885 2644 meum
906 2610 918 2641 z
955 2600 1002 2643 et
1020 2595 1118 2643 lavi
1140 2595 1271 2644 inter
1294 2594 1588 2643 innocentes

598 2669 785 2706 manus
806 2670 974 2706 meas:

657 2720 722 2769 Et
738 2720 812 2768 fui
841 2720 1122 2780 flagellatus
1150 2724 1252 2768 tota
1273 2718 1354 2769 die
1388 2733 1401 2768 ε
1433 2723 1483 2768 et
1511 2730 1589 2767 ca-

594 2782 797 2841 stigatio
813 2794 926 2831 mea
942 2782 994 2830 in
1013 2781 1298 2830 matutinis.

658 2843 714 2891 Si
749 2844 1004 2900 dicebam,
1049 2844 1276 2893 Narrabo
1322 2842 1397 2891 sic
1430 2855 1443 2890 ε
1478 2853 1586 2890 ecce

596 2904 853 3014 &ti-‘mem
904 2904 1126 2951 filiorum
1172 2910 1378 2952 tuorum
1411 2916 1584 2963 repro-

664 2976 732 3012 vr.

659 3023 1021 3092 Existimabam
1037 3029 1094 3072 ut
1105 3037 1454 3083 cognoscerem
1469 3024 1586 3074 :hoc

569 3088 736 3147 dabor
752 3091 955 3136 estante
969 3098 1069 3134 me.

657 3151 825 3198 Donec
840 3149 1025 3197 intrem
1041 3149 1094 3197 in
1112 3148 1458 3196 sanctuarium
1475 3146 1584 3201 Dei:

595 3218 644 3262 et
658 3211 934 3271 intelligam
951 3211 1002 3259 in
1022 3209 1312 3259 novissimis
1326 3223 1523 3258 eorum.

659 3273 1004 3322 Veruntamen
1030 3278 1227 3333 propter
1263 3273 1402 3321 dolos
1423 3273 1589 3333 posui-

596 3336 663 3385 sti
685 3335 757 3385 eis
782 3351 794 3384 z
817 3335 1042 3395 dejecisti
1062 3347 1145 3384 eos
1164 3336 1288 3384 dum
1310 3335 1589 3385 ailevaren-

595 3404 699 3447 tur.
1365 3400 1378 3411 '

660 3459 923 3522 Quomodo
954 3458 1070 3510 facti
1100 3459 1294 3509 suntin
1326 3460 1587 3529 desolatio-

1679 436 1830 484 nem?
1861 433 2029 483 subito
2059 433 2350 483 deiecerunt
2374 448 2387 483 ε
2410 432 2675 494 perierunt

1679 509 1768 557 pro
1804 501 1877 545 tcr
1908 494 2229 557 iniquitatem
2249 507 2417 544 suam.

1789 558 1891 605 eiut
1911 557 2169 605 somnium
2191 556 2511 617 surgentium
2527 558 2641 608 Diie
2663 574 2678 608 ε

1677 619 1732 668 in
1749 618 1951 667 civitate
1971 625 2056 667 tua
2071 619 2347 679 imaginem
2363 619 2594 680 ipsorum
2609 620 2677 670 ad

1679 681 1899 729 nihiium
1916 681 2128 742 rediges.

1741 741 1874 804 Quia
1895 742 2267 790 inflammatum
2289 746 2365 790 est
2377 755 2461 792 cor
2478 755 2676 802 meum,

1679 809 1728 854 et
1750 816 1895 853 renes
1915 803 2017 852 mei
2035 802 2332 852 commutati
2345 810 2497 853 sunt:
2520 811 2569 855 et
2583 819 2680 867 ego

1679 867 1742 915 ad
1766 864 1983 914 nibiium
2008 866 2239 914 redactus
2259 877 2375 914 sum
2391 871 2441 915 et
2461 867 2677 917 nescivi.

1743 928 1810 975 Ut
1821 928 2116 987 Jumentum
2134 926 2294 975 sactus
2307 940 2422 975 sum
2438 930 2574 989 apud
2593 935 2643 979 te
2663 946 2677 979 z

1680 994 1728 1039 et
1749 1002 1839 1049 ego
1861 1001 2056 1048 semper
2079 995 2263 1036 tecum.

1743 1050 1974 1099 Tenuisti
1989 1062 2201 1099 manum
2216 1051 2472 1099 dexteram
2481 1065 2671 1113 meam,

1681 1113 1798 1161 etin
1820 1114 2074 1160 voluntate
2099 1117 2185 1159 tua
2206 1111 2457 1160 deduxisti
2487 1127 2572 1163 me
2591 1130 2604 1163 z
2623 1121 2674 1163 et

1681 1187 1798 1223 cum
1825 1174 1980 1245 gioria
1996 1172 2259 1233 suscepisti
2275 1186 2372 1222 me.

1746 1236 1882 1296 Quid
1900 1234 2036 1283 enim
2060 1235 2187 1283 mibi
2211 1240 2286 1284 est
2316 1234 2369 1282 in
2394 1236 2556 1286 coelo‘?
2578 1243 2628 1287 et
2643 1251 2674 1287 a

1682 1303 1731 1346 te
1748 1298 1870 1358 quid
1887 1297 2026 1345 volui
2043 1309 2192 1357 super
2209 1302 2395 1345 terram
2412 1300 2437 1346 ‘t

1745 1359 1933 1407 Defecit
1960 1371 2075 1407 caro
2107 1370 2219 1407 mea
2251 1364 2300 1407 et
2331 1372 2415 1407 cor
2447 1373 2623 1409 meum
2659 1376 2677 1410 ι

1681 1421 1819 1469 Deus
1833 1422 1999 1470 cordis
2018 1420 2119 1471 mei
2134 1426 2183 1470 et
2198 1432 2316 1480 pars
2331 1434 2440 1470 mea
2463 1422 2602 1473 Deus
2617 1423 2672 1472 in

1684 1488 1951 1532 aeternum.

1745 1546 1878 1604 Quia
1908 1557 2044 1605 ecce,
2069 1545 2158 1604 qui
2190 1545 2428 1604 elongant
2448 1557 2502 1593 se
2534 1558 2564 1593 a
2588 1551 2666 1605 te,

1683 1607 1920 1666 peribunt
1944 1622 1956 1654 ε
1985 1606 2245 1665 perdidisti
2261 1618 2437 1655 omnes
2454 1607 2545 1667 qui
2569 1607 2675 1656 sor-

1685 1668 1921 1717 nicantur
1941 1669 2109 1717 abste.

1745 1729 1877 1780 Mihi
1896 1735 2064 1778 autem
2088 1730 2339 1779 adbaerere
2357 1730 2461 1778 Deo
2477 1730 2671 1780 bonum

1682 1796 1787 1840 est:
1809 1804 1987 1851 ponere
2002 1792 2055 1840 in
2072 1793 2184 1840 Dfio
2199 1793 2301 1840 Deo
2314 1804 2456 1851 spem
2475 1805 2673 1844 meam:

1746 1854 1815 1901 Ut
1850 1854 2151 1903 annuntiem
2199 1866 2377 1902 omnes
2424 1854 2677 1913 praedica—

1683 1914 1846 1963 tiones
1860 1920 1974 1963 tuas
1994 1930 2006 1963 :
2031 1916 2082 1963 in
2104 1915 2260 1975 portis
2275 1915 2388 1964 filiae
2405 1915 2545 1964 Sion.

1953 1977 2196 2024 Psalmus
2229 1976 2404 2037 lxxiii.

1685 2042 1796 2150 Ut
1826 2037 1949 2099 quid
1979 2039 2117 2087 Deus
2147 2038 2376 2098 repulisti
2392 2038 2445 2086 in
2478 2038 2635 2088 tinem
2659 2054 2672 2088 z

1777 2100 1936 2149 iratus
1949 2105 2023 2149 oet
2059 2101 2197 2149 furor
2231 2105 2350 2149 tuus
2365 2112 2517 2161 super
2549 2113 2681 2151 oves.

1683 2174 1877 2222 pascuae
1895 2168 1991 2212 tuae
2004 2164 2029 2210 ‘i

1745 2225 1942 2276 Memor
1973 2228 2076 2274 oeto
2100 2223 2502 2285 congregationis
2532 2232 2631 2276 tuae
2657 2240 2672 2274 ι

1684 2299 1839 2348 quam
1859 2286 2121 2347 possedisti
2141 2287 2204 2335 ab
2225 2285 2388 2336 initio.

1746 2349 2022 2398 Redemisti
2033 2349 2230 2410 virgam
2241 2348 2544 2398 haereditatis
2553 2353 2673 2399 tutet

1683 2424 1833 2459 mons
1854 2411 1992 2468 Sion,
2011 2411 2063 2458 in
2087 2424 2186 2472 quo
2209 2411 2443 2460 habitasti
2459 2411 2510 2459 in
2529 2424 2604 2459 eo.

1746 2474 1878 2521 Leva
1915 2485 2102 2521 manus
2141 2479 2256 2522 tuas
2307 2474 2361 2521 in
2408 2473 2674 2533 superbias

1681 2546 1857 2584 eorum
1872 2533 1926 2581 in
1951 2535 2103 2583 [inem
2125 2549 2137 2582 :
2155 2540 2343 2594 quanta
2360 2537 2676 2596 maiignatus

1681 2601 1755 2644 ost
1775 2595 2019 2643 inimicus
2038 2597 2090 2644 in
2108 2601 2297 2644 sancto.

1744 2657 1808 2706 Et
1830 2658 2030 2717 gloriati
2044 2663 2165 2705 sunt
2179 2659 2269 2719 qui
2288 2658 2500 2706 oderunt
2516 2663 2564 2706 te
2580 2672 2593 2705 ε
2614 2659 2671 2708 in

1682 2718 1848 2767 medio
1863 2719 1999 2767 soien
2007 2720 2180 2768 nitatis
2203 2726 2318 2770 tuae.

1745 2782 2029 2829 Posuerunt
2059 2782 2206 2841 signa
2241 2794 2352 2840 sua,
2385 2780 2531 2842 signa
2567 2796 2580 2828 ε
2621 2788 2675 2831 et

1682 2855 1784 2891 non
1801 2855 1890 2902 cog
1897 2849 2143 2892 noverunt
2156 2844 2287 2892 sicut
2303 2843 2355 2891 in
2370 2844 2502 2893 exitu
2516 2855 2676 2904 super

1682 2916 1964 2953 summum.
2184 2950 2187 2953 Α

1745 2966 1903 3026 Quasi
1919 2967 1972 3021 in
1989 2965 2118 3016 silva
2131 2965 2389 3027 lignorum
2410 2966 2679 3018 securibus

1682 3029 2168 3088 exciderunt-januas
2198 3028 2308 3088 eJus
2329 3029 2382 3077 in
2404 3029 2632 3089 idipsum
2661 3045 2675 3080 ε

1683 3089 1735 3137 in
1758 3090 1921 3138 securi
1938 3095 1984 3139 et
1997 3091 2127 3139 ascia
2143 3092 2432 3151 dejecerunt
2443 3104 2574 3140 eam.

1746 3153 2087 3200 Incenderunt
2154 3153 2262 3213 igni
2323 3154 2677 3203 sanctuarium

1684 3218 1831 3261 tuum
1864 3214 1917 3262 in
1936 3219 2067 3263 terra
2094 3229 2107 3263 t
2130 3216 2418 3274 polluerunt
2433 3217 2680 3266 taberna·-

1686 3277 1860 3323 culum
1878 3276 2101 3325 nominis
2117 3277 2211 3326 tui.
2364 3282 2377 3293 “

1747 3337 1993 3386 Dixerunt
2035 3339 2087 3387 in
2128 3340 2273 3388 eorde
2313 3351 2405 3387 suo
2443 3339 2681 3410 cognatio

1683 3411 1858 3446 eorum
1894 3399 2046 3448 simul
2076 3416 2087 3448 :
2127 3399 2394 3460 Quiescere
2430 3400 2683 3450 faciamus

1681 3473 1858 3509 omnes
1869 3459 1976 3511 dies
1990 3462 2138 3511 festos
2166 3463 2258 3512 Dei
2270 3475 2298 3512 a
2314 3467 2465 3512 terra.
