2910 4457
947 428 1022 469 ΒΕ
1049 430 1445 470 comma-omo.
2070 421 2201 471 xxxi

172 565 345 617 mulae
365 570 572 641 ‘autem
610 561 740 632 ipsae
789 561 928 612 inter
961 561 1232 614 Formulas
1271 561 1576 614 Communes
1617 579 1650 613 a
1684 562 1836 614 nobis
1870 561 2080 615 additas
2119 563 2196 633 (p.

178 653 307 720 121)
334 650 700 702 invenientur.

247 737 434 792 Credo
470 738 531 789 in
568 736 763 788 Deum.
791 735 978 788 Carnis
1004 736 1115 804 30⁶2]
1156 735 1293 789 Vide
1330 754 1380 805 p.
1412 741 1531 801 121,
1567 746 1744 790 annot.
1783 737 1851 789 ad
1887 755 1936 806 p.
1963 742 2033 789 22
2068 739 2120 799 b,
2145 746 2199 790 et

173 834 368 879 notam
395 823 797 893 praecedentem.

251 911 815 981 Benedicat—D'ns]
856 912 924 964 In
963 911 1116 963 Brev.
1158 911 1378 965 Heres.:

254 1007 287 1031 ‘⁶
308 1000 615 1054 Benedicat
638 1017 733 1053 nos
757 1001 1088 1068 omnipotens
1115 998 1290 1063 Pater,
1314 1002 1435 1069 pius
1459 1009 1513 1053 et
1536 1002 1829 1054 misericors
1854 1001 2026 1054 D’ns.'’

255 1090 291 1142 1.
328 1093 364 1141 6
401 1106 435 1141 a
472 1088 595 1156 fine)
633 1087 855 1156 Amen]
892 1086 962 1138 In
1000 1085 1218 1155 Proprio
1252 1087 1317 1140 de
1349 1088 1606 1157 Tempore
1641 1088 1782 1141 Dom
1821 1093 1863 1141 l.
1898 1088 2030 1141 Adv.
2057 1088 2199 1158 apud

187 1176 393 1245 Gough
417 1177 488 1227 67
514 1183 568 1227 et
593 1173 780 1226 Douce
807 1172 923 1226 Res.
951 1176 983 1203 ‘⁶
1008 1173 1207 1225 Chorus
1230 1175 1527 1245 respondeat
1551 1174 1770 1227 Amen.''

258 1261 821 1316 Ante-Confessionem
846 1270 955 1312 tam
981 1260 1046 1313 ad
1075 1260 1307 1313 Primam
1326 1262 1492 1330 quam
1517 1262 1586 1314 ad
1605 1263 1830 1332 Compi„
1856 1262 2008 1315 Brev.
2039 1263 2195 1315 Ebor.

184 1351 374 1403 inserit
407 1348 479 1401 Ἡ.
519 1349 907 1401 “Confitemini
944 1348 1099 1412 D'n0‚
1137 1350 1385 1417 quoniam
1420 1351 1606 1402 bouus.
1659 1349 1924 1411 Quoniam
1957 1353 2012 1402 in
2038 1367 2198 1403 saecu-

185 1438 303 1489 lum
347 1435 708 1488 misericordia
744 1430 904 1503 ejus.''
971 1433 1129 1495 Quod
1164 1434 1306 1487 idem
1344 1436 1400 1486 in
1439 1434 1631 1487 Sarisb.
1670 1453 1880 1504 quoque
1917 1436 2104 1488 Officio
2142 1439 2197 1487 in

186 1525 536 1579 confessione
560 1526 616 1577 in
643 1526 795 1576 initio
819 1524 1000 1577 Missae
1025 1524 1099 1577 fit.

260 1612 539 1666 Confessio
564 1619 744 1664 autem
770 1611 1117 1664 Eboracensis
1139 1612 1260 1664 talis
1284 1620 1385 1664 est:

260 1700 582 1752 “Confiteor
606 1699 743 1761 De0‚
769 1707 821 1751 et
845 1698 910 1751 B.
938 1699 1143 1763 Mariae,
1168 1708 1222 1752 et
1251 1699 1497 1752 omnibus
1523 1699 1748 1764 SanctiS,
1773 1709 1826 1753 et
1848 1701 1993 1754 vobis
2015 1702 2199 1754 fiatres

191 1790 224 1816 ‘⁶
256 1785 362 1855 [vel
380 1787 478 1838 tibi
503 1785 706 1855 pater],
732 1786 857 1854 quia
883 1803 980 1855 ego
1012 1795 1250 1855 peccator
1273 1789 1486 1856 peccavi
1516 1789 1674 1840 nimis
1705 1788 1876 1852 corde,
1901 1807 2003 1852 ore,
2028 1804 2198 1859 opere,

192 1877 224 1901 “
253 1874 570 1925 omissione:
617 1889 737 1924 mea
784 1873 955 1941 culpa.
1030 1871 1160 1924 Ideo
1198 1890 1378 1942 precor
1423 1875 1701 1944 gloriosam
1746 1875 1850 1927 Dei
1891 1877 2199 1945 genitricem

192 1965 224 1989 ‘¹
252 1959 506 2022 Mariam,
534 1967 588 2011 et
612 1976 792 2011 omnes
817 1959 1036 2011 Sanctos
1063 1959 1184 2023 Dei,
1209 1968 1262 2012 et
1286 1978 1375 2013 vos
1404 1959 1508 2029 [vel
1529 1961 1607 2029 te]
1638 1978 1781 2014 orare
1806 1979 1896 2031 pro
1921 1961 2051 2013 me.''

264 2047 335 2098 In
372 2048 568 2117 quibus
608 2046 766 2098 verba
803 2049 835 2075 “
854 2054 907 2097 et
948 2047 1092 2099 vobis
1127 2045 1353 2109 fiatreS,'’
1391 2051 1421 2076 “
1442 2057 1495 2099 et
1531 2046 1652 2100 vos’'
1688 2049 1747 2099 in
1783 2048 1989 2116 privata
2027 2046 2201 2100 Officii

192 2137 503 2190 recitatione
529 2134 820 2188 omittenda
843 2142 981 2186 sunt.
2210 2125 2220 2134 ’

270 2225 547 2279 Confessio
571 2234 751 2277 autem
778 2221 1180 2277 Herefordensis
1212 2240 1385 2290 neque
1409 2223 1466 2273 in
1495 2221 1750 2274 Breviarii
1776 2220 1934 2273 Parte
1958 2221 2202 2275 AEstivali

201 2314 286 2382 (v.
313 2321 500 2365 notam
521 2331 568 2380 9,
591 2330 625 2382 p
650 2313 764 2380 xix)
790 2328 958 2379 neque
983 2311 1040 2361 in
1066 2308 1274 2361 Missali
1299 2308 1560 2377 descripta
1583 2316 1674 2360 est.

277 2399 341 2451 P.
374 2404 475 2451 107
497 2400 543 2451 b.
582 2397 1067 2453 Sacerdos—altare
1087 2397 1132 2465 .·]
1179 2397 1377 2467 Gough
1400 2401 1471 2449 67
1496 2405 1549 2449 et
1574 2397 1759 2450 Douce
1785 2398 1897 2451 Ref.
1929 2399 2021 2451 ubi
2047 2417 2202 2469 supra

201 2492 235 2517 “
249 2485 614 2539 Excellentior
628 2504 864 2556 persona,
886 2483 1001 2537 scil.
1030 2483 1296 2548 Sacerdos,
1321 2484 1463 2536 dicat
1476 2485 1544 2536 :’'.

270 2584 325 2629 et
356 2574 563 2642 omnes]
597 2574 896 2626 Delendum
932 2582 995 2636 et,
1034 2591 1066 2625 a
1096 2573 1351 2644 plerisque
1373 2573 1518 2625 libris
1542 2571 1822 2642 (quanti‘im
1858 2591 1954 2627 nos
1988 2573 2202 2642 quidem

195 2662 450 2732 vidimus)
476 2670 572 2714 aut
590 2662 684 2714 hio
709 2670 804 2713 aut
829 2663 884 2712 in
911 2660 1082 2713 Missa
1105 2662 1372 2712 omissum.
1400 2659 1620 2712 Omittit
1654 2660 1819 2711 etiam
1850 2659 2004 2710 Brev.
2035 2660 2203 2711 Here-

197 2750 444 2804 fordense
484 2766 517 2801 a
552 2749 704 2800 nobis
737 2750 1037 2817 inspectum
1076 2746 1150 2816 (v.
1188 2756 1369 2799 notam
1402 2765 1453 2814 9,
1491 2763 1542 2815 p.
1581 2744 1728 2814 xix):
1779 2745 1844 2796 de
1887 2745 2206 2796 Eboracensi

197 2836 316 2889 vide
341 2853 517 2905 supra.

269 2925 339 2976 ad
363 2943 483 2976 eum
506 2941 768 2976 conversus
789 2923 833 2991 :]
875 2922 1073 2992 Gough
1100 2925 1168 2974 67
1194 2931 1246 2974 et
1272 2921 1454 2973 Douce
1481 2919 1595 2973 Res.
1620 2920 1745 2972 ibid.
1775 2923 1806 2949 “
1822 2920 1891 2972 ad
1913 2938 2027 2973 eum
2048 2921 2112 2974 :''.

269 3011 377 3064 Pro
410 3015 444 3041 “
467 3009 611 3079 [tui''
645 3011 810 3062 scribe
835 3014 868 3039 ‘⁶
888 3007 1134 3078 [vestri'':
1175 3010 1248 3061 sic
1286 3009 1445 3072 enim,
1470 3010 1631 3060 etiam
1668 3006 1737 3059 ad
1770 3006 2123 3072 Sacerdotem,
2149 3011 2207 3061 in

203 3098 389 3151 Officio
439 3098 625 3150 Missae
671 3098 883 3166 legitur.
958 3095 1028 3147 In
1074 3096 1281 3165 privata
1327 3104 1508 3147 autem
1547 3094 1722 3147 Officii
1763 3096 2067 3147 recitatione
2115 3112 2207 3164 pro

201 3187 369 3249 vestri,
393 3183 555 3249 vobio,
586 3203 684 3248 vos,
708 3194 1000 3246 vestrorum,
1029 3181 1113 3252 (in
1136 3182 1455 3234 Misereatur
1489 3186 1573 3246 ᾂτ.
1609 3190 1662 3235 et
1693 3181 1813 3234 Abs.
1841 3182 1956 3250 ᾇτ’.)
1985 3181 2208 3234 dicenda

204 3282 328 3327 sunt
350 3273 539 3335 nostri,
562 3270 729 3336 nobis,
752 3290 859 3334 nos,
882 3280 1188 3322 nostrorum.

271 3360 340 3411 ad
374 3358 543 3411 altare
577 3355 878 3423 convers-ua]
917 3356 1111 3425 Gough
1133 3360 1202 3408 67
1226 3364 1279 3409 et
1305 3355 1493 3410 Douce
1530 3356 1645 3408 Res.
1677 3356 1802 3408 ibid.
1843 3360 1874 3386 “
1890 3370 2206 3408 -conversa

207 3446 489 3500 Confiteor.
515 3454 575 3497 ut
597 3443 800 3514 supra.''

274 3535 341 3587 ad
366 3534 583 3587 chorum
603 3530 650 3598 .·]
692 3531 868 3587 Iidem
891 3530 1018 3585 ibid.
1041 3532 1110 3585 ad
1133 3532 1344 3585 choram
1369 3549 1633 3585 conversus
1655 3531 1749 3583 Ιιοι·
1772 3531 1933 3582 modo.
