2910 4457
586 328 699 381 xlvi
991 345 1065 380 DE
1092 343 1696 379 commomnoxmns
1721 344 1793 379 ET
1818 343 1950 379 nou.
1978 343 2012 379 1.
2040 343 2177 380 PICA.

586 483 759 526 torum
795 473 1004 542 propria
1041 473 1388 541 Responsoria
1428 480 1482 524 et
1517 473 1750 541 proprias
1786 471 1996 524 Laudes
2031 471 2364 537 habentibus,
2401 483 2498 527 aut
2535 476 2618 529 in

583 563 701 615 aliis
726 562 919 630 vigiliis
942 562 1023 613 vel
1037 561 1256 630 jejuniis
1278 567 1523 629 quattuor
1544 569 1857 630 temporum.

658 649 705 700 E
742 648 1001 700 Breviarii
1036 656 1213 698 autem
1250 647 1595 698 Eboracensis
1629 646 1860 698 RubricA
1897 653 2129 715 apparet,
2163 648 2220 698 in
2262 647 2368 699 ista
2399 648 2611 701 saltem

587 737 886 801 Provincia,
920 746 1044 790 ante
1078 737 1413 789 ‘Concilium
1449 736 1708 787 Generale
1742 735 1879 787 A.D.
1912 740 2062 788 1478.
2090 734 2208 788 Oct.
2234 740 2320 788 29.
2346 737 2403 787 in
2438 735 2607 790 Eccl.

583 825 770 893 majori
793 824 1111 877 Eboracensi
1136 824 1487 886 celebratum'‚
1504 830 1691 891 praeter
1716 822 1782 873 B.
1804 822 1993 875 Mariae
2019 824 2608 889 commemorationem,

582 914 811 982 reliquas
834 931 867 966 a
889 921 999 966 toto
1024 915 1184 966 etiam
1209 913 1475 976 Adventu,
1502 909 1960 982 Septuagesimah,
1985 921 2040 965 et
2063 912 2318 982 Tempore
2344 912 2609 967 Paschali

584 1001 824 1054 exclusas
847 1001 1022 1053 fuisse.

653 1086 1001 1155 Responsoria
1033 1084 1256 1144 ferialia]
1289 1086 1600 1138 Lectionum
1637 1086 2053 1138 Dominicalium
2087 1085 2437 1155 Responsoria
2466 1097 2599 1155 quae

581 1173 639 1224 in
658 1174 823 1242 primo
843 1181 896 1225 et
908 1172 1137 1225 secundo
1154 1173 1425 1224 Nocturno
1443 1174 1785 1224 inveniuntur
1807 1172 2074 1224 ferialibus
2094 1173 2256 1224 etiam
2273 1173 2603 1226 lectionibus

581 1260 898 1321 inserviunt3
942 1275 1123 1311 eorum
1159 1269 1336 1311 autem
1366 1275 1484 1327 quae
1520 1260 1576 1310 in
1613 1260 1767 1311 tertio
1799 1261 2141 1312 invenilmtur
2171 1276 2341 1311 unum
2363 1260 2445 1311 vel
2481 1260 2598 1314 duo

581 1348 638 1397 in
677 1345 864 1398 Officio
899 1345 1066 1398 feriali
1103 1354 1394 1408 mutantur,
1430 1347 1621 1415 quibus
1658 1363 1776 1414 quae
1809 1348 2202 1419 substituuntur
2233 1346 2597 1414 Responsoria

579 1433 784 1486 ferialia
817 1440 1080 1486 vocantur,
1120 1433 1184 1484 V.
1220 1451 1269 1502 p.
1306 1438 1339 1486 8
1372 1435 1421 1485 b.
1460 1442 1513 1485 et
1550 1437 1614 1484 16
1647 1436 1696 1485 b.
1773 1434 1979 1495 Quibus
2016 1443 2193 1487 autem
2229 1434 2438 1503 legibus
2472 1443 2590 1487 tam

578 1520 694 1573 haec
733 1522 894 1589 quem
930 1522 1132 1590 reliqua
1169 1520 1523 1591 Responsoria
1546 1530 1784 1590 pareant,
1808 1522 1929 1575 vide
1954 1523 2012 1575 in
2036 1524 2284 1575 feriarum
2317 1527 2369 1586 2,
2394 1526 2446 1585 3,
2471 1531 2528 1575 et
2550 1529 2589 1574 4

580 1605 841 1671 Rubricis,
865 1625 916 1676 p.
948 1613 1009 1658 14
1036 1610 1086 1659 b.
1119 1611 1183 1659 16
1207 1625 1254 1660 a.
1287 1613 1352 1661 17
1376 1610 1426 1661 b.

647 1694 702 1744 in
741 1693 1021 1762 Capitulo]
1068 1693 1112 1744 Ι.
1152 1711 1197 1745 e.
1241 1695 1301 1745 in
1343 1693 1513 1746 Domo
1560 1693 1874 1764 Capitulari,
1916 1678 2140 1764 Anglice
2182 1696 2243 1747 in
2287 1696 2369 1747 the
2408 1694 2587 1765 Chap-

582 1777 876 1830 ter-Home.
1881 1847 1886 1851 .

649 1865 753 1918 Lit.
770 1866 928 1918 Dom.
951 1866 1040 1934 B.)
1055 1884 1212 1919 mem.
1234 1867 1303 1919 ad
1326 1885 1466 1936 vesp.
1489 1876 1543 1920 et
1566 1868 1635 1920 ad
1660 1871 1949 1922 matutinas
1973 1869 2039 1922 de
2065 1868 2118 1921 S.
2139 1867 2341 1935 Maria]
2372 1869 2466 1923 I.e.
2487 1869 2586 1921 ‘ad

575 1968 814 2020 vesperas
845 1951 910 2004 de
951 1952 1003 2005 S.
1033 1952 1213 2005 Maria
1246 1962 1300 2006 et
1331 1953 1401 2006 ad
1424 1955 1714 2007 matutinas
1739 1956 1804 2007 de
1839 1955 1891 2007 S.
1918 1954 2129 2018 Marist’,
2156 1956 2262 2008 scil.
2299 1956 2358 2008 in
2395 1955 2586 2008 Officio

576 2037 746 2091 Parvo
769 2038 835 2090 B.
863 2039 1074 2103 Mariae,
1101 2040 1258 2108 quod,
1285 2040 1709 2109 quandocunque
1741 2059 1848 2094 non
1885 2042 2032 2094 fieret
2063 2043 2278 2110 plenum
2311 2042 2584 2096 servitium

576 2123 641 2176 de
665 2124 747 2188 est,
774 2123 961 2178 Officio
988 2126 1092 2179 diei
1116 2126 1420 2179 addendum
1445 2136 1571 2180 erat.

648 2211 753 2265 Lit.
805 2211 962 2265 Dom.
1002 2214 1087 2281 C.)
1133 2213 1247 2267 Fer.
1286 2219 1318 2266 4
1357 2214 1422 2267 de
1459 2213 1577 2282 fen]
1623 2214 1712 2267 Sic
1752 2217 1891 2269 recte
1935 2214 2147 2267 Tanner
2186 2218 2282 2267 171
2336 2214 2480 2285 (8vo,
2522 2217 2583 2269 in

578 2298 719 2351 Bibl.
748 2297 936 2369 Bodl.)
963 2308 1017 2353 et
1042 2299 1295 2353 Ordinale
1320 2300 1520 2370 Gough
1558 2305 1672 2353 149,
1749 2300 1917 2353 Multi
1948 2300 2010 2351 de
2030 2299 2109 2369 fe.
2134 2299 2279 2353 unde
2312 2301 2405 2352 alii
2439 2302 2580 2355 male

578 2386 640 2436 de
651 2386 806 2454 sesto.
869 2387 952 2438 Cf.
979 2388 1132 2439 infra.
2369 2375 2378 2378 ⁸

646 2470 753 2523 Lit.
780 2470 937 2524 Dom.
966 2472 1056 2539 D.)
1083 2474 1187 2524 nisi
1209 2489 1367 2524 mem.
1394 2474 1465 2525 ad
1485 2472 1652 2541 vesp]
1695 2472 1784 2525 Sic
1808 2477 1949 2527 recte
1976 2473 2177 2542 Gough
2205 2478 2304 2526 197
2330 2473 2577 2539 (=Linc.

576 2556 641 2608 B.
673 2561 752 2609 10.
793 2563 842 2610 7.
873 2563 981 2622 4to,
1005 2557 1172 2627 ibid).
1249 2559 1468 2628 Reliqui
1502 2576 1681 2611 omnes
1712 2575 1845 2629 quos
1878 2561 2108 2613 vidimus
2138 2561 2393 2614 omittunt
2425 2578 2587 2612 mem.-

479 2673 487 2682 ·
573 2643 717 2712 quod
730 2643 870 2697 idem
897 2646 1056 2698 etiam
1081 2647 1136 2697 in
1165 2645 1508 2699 Ordinalibus
1527 2646 1725 2716 Gough
1755 2652 1873 2711 111,
1903 2652 2021 2710 142,
2046 2655 2100 2700 et
2128 2651 2226 2699 149
2251 2646 2452 2699 factum
2476 2656 2575 2700 est.

645 2730 748 2783 Lit.
795 2732 952 2785 Dom.
999 2732 1085 2800 E.)
1134 2752 1256 2787 cum
1302 2736 1537 2787 oratione
1574 2730 1923 2805 Majestatem]
1964 2732 2102 2795 Quae
2150 2735 2207 2787 in
2256 2733 2473 2802 Proprio
2510 2734 2578 2787 de

576 2816 787 2871 Sanctis
810 2820 864 2871 in
888 2818 1075 2872 Officio
1103 2820 1154 2872 S.
1180 2821 1405 2874 Andreae
1431 2820 1718 2890 quaerenda
1740 2828 1833 2872 est.

643 2903 747 2954 Lit.
783 2903 940 2956 Dom.
970 2904 1050 2972 F.)
1085 2908 1175 2958 sol.
1209 2908 1393 2975 mem]
1435 2907 1524 2960 Sic
1561 2910 1701 2960 recte
1738 2906 1933 2976 Gough
1978 2909 2060 2958 16.
2137 2906 2357 2977 Reliqui
2395 2923 2577 2959 omnes

572 3006 705 3057 quos
730 2989 976 3055 vidimuS,
1001 3002 1049 3043 et
1072 2991 1161 3044 sol.
1187 3011 1332 3044 mem.

643 3075 783 3128 Ibid.
810 3073 880 3145 (p
906 3078 977 3145 2.)
1006 3077 1123 3130 Fer.
1151 3084 1183 3129 5
1211 3078 1275 3130 de
1299 3079 1416 3147 fen]
1447 3079 1537 3131 Sic
1560 3082 1698 3134 recte
1720 3080 1919 3151 Gough
1944 3084 2012 3135 58
2037 3082 2088 3133 b.
2110 3081 2215 3147 (Cf.
2242 3090 2296 3134 et
2321 3081 2574 3135 Ordinale

571 3161 771 3230 Gough
789 3165 928 3230 149.)
963 3164 1300 3232 Antiquiores
1315 3165 1376 3215 de
1381 3166 1461 3234 fe,
1482 3166 1626 3220 unde
1643 3168 1783 3221 male
1803 3171 2018 3222 seriores
2035 3169 2257 3236 desesto.
2297 3170 2380 3222 Cf,
2400 3187 2573 3237 supra.

636 3359 660 3389 ¹·
698 3357 739 3403 Ι.
762 3371 800 3405 e.
825 3356 1060 3418 Tempore
1086 3356 1518 3418 septuagesimali3
1556 3359 1658 3407 scil.
1683 3375 1712 3407 a
1742 3359 2005 3407 Dominica
2034 3360 2084 3407 in
2120 3359 2488 3423 Septuagesimii
2510 3360 2572 3406 ad

567 3438 738 3487 feriam
762 3443 985 3503 quartam
1011 3437 1253 3485 Cinerum.
