<?xml version="1.0" encoding="UTF-8"?>
<!DOCTYPE html PUBLIC "-//W3C//DTD XHTML 1.0 Transitional//EN"
    "http://www.w3.org/TR/xhtml1/DTD/xhtml1-transitional.dtd">
<html xmlns="http://www.w3.org/1999/xhtml" xml:lang="en" lang="en">
 <head>
  <title>
</title>
<meta http-equiv="Content-Type" content="text/html;charset=utf-8" />
  <meta name='ocr-system' content='tesseract 3.04.00' />
  <meta name='ocr-capabilities' content='ocr_page ocr_carea ocr_par ocr_line ocrx_word'/>
</head>
<body>
  <div class='ocr_page' id='page_1' title='image "./portiforiiseubr00cathgoog_0073.png"; bbox 0 0 2910 4457; ppageno 0'>
   <div class='ocr_carea' id='block_1_1' title="bbox 855 396 2219 451">
    <p class='ocr_par' dir='ltr' id='par_1_1' title="bbox 855 396 2219 451">
     <span class='ocr_line' id='line_1_1' title="bbox 855 396 2219 451; baseline -0.002 -1"><span class='ocrx_word' id='word_1_1' title='bbox 855 414 1072 451; x_wconf 77' lang='lat' dir='ltr'>TABULA</span> <span class='ocrx_word' id='word_1_2' title='bbox 1094 413 1566 450; x_wconf 73' lang='lat' dir='ltr'><strong><em>BENEmonONUM.</em></strong></span> <span class='ocrx_word' id='word_1_3' title='bbox 2144 396 2219 447; x_wconf 79' lang='lat' dir='ltr'><strong><em>lxi</em></strong></span> 
     </span>
    </p>
   </div>
   <div class='ocr_carea' id='block_1_2' title="bbox 342 539 2224 605">
    <p class='ocr_par' dir='ltr' id='par_1_2' title="bbox 342 539 2224 605">
     <span class='ocr_line' id='line_1_2' title="bbox 342 539 2224 605; baseline -0.006 -9"><span class='ocrx_word' id='word_1_4' title='bbox 342 548 372 598; x_wconf 83' lang='lat'><strong>7</strong></span> <span class='ocrx_word' id='word_1_5' title='bbox 399 563 442 595; x_wconf 88' lang='lat' dir='ltr'><strong><em>e.</em></strong></span> <span class='ocrx_word' id='word_1_6' title='bbox 484 548 536 594; x_wconf 85' lang='lat' dir='ltr'><strong><em>Si</em></strong></span> <span class='ocrx_word' id='word_1_7' title='bbox 566 546 853 605; x_wconf 80' lang='lat' dir='ltr'><strong><em>euangelium</em></strong></span> <span class='ocrx_word' id='word_1_8' title='bbox 885 559 972 589; x_wconf 89' lang='lat' dir='ltr'><strong><em>non</em></strong></span> <span class='ocrx_word' id='word_1_9' title='bbox 1004 550 1269 603; x_wconf 72' lang='lat' dir='ltr'><strong><em>exponatur,</em></strong></span> <span class='ocrx_word' id='word_1_10' title='bbox 1295 542 1494 589; x_wconf 83' lang='lat' dir='ltr'>Creator</span> <span class='ocrx_word' id='word_1_11' title='bbox 1526 539 1746 588; x_wconf 88' lang='lat' dir='ltr'><strong><em>omnium</em></strong></span> <span class='ocrx_word' id='word_1_12' title='bbox 1778 553 1942 588; x_wconf 88' lang='lat' dir='ltr'><strong><em>rerum</em></strong></span> <span class='ocrx_word' id='word_1_13' title='bbox 1970 539 2224 588; x_wconf 81' lang='lat' dir='ltr'><strong>benedicat</strong></span> 
     </span>
    </p>
   </div>
   <div class='ocr_carea' id='block_1_3' title="bbox 337 624 2225 1252">
    <p class='ocr_par' dir='ltr' id='par_1_3' title="bbox 405 624 945 674">
     <span class='ocr_line' id='line_1_3' title="bbox 405 624 945 674; baseline -0.007 0"><span class='ocrx_word' id='word_1_14' title='bbox 405 642 502 674; x_wconf 90' lang='lat' dir='ltr'><strong><em>nos</em></strong></span> <span class='ocrx_word' id='word_1_15' title='bbox 521 626 602 673; x_wconf 79' lang='lat' dir='ltr'><strong><em>hic</em></strong></span> <span class='ocrx_word' id='word_1_16' title='bbox 625 631 672 672; x_wconf 90' lang='lat' dir='ltr'><strong><em>et</em></strong></span> <span class='ocrx_word' id='word_1_17' title='bbox 692 624 745 671; x_wconf 89' lang='lat' dir='ltr'><strong><em>in</em></strong></span> <span class='ocrx_word' id='word_1_18' title='bbox 768 638 945 671; x_wconf 83' lang='lat' dir='ltr'><strong><em>aevum.</em></strong></span> 
     </span>
    </p>

    <p class='ocr_par' dir='ltr' id='par_1_4' title="bbox 340 703 1703 766">
     <span class='ocr_line' id='line_1_4' title="bbox 340 703 1703 766; baseline -0.004 -10"><span class='ocrx_word' id='word_1_19' title='bbox 340 711 386 756; x_wconf 93' lang='lat'><strong><em>8.</em></strong></span> <span class='ocrx_word' id='word_1_20' title='bbox 427 707 670 754; x_wconf 85' lang='lat' dir='ltr'><strong><em>Divinum</em></strong></span> <span class='ocrx_word' id='word_1_21' title='bbox 693 704 936 752; x_wconf 88' lang='lat' dir='ltr'><strong><em>auxilium</em></strong></span> <span class='ocrx_word' id='word_1_22' title='bbox 957 709 1150 751; x_wconf 87' lang='lat' dir='ltr'><strong><em>maneat</em></strong></span> <span class='ocrx_word' id='word_1_23' title='bbox 1169 718 1360 766; x_wconf 82' lang='lat' dir='ltr'><strong>semper</strong></span> <span class='ocrx_word' id='word_1_24' title='bbox 1380 703 1647 751; x_wconf 79' lang='lat' dir='ltr'><strong><em>nobiscum.</em></strong></span> <span class='ocrx_word' id='word_1_25' title='bbox 1700 730 1703 735; x_wconf 46' lang='lat' dir='ltr'>v</span> 
     </span>
    </p>

    <p class='ocr_par' dir='ltr' id='par_1_5' title="bbox 340 785 2220 997">
     <span class='ocr_line' id='line_1_5' title="bbox 340 785 2219 845; baseline -0.003 -9"><span class='ocrx_word' id='word_1_26' title='bbox 340 792 371 837; x_wconf 87' lang='lat'><strong>9</strong></span> <span class='ocrx_word' id='word_1_27' title='bbox 396 805 440 836; x_wconf 90' lang='lat' dir='ltr'><strong><em>a.</em></strong></span> <span class='ocrx_word' id='word_1_28' title='bbox 480 790 733 834; x_wconf 73' lang='lat' dir='ltr'><strong><em>Dominicis</em></strong></span> <span class='ocrx_word' id='word_1_29' title='bbox 762 789 922 832; x_wconf 74' lang='lat' dir='ltr'><strong><em>diebus</em></strong></span> <span class='ocrx_word' id='word_1_30' title='bbox 952 802 982 832; x_wconf 92' lang='lat' dir='ltr'><strong><em>a</em></strong></span> <span class='ocrx_word' id='word_1_31' title='bbox 1014 787 1150 832; x_wconf 73' lang='lat' dir='ltr'><strong><em>Festo</em></strong></span> <span class='ocrx_word' id='word_1_32' title='bbox 1184 787 1284 832; x_wconf 91' lang='lat' dir='ltr'><strong>S.S.</strong></span> <span class='ocrx_word' id='word_1_33' title='bbox 1315 786 1562 832; x_wconf 70' lang='lat' dir='ltr'><strong><em>Trinitatis</em></strong></span> <span class='ocrx_word' id='word_1_34' title='bbox 1597 799 1737 845; x_wconf 74' lang='lat' dir='ltr'><strong><em>usque</em></strong></span> <span class='ocrx_word' id='word_1_35' title='bbox 1771 786 1836 831; x_wconf 80' lang='lat' dir='ltr'><strong><em>ad</em></strong></span> <span class='ocrx_word' id='word_1_36' title='bbox 1865 785 1983 831; x_wconf 80' lang='lat' dir='ltr'><strong><em>Adv.</em></strong></span> <span class='ocrx_word' id='word_1_37' title='bbox 2018 785 2219 840; x_wconf 81' lang='lat' dir='ltr'><strong><em>Domini,</em></strong></span> 
     </span>
     <span class='ocr_line' id='line_1_6' title="bbox 407 864 2220 931; baseline -0.003 -15"><span class='ocrx_word' id='word_1_38' title='bbox 407 871 593 931; x_wconf 82' lang='lat' dir='ltr'><strong><em>quando</em></strong></span> <span class='ocrx_word' id='word_1_39' title='bbox 614 872 669 915; x_wconf 84' lang='lat' dir='ltr'><strong><em>de</em></strong></span> <span class='ocrx_word' id='word_1_40' title='bbox 691 870 935 914; x_wconf 62' lang='lat' dir='ltr'><strong><em>Dominio-a</em></strong></span> <span class='ocrx_word' id='word_1_41' title='bbox 943 869 1019 927; x_wconf 80' lang='lat' dir='ltr'><strong><em>fit,</em></strong></span> <span class='ocrx_word' id='word_1_42' title='bbox 1045 865 1108 913; x_wconf 90' lang='lat' dir='ltr'><strong><em>In</em></strong></span> <span class='ocrx_word' id='word_1_43' title='bbox 1133 865 1363 913; x_wconf 79' lang='lat' dir='ltr'><strong><em>charitate</em></strong></span> <span class='ocrx_word' id='word_1_44' title='bbox 1386 865 1599 927; x_wconf 85' lang='lat' dir='ltr'><strong><em>perfecta</em></strong></span> <span class='ocrx_word' id='word_1_45' title='bbox 1632 864 1883 911; x_wconf 84' lang='lat' dir='ltr'><strong><em>confirmet</em></strong></span> <span class='ocrx_word' id='word_1_46' title='bbox 1903 879 1991 911; x_wconf 88' lang='lat' dir='ltr'><strong><em>nos</em></strong></span> <span class='ocrx_word' id='word_1_47' title='bbox 2010 864 2220 911; x_wconf 81' lang='lat' dir='ltr'><strong><em>Trinitas</em></strong></span> 
     </span>
     <span class='ocr_line' id='line_1_7' title="bbox 407 951 606 997; baseline -0.005 0"><span class='ocrx_word' id='word_1_48' title='bbox 407 951 606 997; x_wconf 86' lang='lat' dir='ltr'><strong><em>Sancta.</em></strong></span> 
     </span>
    </p>

    <p class='ocr_par' dir='ltr' id='par_1_6' title="bbox 340 1025 2223 1174">
     <span class='ocr_line' id='line_1_8' title="bbox 340 1025 2223 1090; baseline -0.004 -10"><span class='ocrx_word' id='word_1_49' title='bbox 340 1035 370 1080; x_wconf 87' lang='lat'><strong>9</strong></span> <span class='ocrx_word' id='word_1_50' title='bbox 394 1033 444 1079; x_wconf 89' lang='lat' dir='ltr'><strong><em>b.</em></strong></span> <span class='ocrx_word' id='word_1_51' title='bbox 488 1033 851 1090; x_wconf 69' lang='lat' dir='ltr'><strong><em>Quandocumque</em></strong></span> <span class='ocrx_word' id='word_1_52' title='bbox 888 1026 1013 1075; x_wconf 60' lang='lat' dir='ltr'><strong><em>alias</em></strong></span> <span class='ocrx_word' id='word_1_53' title='bbox 1051 1029 1255 1085; x_wconf 84' lang='lat' dir='ltr'><strong><em>Officium</em></strong></span> <span class='ocrx_word' id='word_1_54' title='bbox 1290 1029 1346 1073; x_wconf 86' lang='lat' dir='ltr'><strong><em>de</em></strong></span> <span class='ocrx_word' id='word_1_55' title='bbox 1385 1027 1599 1087; x_wconf 80' lang='lat' dir='ltr'><strong><em>Tempore</em></strong></span> <span class='ocrx_word' id='word_1_56' title='bbox 1615 1028 1694 1085; x_wconf 79' lang='lat' dir='ltr'><strong><em>fit,</em></strong></span> <span class='ocrx_word' id='word_1_57' title='bbox 1733 1026 1795 1072; x_wconf 90' lang='lat' dir='ltr'><strong><em>In</em></strong></span> <span class='ocrx_word' id='word_1_58' title='bbox 1834 1025 2021 1072; x_wconf 80' lang='lat' dir='ltr'><strong><em>unitate</em></strong></span> <span class='ocrx_word' id='word_1_59' title='bbox 2058 1025 2223 1072; x_wconf 80' lang='lat' dir='ltr'><strong><em>Sancti</em></strong></span> 
     </span>
     <span class='ocr_line' id='line_1_9' title="bbox 410 1106 1437 1174; baseline -0.003 -16"><span class='ocrx_word' id='word_1_60' title='bbox 410 1110 627 1174; x_wconf 72' lang='lat' dir='ltr'><strong><em>Spiritus</em></strong></span> <span class='ocrx_word' id='word_1_61' title='bbox 648 1109 900 1157; x_wconf 83' lang='lat' dir='ltr'><strong><em>benedicat</em></strong></span> <span class='ocrx_word' id='word_1_62' title='bbox 919 1122 1008 1155; x_wconf 87' lang='lat' dir='ltr'><strong><em>nos</em></strong></span> <span class='ocrx_word' id='word_1_63' title='bbox 1030 1107 1177 1154; x_wconf 88' lang='lat' dir='ltr'><strong><em>Pater</em></strong></span> <span class='ocrx_word' id='word_1_64' title='bbox 1198 1112 1245 1154; x_wconf 90' lang='lat' dir='ltr'><strong><em>et</em></strong></span> <span class='ocrx_word' id='word_1_65' title='bbox 1267 1106 1437 1155; x_wconf 87' lang='lat' dir='ltr'><strong><em>Filius.</em></strong></span> 
     </span>
    </p>

    <p class='ocr_par' dir='ltr' id='par_1_7' title="bbox 337 1186 2225 1252">
     <span class='ocr_line' id='line_1_10' title="bbox 337 1186 2225 1252; baseline -0.004 -12"><span class='ocrx_word' id='word_1_66' title='bbox 337 1196 370 1240; x_wconf 84' lang='lat'><strong>9</strong></span> <span class='ocrx_word' id='word_1_67' title='bbox 395 1207 437 1240; x_wconf 89' lang='lat' dir='ltr'><strong><em>c.</em></strong></span> <span class='ocrx_word' id='word_1_68' title='bbox 463 1194 525 1238; x_wconf 88' lang='lat' dir='ltr'><strong><em>In</em></strong></span> <span class='ocrx_word' id='word_1_69' title='bbox 543 1189 690 1252; x_wconf 72' lang='lat' dir='ltr'><strong><em>festis</em></strong></span> <span class='ocrx_word' id='word_1_70' title='bbox 713 1192 994 1244; x_wconf 80' lang='lat' dir='ltr'><strong><em>Sanctorum,</em></strong></span> <span class='ocrx_word' id='word_1_71' title='bbox 1021 1187 1100 1235; x_wconf 84' lang='lat' dir='ltr'><strong><em>Ad</em></strong></span> <span class='ocrx_word' id='word_1_72' title='bbox 1122 1187 1401 1235; x_wconf 85' lang='lat' dir='ltr'><strong><em>societatem</em></strong></span> <span class='ocrx_word' id='word_1_73' title='bbox 1435 1187 1620 1235; x_wconf 84' lang='lat' dir='ltr'><strong><em>civium</em></strong></span> <span class='ocrx_word' id='word_1_74' title='bbox 1642 1201 1960 1251; x_wconf 86' lang='lat' dir='ltr'><strong><em>supernorum</em></strong></span> <span class='ocrx_word' id='word_1_75' title='bbox 1993 1186 2225 1248; x_wconf 87' lang='lat' dir='ltr'><strong><em>perducat</em></strong></span> 
     </span>
    </p>
   </div>
   <div class='ocr_carea' id='block_1_4' title="bbox 405 1269 955 1332">
    <p class='ocr_par' dir='ltr' id='par_1_8' title="bbox 405 1269 955 1332">
     <span class='ocr_line' id='line_1_11' title="bbox 405 1269 955 1332; baseline -0.007 -12"><span class='ocrx_word' id='word_1_76' title='bbox 405 1287 500 1320; x_wconf 89' lang='lat' dir='ltr'><strong><em>nos</em></strong></span> <span class='ocrx_word' id='word_1_77' title='bbox 523 1271 635 1318; x_wconf 86' lang='lat' dir='ltr'><strong><em>Rex</em></strong></span> <span class='ocrx_word' id='word_1_78' title='bbox 660 1269 955 1332; x_wconf 84' lang='lat' dir='ltr'><strong><em>angelorum.</em></strong></span> 
     </span>
    </p>
   </div>
   <div class='ocr_carea' id='block_1_5' title="bbox 745 1396 1687 1482">
    <p class='ocr_par' dir='ltr' id='par_1_9' title="bbox 745 1396 1687 1482">
     <span class='ocr_line' id='line_1_12' title="bbox 745 1396 1687 1482; baseline 0 -19"><span class='ocrx_word' id='word_1_79' title='bbox 745 1396 842 1463; x_wconf 91' lang='lat' dir='ltr'><strong><em>II.</em></strong></span> <span class='ocrx_word' id='word_1_80' title='bbox 886 1399 965 1461; x_wconf 82' lang='lat' dir='ltr'><strong><em>In</em></strong></span> <span class='ocrx_word' id='word_1_81' title='bbox 1001 1399 1214 1482; x_wconf 85' lang='lat' dir='ltr'><strong><em>Officio</em></strong></span> <span class='ocrx_word' id='word_1_82' title='bbox 1243 1400 1321 1479; x_wconf 70' lang='lat' dir='ltr'><strong><em>iij</em></strong></span> <span class='ocrx_word' id='word_1_83' title='bbox 1346 1401 1687 1463; x_wconf 82' lang='lat' dir='ltr'><strong><em>lectionum.</em></strong></span> 
     </span>
    </p>
   </div>
   <div class='ocr_carea' id='block_1_6' title="bbox 212 1559 2228 2023">
    <p class='ocr_par' dir='ltr' id='par_1_10' title="bbox 212 1559 2228 2023">
     <span class='ocr_line' id='line_1_13' title="bbox 277 1559 2228 1628; baseline -0.003 -14"><span class='ocrx_word' id='word_1_84' title='bbox 277 1565 374 1628; x_wconf 82' lang='lat' dir='ltr'><strong><em>(A)</em></strong></span> <span class='ocrx_word' id='word_1_85' title='bbox 402 1565 458 1612; x_wconf 90' lang='lat' dir='ltr'><strong><em>Si</em></strong></span> <span class='ocrx_word' id='word_1_86' title='bbox 482 1568 757 1625; x_wconf 84' lang='lat' dir='ltr'><strong><em>exponatur</em></strong></span> <span class='ocrx_word' id='word_1_87' title='bbox 776 1561 1101 1624; x_wconf 88' lang='lat' dir='ltr'><strong><em>euangelium,</em></strong></span> <span class='ocrx_word' id='word_1_88' title='bbox 1124 1560 1481 1608; x_wconf 85' lang='lat' dir='ltr'><strong><em>benedictiones</em></strong></span> <span class='ocrx_word' id='word_1_89' title='bbox 1503 1562 1688 1610; x_wconf 86' lang='lat' dir='ltr'><strong><em>eaedem</em></strong></span> <span class='ocrx_word' id='word_1_90' title='bbox 1712 1568 1825 1610; x_wconf 86' lang='lat' dir='ltr'><strong><em>sunt</em></strong></span> <span class='ocrx_word' id='word_1_91' title='bbox 1846 1577 1956 1625; x_wconf 89' lang='lat' dir='ltr'><strong><em>quae</em></strong></span> <span class='ocrx_word' id='word_1_92' title='bbox 1978 1562 2031 1609; x_wconf 91' lang='lat' dir='ltr'><strong><em>in</em></strong></span> <span class='ocrx_word' id='word_1_93' title='bbox 2053 1559 2228 1608; x_wconf 70' lang='lat' dir='ltr'><strong><em>offic&gt;</em></strong></span> 
     </span>
     <span class='ocr_line' id='line_1_14' title="bbox 212 1642 793 1699; baseline -0.007 -5"><span class='ocrx_word' id='word_1_94' title='bbox 212 1648 241 1694; x_wconf 83' lang='lat'><strong>9</strong></span> <span class='ocrx_word' id='word_1_95' title='bbox 271 1646 545 1694; x_wconf 84' lang='lat' dir='ltr'><strong><em>lectionum</em></strong></span> <span class='ocrx_word' id='word_1_96' title='bbox 568 1643 619 1690; x_wconf 89' lang='lat' dir='ltr'><strong><em>in</em></strong></span> <span class='ocrx_word' id='word_1_97' title='bbox 642 1642 793 1699; x_wconf 82' lang='lat' dir='ltr'><strong><em>tertio,</em></strong></span> 
     </span>
     <span class='ocr_line' id='line_1_15' title="bbox 1080 1722 1352 1782; baseline 0 -12"><span class='ocrx_word' id='word_1_98' title='bbox 1080 1722 1201 1770; x_wconf 66' lang='lat' dir='ltr'><strong><em>alias</em></strong></span> <span class='ocrx_word' id='word_1_99' title='bbox 1223 1726 1352 1782; x_wconf 76' lang='lat' dir='ltr'><strong><em>vero,</em></strong></span> 
     </span>
     <span class='ocr_line' id='line_1_16' title="bbox 281 1804 2227 1869; baseline -0.001 -14"><span class='ocrx_word' id='word_1_100' title='bbox 281 1807 375 1869; x_wconf 89' lang='lat' dir='ltr'><strong><em>(B)</em></strong></span> <span class='ocrx_word' id='word_1_101' title='bbox 414 1808 479 1855; x_wconf 90' lang='lat' dir='ltr'><strong><em>In</em></strong></span> <span class='ocrx_word' id='word_1_102' title='bbox 525 1806 665 1853; x_wconf 84' lang='lat' dir='ltr'><strong><em>festis</em></strong></span> <span class='ocrx_word' id='word_1_103' title='bbox 704 1805 917 1867; x_wconf 86' lang='lat' dir='ltr'><strong><em>quidem,</em></strong></span> <span class='ocrx_word' id='word_1_104' title='bbox 954 1809 1004 1852; x_wconf 89' lang='lat' dir='ltr'><strong><em>et</em></strong></span> <span class='ocrx_word' id='word_1_105' title='bbox 1038 1804 1091 1851; x_wconf 87' lang='lat' dir='ltr'><strong><em>in</em></strong></span> <span class='ocrx_word' id='word_1_106' title='bbox 1131 1805 1360 1868; x_wconf 86' lang='lat' dir='ltr'><strong><em>temporis</em></strong></span> <span class='ocrx_word' id='word_1_107' title='bbox 1400 1805 1651 1854; x_wconf 85' lang='lat' dir='ltr'><strong><em>Paschalis</em></strong></span> <span class='ocrx_word' id='word_1_108' title='bbox 1697 1805 1764 1868; x_wconf 83' lang='lat' dir='ltr'><strong><em>(v.</em></strong></span> <span class='ocrx_word' id='word_1_109' title='bbox 1803 1822 1850 1869; x_wconf 87' lang='lat' dir='ltr'><strong><em>p.</em></strong></span> <span class='ocrx_word' id='word_1_110' title='bbox 1892 1805 1966 1868; x_wconf 86' lang='lat' dir='ltr'><strong><em>xi)</em></strong></span> <span class='ocrx_word' id='word_1_111' title='bbox 2012 1806 2227 1863; x_wconf 79' lang='lat' dir='ltr'><strong><em>feriis,-</em></strong></span> 
     </span>
     <span class='ocr_line' id='line_1_17' title="bbox 217 1886 2228 1951; baseline -0.002 -13"><span class='ocrx_word' id='word_1_112' title='bbox 217 1890 497 1937; x_wconf 85' lang='lat' dir='ltr'><strong><em>alternatim</em></strong></span> <span class='ocrx_word' id='word_1_113' title='bbox 534 1903 625 1951; x_wconf 87' lang='lat' dir='ltr'><strong><em>per</em></strong></span> <span class='ocrx_word' id='word_1_114' title='bbox 652 1886 1005 1934; x_wconf 84' lang='lat' dir='ltr'><strong><em>hebdomadam</em></strong></span> <span class='ocrx_word' id='word_1_115' title='bbox 1025 1886 1104 1934; x_wconf 81' lang='lat' dir='ltr'><strong><em>vel</em></strong></span> <span class='ocrx_word' id='word_1_116' title='bbox 1136 1901 1220 1949; x_wconf 88' lang='lat' dir='ltr'><strong><em>per</em></strong></span> <span class='ocrx_word' id='word_1_117' title='bbox 1244 1893 1634 1950; x_wconf 82' lang='lat' dir='ltr'><strong><em>octavas,—-quae</em></strong></span> <span class='ocrx_word' id='word_1_118' title='bbox 1667 1890 1719 1936; x_wconf 89' lang='lat' dir='ltr'><strong><em>in</em></strong></span> <span class='ocrx_word' id='word_1_119' title='bbox 1751 1888 1909 1951; x_wconf 89' lang='lat' dir='ltr'><strong><em>primo</em></strong></span> <span class='ocrx_word' id='word_1_120' title='bbox 1943 1895 1993 1935; x_wconf 89' lang='lat' dir='ltr'><strong><em>et</em></strong></span> <span class='ocrx_word' id='word_1_121' title='bbox 2018 1889 2228 1936; x_wconf 80' lang='lat' dir='ltr'><strong><em>secundo</em></strong></span> 
     </span>
     <span class='ocr_line' id='line_1_18' title="bbox 219 1969 746 2023; baseline -0.008 -5"><span class='ocrx_word' id='word_1_122' title='bbox 219 1971 471 2018; x_wconf 80' lang='lat' dir='ltr'><strong><em>Nocturno</em></strong></span> <span class='ocrx_word' id='word_1_123' title='bbox 496 1969 746 2023; x_wconf 73' lang='lat' dir='ltr'><strong><em>dicuntur,</em></strong></span> 
     </span>
    </p>
   </div>
   <div class='ocr_carea' id='block_1_7' title="bbox 281 2065 2018 2371">
    <p class='ocr_par' dir='ltr' id='par_1_11' title="bbox 281 2065 2018 2371">
     <span class='ocr_line' id='line_1_19' title="bbox 281 2065 2018 2130; baseline -0.003 -14"><span class='ocrx_word' id='word_1_124' title='bbox 281 2068 372 2130; x_wconf 90' lang='lat' dir='ltr'><strong><em>(C)</em></strong></span> <span class='ocrx_word' id='word_1_125' title='bbox 399 2069 464 2116; x_wconf 91' lang='lat' dir='ltr'><strong><em>In</em></strong></span> <span class='ocrx_word' id='word_1_126' title='bbox 485 2066 628 2115; x_wconf 87' lang='lat' dir='ltr'><strong><em>feriis</em></strong></span> <span class='ocrx_word' id='word_1_127' title='bbox 652 2072 817 2113; x_wconf 85' lang='lat' dir='ltr'><strong><em>autem</em></strong></span> <span class='ocrx_word' id='word_1_128' title='bbox 839 2070 977 2112; x_wconf 86' lang='lat' dir='ltr'><strong><em>extra</em></strong></span> <span class='ocrx_word' id='word_1_129' title='bbox 997 2071 1191 2128; x_wconf 88' lang='lat' dir='ltr'><strong><em>tempus</em></strong></span> <span class='ocrx_word' id='word_1_130' title='bbox 1214 2065 1466 2125; x_wconf 79' lang='lat' dir='ltr'><strong><em>Paschale‚</em></strong></span> <span class='ocrx_word' id='word_1_131' title='bbox 1491 2082 1601 2129; x_wconf 86' lang='lat' dir='ltr'><strong><em>quae</em></strong></span> <span class='ocrx_word' id='word_1_132' title='bbox 1623 2068 1703 2114; x_wconf 81' lang='lat' dir='ltr'><strong><em>hic</em></strong></span> <span class='ocrx_word' id='word_1_133' title='bbox 1727 2072 2018 2128; x_wconf 86' lang='lat' dir='ltr'><strong><em>sequuntur:</em></strong></span> 
     </span>
     <span class='ocr_line' id='line_1_20' title="bbox 347 2147 1913 2210; baseline -0.003 -12"><span class='ocrx_word' id='word_1_134' title='bbox 347 2153 389 2198; x_wconf 94' lang='lat'><strong><em>1.</em></strong></span> <span class='ocrx_word' id='word_1_135' title='bbox 428 2153 460 2177; x_wconf 82' lang='lat'><strong><em>‘⁶</em></strong></span> <span class='ocrx_word' id='word_1_136' title='bbox 487 2150 637 2197; x_wconf 88' lang='lat' dir='ltr'><strong><em>Deus</em></strong></span> <span class='ocrx_word' id='word_1_137' title='bbox 658 2148 943 2194; x_wconf 88' lang='lat' dir='ltr'><strong><em>misereatur</em></strong></span> <span class='ocrx_word' id='word_1_138' title='bbox 963 2147 1128 2204; x_wconf 81' lang='lat' dir='ltr'><strong><em>nostri,</em></strong></span> <span class='ocrx_word' id='word_1_139' title='bbox 1153 2153 1203 2195; x_wconf 91' lang='lat' dir='ltr'><strong><em>et</em></strong></span> <span class='ocrx_word' id='word_1_140' title='bbox 1224 2148 1305 2194; x_wconf 90' lang='lat' dir='ltr'><strong><em>det</em></strong></span> <span class='ocrx_word' id='word_1_141' title='bbox 1323 2148 1462 2195; x_wconf 91' lang='lat' dir='ltr'><strong><em>nobis</em></strong></span> <span class='ocrx_word' id='word_1_142' title='bbox 1486 2164 1626 2195; x_wconf 87' lang='lat' dir='ltr'><strong><em>suam</em></strong></span> <span class='ocrx_word' id='word_1_143' title='bbox 1642 2152 1671 2182; x_wconf 61' lang='lat'>⁵</span> <span class='ocrx_word' id='word_1_144' title='bbox 1695 2150 1913 2210; x_wconf 84' lang='lat' dir='ltr'><strong><em>pacem.&#39;&#39;</em></strong></span> 
     </span>
     <span class='ocr_line' id='line_1_21' title="bbox 349 2227 1654 2279; baseline -0.002 0"><span class='ocrx_word' id='word_1_145' title='bbox 349 2235 393 2279; x_wconf 85' lang='lat'><strong><em>2.</em></strong></span> <span class='ocrx_word' id='word_1_146' title='bbox 432 2234 464 2258; x_wconf 90' lang='lat'><strong>“</strong></span> <span class='ocrx_word' id='word_1_147' title='bbox 488 2230 669 2277; x_wconf 87' lang='lat' dir='ltr'><strong><em>Virtus</em></strong></span> <span class='ocrx_word' id='word_1_148' title='bbox 695 2227 881 2275; x_wconf 84' lang='lat' dir='ltr'><strong><em>Christi</em></strong></span> <span class='ocrx_word' id='word_1_149' title='bbox 902 2227 1087 2276; x_wconf 89' lang='lat' dir='ltr'><strong><em>habitet</em></strong></span> <span class='ocrx_word' id='word_1_150' title='bbox 1109 2228 1160 2275; x_wconf 90' lang='lat' dir='ltr'><strong><em>in</em></strong></span> <span class='ocrx_word' id='word_1_151' title='bbox 1182 2228 1406 2275; x_wconf 86' lang='lat' dir='ltr'><strong><em>cordibus</em></strong></span> <span class='ocrx_word' id='word_1_152' title='bbox 1428 2230 1654 2276; x_wconf 83' lang='lat' dir='ltr'><strong><em>nostris.&#39;&#39;</em></strong></span> 
     </span>
     <span class='ocr_line' id='line_1_22' title="bbox 346 2309 1683 2371; baseline -0.003 -9"><span class='ocrx_word' id='word_1_153' title='bbox 346 2316 389 2362; x_wconf 90' lang='grc'><strong><em>3.</em></strong></span> <span class='ocrx_word' id='word_1_154' title='bbox 429 2316 460 2339; x_wconf 89' lang='grc'>“</span> <span class='ocrx_word' id='word_1_155' title='bbox 485 2312 574 2360; x_wconf 91' lang='lat' dir='ltr'><strong><em>De</em></strong></span> <span class='ocrx_word' id='word_1_156' title='bbox 594 2310 718 2358; x_wconf 88' lang='lat' dir='ltr'><strong><em>coelo</em></strong></span> <span class='ocrx_word' id='word_1_157' title='bbox 741 2310 919 2357; x_wconf 89' lang='lat' dir='ltr'><strong><em>missus</em></strong></span> <span class='ocrx_word' id='word_1_158' title='bbox 942 2310 1111 2357; x_wconf 88' lang='lat' dir='ltr'><strong><em>doceat</em></strong></span> <span class='ocrx_word' id='word_1_159' title='bbox 1129 2325 1218 2357; x_wconf 88' lang='lat' dir='ltr'><strong><em>nos</em></strong></span> <span class='ocrx_word' id='word_1_160' title='bbox 1240 2309 1453 2371; x_wconf 89' lang='lat' dir='ltr'><strong><em>Spiritus</em></strong></span> <span class='ocrx_word' id='word_1_161' title='bbox 1475 2311 1683 2359; x_wconf 85' lang='lat' dir='ltr'><strong><em>almus.’&#39;</em></strong></span> 
     </span>
    </p>
   </div>
   <div class='ocr_carea' id='block_1_8' title="bbox 220 2407 2234 2797">
    <p class='ocr_par' dir='ltr' id='par_1_12' title="bbox 220 2407 2234 2797">
     <span class='ocr_line' id='line_1_23' title="bbox 282 2407 2231 2473; baseline 0 -15"><span class='ocrx_word' id='word_1_162' title='bbox 282 2409 664 2459; x_wconf 85' lang='lat' dir='ltr'><strong><em>Benedictiones</em></strong></span> <span class='ocrx_word' id='word_1_163' title='bbox 687 2414 851 2455; x_wconf 89' lang='lat' dir='ltr'><strong><em>autem</em></strong></span> <span class='ocrx_word' id='word_1_164' title='bbox 873 2407 924 2454; x_wconf 89' lang='lat' dir='ltr'><strong><em>in</em></strong></span> <span class='ocrx_word' id='word_1_165' title='bbox 948 2407 1186 2455; x_wconf 87' lang='lat' dir='ltr'><strong><em>Omnium</em></strong></span> <span class='ocrx_word' id='word_1_166' title='bbox 1212 2407 1498 2455; x_wconf 82' lang='lat' dir='ltr'><strong><em>Sanctorum</em></strong></span> <span class='ocrx_word' id='word_1_167' title='bbox 1517 2409 1660 2457; x_wconf 88' lang='lat' dir='ltr'><strong><em>Festo</em></strong></span> <span class='ocrx_word' id='word_1_168' title='bbox 1683 2409 1914 2467; x_wconf 85' lang='lat' dir='ltr'><strong><em>dicendae,</em></strong></span> <span class='ocrx_word' id='word_1_169' title='bbox 1938 2410 1990 2458; x_wconf 90' lang='lat' dir='ltr'><strong><em>in</em></strong></span> <span class='ocrx_word' id='word_1_170' title='bbox 2012 2411 2231 2473; x_wconf 88' lang='lat' dir='ltr'><strong><em>ejusdem</em></strong></span> 
     </span>
     <span class='ocr_line' id='line_1_24' title="bbox 222 2488 2228 2539; baseline 0 0"><span class='ocrx_word' id='word_1_171' title='bbox 222 2492 392 2539; x_wconf 86' lang='lat' dir='ltr'><strong><em>Officio</em></strong></span> <span class='ocrx_word' id='word_1_172' title='bbox 413 2489 755 2539; x_wconf 82' lang='lat' dir='ltr'><strong><em>inveniuntur.</em></strong></span> <span class='ocrx_word' id='word_1_173' title='bbox 826 2488 954 2539; x_wconf 80' lang='lat' dir='ltr'><strong><em>Quae</em></strong></span> <span class='ocrx_word' id='word_1_174' title='bbox 977 2503 1090 2536; x_wconf 86' lang='lat' dir='ltr'><strong><em>vero</em></strong></span> <span class='ocrx_word' id='word_1_175' title='bbox 1122 2488 1174 2535; x_wconf 89' lang='lat' dir='ltr'><strong><em>in</em></strong></span> <span class='ocrx_word' id='word_1_176' title='bbox 1202 2489 1338 2537; x_wconf 86' lang='lat' dir='ltr'><strong><em>festis</em></strong></span> <span class='ocrx_word' id='word_1_177' title='bbox 1371 2495 1420 2537; x_wconf 90' lang='lat' dir='ltr'><strong><em>et</em></strong></span> <span class='ocrx_word' id='word_1_178' title='bbox 1441 2491 1976 2539; x_wconf 88' lang='lat' dir='ltr'><strong><em>commemorationibus</em></strong></span> <span class='ocrx_word' id='word_1_179' title='bbox 2001 2492 2057 2539; x_wconf 92' lang='lat' dir='ltr'><strong><em>B.</em></strong></span> <span class='ocrx_word' id='word_1_180' title='bbox 2077 2492 2136 2538; x_wconf 86' lang='lat' dir='ltr'><strong><em>V.</em></strong></span> <span class='ocrx_word' id='word_1_181' title='bbox 2157 2492 2228 2539; x_wconf 91' lang='lat' dir='ltr'><strong><em>M.</em></strong></span> 
     </span>
     <span class='ocr_line' id='line_1_25' title="bbox 220 2569 2231 2635; baseline -0.001 -15"><span class='ocrx_word' id='word_1_182' title='bbox 220 2572 460 2631; x_wconf 83' lang='lat' dir='ltr'><strong><em>dicuntur,</em></strong></span> <span class='ocrx_word' id='word_1_183' title='bbox 511 2586 585 2618; x_wconf 86' lang='lat' dir='ltr'><strong><em>eae</em></strong></span> <span class='ocrx_word' id='word_1_184' title='bbox 632 2570 764 2632; x_wconf 88' lang='lat' dir='ltr'><strong><em>apud</em></strong></span> <span class='ocrx_word' id='word_1_185' title='bbox 798 2569 1104 2617; x_wconf 83' lang='lat' dir='ltr'><strong><em>Breviarium</em></strong></span> <span class='ocrx_word' id='word_1_186' title='bbox 1136 2571 1189 2617; x_wconf 83' lang='lat' dir='ltr'><strong><em>in</em></strong></span> <span class='ocrx_word' id='word_1_187' title='bbox 1220 2570 1392 2618; x_wconf 71' lang='lat' dir='ltr'><strong><em>eadem</em></strong></span> <span class='ocrx_word' id='word_1_188' title='bbox 1433 2571 1612 2619; x_wconf 63' lang='lat' dir='ltr'><strong><em>tabella</em></strong></span> <span class='ocrx_word' id='word_1_189' title='bbox 1650 2586 1763 2619; x_wconf 89' lang='lat' dir='ltr'><strong><em>cum</em></strong></span> <span class='ocrx_word' id='word_1_190' title='bbox 1801 2588 1945 2634; x_wconf 88' lang='lat' dir='ltr'><strong><em>supra</em></strong></span> <span class='ocrx_word' id='word_1_191' title='bbox 1981 2573 2231 2635; x_wconf 86' lang='lat' dir='ltr'><strong><em>descriptis</em></strong></span> 
     </span>
     <span class='ocr_line' id='line_1_26' title="bbox 220 2649 2234 2714; baseline -0.002 -12"><span class='ocrx_word' id='word_1_192' title='bbox 220 2654 530 2702; x_wconf 79' lang='lat' dir='ltr'><strong><em>exhibentur.</em></strong></span> <span class='ocrx_word' id='word_1_193' title='bbox 602 2650 731 2701; x_wconf 79' lang='lat' dir='ltr'><strong><em>Quae</em></strong></span> <span class='ocrx_word' id='word_1_194' title='bbox 766 2651 964 2713; x_wconf 91' lang='lat' dir='ltr'><strong><em>quidem</em></strong></span> <span class='ocrx_word' id='word_1_195' title='bbox 985 2651 1163 2699; x_wconf 90' lang='lat' dir='ltr'><strong><em>tabella</em></strong></span> <span class='ocrx_word' id='word_1_196' title='bbox 1187 2649 1399 2712; x_wconf 88' lang='lat' dir='ltr'><strong><em>(etiamsi</em></strong></span> <span class='ocrx_word' id='word_1_197' title='bbox 1421 2652 1626 2698; x_wconf 78' lang='lat' dir='ltr'><strong><em>minime</em></strong></span> <span class='ocrx_word' id='word_1_198' title='bbox 1650 2651 1905 2714; x_wconf 88' lang='lat' dir='ltr'><strong><em>perspicua</em></strong></span> <span class='ocrx_word' id='word_1_199' title='bbox 1926 2650 2022 2712; x_wconf 89' lang='lat' dir='ltr'><strong><em>est)</em></strong></span> <span class='ocrx_word' id='word_1_200' title='bbox 2047 2668 2075 2698; x_wconf 89' lang='lat' dir='ltr'><strong><em>a</em></strong></span> <span class='ocrx_word' id='word_1_201' title='bbox 2097 2653 2234 2698; x_wconf 88' lang='lat' dir='ltr'><strong><em>nobis</em></strong></span> 
     </span>
     <span class='ocr_line' id='line_1_27' title="bbox 223 2731 1433 2797; baseline -0.001 -15"><span class='ocrx_word' id='word_1_202' title='bbox 223 2749 416 2797; x_wconf 91' lang='lat' dir='ltr'><strong><em>quoque</em></strong></span> <span class='ocrx_word' id='word_1_203' title='bbox 436 2734 554 2781; x_wconf 84' lang='lat' dir='ltr'><strong><em>loco</em></strong></span> <span class='ocrx_word' id='word_1_204' title='bbox 577 2747 668 2779; x_wconf 88' lang='lat' dir='ltr'><strong><em>suo</em></strong></span> <span class='ocrx_word' id='word_1_205' title='bbox 690 2731 891 2794; x_wconf 88' lang='lat' dir='ltr'><strong><em>posthac</em></strong></span> <span class='ocrx_word' id='word_1_206' title='bbox 913 2732 1103 2794; x_wconf 86' lang='lat' dir='ltr'><strong><em>integra</em></strong></span> <span class='ocrx_word' id='word_1_207' title='bbox 1124 2732 1433 2781; x_wconf 89' lang='lat' dir='ltr'><strong><em>describetur.</em></strong></span> 
     </span>
    </p>
   </div>
   <div class='ocr_carea' id='block_1_9' title="bbox 219 2827 2232 2972">
    <p class='ocr_par' dir='ltr' id='par_1_13' title="bbox 219 2827 2232 2972">
     <span class='ocr_line' id='line_1_28' title="bbox 280 2827 2232 2891; baseline -0.002 -11"><span class='ocrx_word' id='word_1_208' title='bbox 280 2831 360 2879; x_wconf 89' lang='lat' dir='ltr'><strong><em>De</em></strong></span> <span class='ocrx_word' id='word_1_209' title='bbox 382 2834 511 2880; x_wconf 78' lang='lat' dir='ltr'><strong><em>Jube</em></strong></span> <span class='ocrx_word' id='word_1_210' title='bbox 535 2832 731 2876; x_wconf 86' lang='lat' dir='ltr'><strong><em>Domine</em></strong></span> <span class='ocrx_word' id='word_1_211' title='bbox 754 2831 1011 2876; x_wconf 82' lang='lat' dir='ltr'><strong><em>benedicere</em></strong></span> <span class='ocrx_word' id='word_1_212' title='bbox 1033 2834 1196 2876; x_wconf 89' lang='lat' dir='ltr'><strong><em>autem</em></strong></span> <span class='ocrx_word' id='word_1_213' title='bbox 1222 2828 1429 2890; x_wconf 85' lang='lat' dir='ltr'><strong><em>singulis</em></strong></span> <span class='ocrx_word' id='word_1_214' title='bbox 1451 2827 1866 2875; x_wconf 89' lang='lat' dir='ltr'><strong><em>benedictionibus</em></strong></span> <span class='ocrx_word' id='word_1_215' title='bbox 1894 2830 2232 2891; x_wconf 89' lang='lat' dir='ltr'><strong><em>praeponendo,</em></strong></span> 
     </span>
     <span class='ocr_line' id='line_1_29' title="bbox 219 2907 2002 2972; baseline -0.001 -15"><span class='ocrx_word' id='word_1_216' title='bbox 219 2916 264 2957; x_wconf 88' lang='lat' dir='ltr'><strong><em>et</em></strong></span> <span class='ocrx_word' id='word_1_217' title='bbox 282 2915 446 2961; x_wconf 84' lang='lat' dir='ltr'><strong><em>Amen.</em></strong></span> <span class='ocrx_word' id='word_1_218' title='bbox 474 2909 694 2972; x_wconf 83' lang='lat' dir='ltr'><strong><em>singulis</em></strong></span> <span class='ocrx_word' id='word_1_219' title='bbox 717 2907 1062 2970; x_wconf 84' lang='lat' dir='ltr'><strong><em>respondendo,</em></strong></span> <span class='ocrx_word' id='word_1_220' title='bbox 1085 2924 1131 2956; x_wconf 83' lang='lat' dir='ltr'><strong><em>v.</em></strong></span> <span class='ocrx_word' id='word_1_221' title='bbox 1156 2909 1235 2956; x_wconf 89' lang='lat' dir='ltr'><strong><em>Pr.</em></strong></span> <span class='ocrx_word' id='word_1_222' title='bbox 1260 2911 1289 2955; x_wconf 86' lang='lat'><strong><em>5</em></strong></span> <span class='ocrx_word' id='word_1_223' title='bbox 1314 2924 1343 2956; x_wconf 87' lang='lat' dir='ltr'><strong><em>a</em></strong></span> <span class='ocrx_word' id='word_1_224' title='bbox 1364 2914 1413 2956; x_wconf 89' lang='lat' dir='ltr'><strong><em>et</em></strong></span> <span class='ocrx_word' id='word_1_225' title='bbox 1431 2908 1478 2956; x_wconf 92' lang='lat' dir='ltr'><strong><em>b.</em></strong></span> <span class='ocrx_word' id='word_1_226' title='bbox 1503 2924 1614 2956; x_wconf 90' lang='lat' dir='ltr'><strong><em>cum</em></strong></span> <span class='ocrx_word' id='word_1_227' title='bbox 1641 2914 1801 2957; x_wconf 87' lang='lat' dir='ltr'><strong><em>annot.</em></strong></span> <span class='ocrx_word' id='word_1_228' title='bbox 1825 2911 2002 2957; x_wconf 71' lang='lat' dir='ltr'><strong><em>nostra.</em></strong></span> 
     </span>
    </p>
   </div>
   <div class='ocr_carea' id='block_1_10' title="bbox 188 3065 2235 3319">
    <p class='ocr_par' dir='ltr' id='par_1_14' title="bbox 218 3065 2235 3252">
     <span class='ocr_line' id='line_1_30' title="bbox 264 3065 2233 3121; baseline 0.003 -15"><span class='ocrx_word' id='word_1_229' title='bbox 264 3069 288 3093; x_wconf 70' lang='lat'><strong><em>⁴*</em></strong></span> <span class='ocrx_word' id='word_1_230' title='bbox 314 3068 384 3107; x_wconf 86' lang='lat' dir='ltr'><strong><em>Sic</em></strong></span> <span class='ocrx_word' id='word_1_231' title='bbox 417 3066 539 3108; x_wconf 77' lang='lat' dir='ltr'><strong><em>recte</em></strong></span> <span class='ocrx_word' id='word_1_232' title='bbox 571 3066 700 3105; x_wconf 80' lang='lat' dir='ltr'><strong><em>Brev.</em></strong></span> <span class='ocrx_word' id='word_1_233' title='bbox 732 3065 889 3105; x_wconf 88' lang='lat' dir='ltr'><strong><em>Sarisb.</em></strong></span> <span class='ocrx_word' id='word_1_234' title='bbox 925 3065 1110 3113; x_wconf 82' lang='lat' dir='ltr'><strong><em>Mstum,</em></strong></span> <span class='ocrx_word' id='word_1_235' title='bbox 1140 3066 1254 3105; x_wconf 89' lang='lat' dir='ltr'><strong><em>circa</em></strong></span> <span class='ocrx_word' id='word_1_236' title='bbox 1282 3066 1390 3107; x_wconf 84' lang='lat' dir='ltr'><strong><em>A.D.</em></strong></span> <span class='ocrx_word' id='word_1_237' title='bbox 1430 3066 1527 3106; x_wconf 81' lang='lat'><strong>1370</strong></span> <span class='ocrx_word' id='word_1_238' title='bbox 1559 3070 1625 3118; x_wconf 89' lang='lat' dir='ltr'><strong><em>(ut</em></strong></span> <span class='ocrx_word' id='word_1_239' title='bbox 1658 3069 1840 3119; x_wconf 80' lang='lat' dir='ltr'><strong><em>videtur)</em></strong></span> <span class='ocrx_word' id='word_1_240' title='bbox 1873 3075 2109 3119; x_wconf 86' lang='lat' dir='ltr'><strong><em>exaratum,</em></strong></span> <span class='ocrx_word' id='word_1_241' title='bbox 2139 3077 2233 3121; x_wconf 80' lang='lat' dir='ltr'><strong><em>post</em></strong></span> 
     </span>
     <span class='ocr_line' id='line_1_31' title="bbox 218 3132 2230 3185; baseline 0.002 -14"><span class='ocrx_word' id='word_1_242' title='bbox 218 3134 390 3173; x_wconf 75' lang='lat' dir='ltr'><strong><em>schedas</em></strong></span> <span class='ocrx_word' id='word_1_243' title='bbox 419 3134 725 3185; x_wconf 79' lang='lat' dir='ltr'><strong><em>praecedentes</em></strong></span> <span class='ocrx_word' id='word_1_244' title='bbox 752 3132 976 3181; x_wconf 85' lang='lat' dir='ltr'><strong><em>impressas</em></strong></span> <span class='ocrx_word' id='word_1_245' title='bbox 1002 3144 1028 3171; x_wconf 88' lang='lat' dir='ltr'><strong><em>a</em></strong></span> <span class='ocrx_word' id='word_1_246' title='bbox 1049 3133 1139 3172; x_wconf 86' lang='lat' dir='ltr'><strong><em>viro</em></strong></span> <span class='ocrx_word' id='word_1_247' title='bbox 1163 3135 1390 3173; x_wconf 85' lang='lat' dir='ltr'><strong><em>reverendo</em></strong></span> <span class='ocrx_word' id='word_1_248' title='bbox 1414 3134 1714 3185; x_wconf 72' lang='lat' dir='ltr'><strong><em>benignissime</em></strong></span> <span class='ocrx_word' id='word_1_249' title='bbox 1740 3137 1862 3176; x_wconf 84' lang='lat' dir='ltr'><strong><em>nobis</em></strong></span> <span class='ocrx_word' id='word_1_250' title='bbox 1889 3140 2230 3178; x_wconf 89' lang='lat' dir='ltr'><strong><em>commodatum:</em></strong></span> 
     </span>
     <span class='ocr_line' id='line_1_32' title="bbox 219 3198 2235 3252; baseline 0.003 -16"><span class='ocrx_word' id='word_1_251' title='bbox 219 3199 317 3238; x_wconf 89' lang='lat' dir='ltr'><strong><em>item</em></strong></span> <span class='ocrx_word' id='word_1_252' title='bbox 333 3201 550 3239; x_wconf 78' lang='lat' dir='ltr'><strong><em>editiones</em></strong></span> <span class='ocrx_word' id='word_1_253' title='bbox 580 3198 739 3247; x_wconf 80' lang='lat' dir='ltr'><strong><em>Gough</em></strong></span> <span class='ocrx_word' id='word_1_254' title='bbox 754 3199 803 3236; x_wconf 80' lang='lat'><strong><em>43</em></strong></span> <span class='ocrx_word' id='word_1_255' title='bbox 822 3199 1039 3246; x_wconf 70' lang='lat' dir='ltr'><strong><em>(Venetiis,</em></strong></span> <span class='ocrx_word' id='word_1_256' title='bbox 1061 3201 1171 3249; x_wconf 83' lang='lat'>1493)</span> <span class='ocrx_word' id='word_1_257' title='bbox 1193 3204 1237 3240; x_wconf 90' lang='lat' dir='ltr'><strong><em>et</em></strong></span> <span class='ocrx_word' id='word_1_258' title='bbox 1253 3199 1315 3238; x_wconf 88' lang='lat'><strong><em>67.</em></strong></span> <span class='ocrx_word' id='word_1_259' title='bbox 1360 3201 1499 3251; x_wconf 83' lang='lat' dir='ltr'><strong><em>Vulgo</em></strong></span> <span class='ocrx_word' id='word_1_260' title='bbox 1515 3203 1724 3242; x_wconf 84' lang='lat' dir='ltr'><strong><em>omittitur</em></strong></span> <span class='ocrx_word' id='word_1_261' title='bbox 1738 3214 1869 3243; x_wconf 75' lang='lat' dir='ltr'><strong><em>suam.</em></strong></span> <span class='ocrx_word' id='word_1_262' title='bbox 1927 3204 2011 3252; x_wconf 85' lang='lat' dir='ltr'><strong><em>(Sic</em></strong></span> <span class='ocrx_word' id='word_1_263' title='bbox 2027 3206 2072 3243; x_wconf 90' lang='lat' dir='ltr'><strong><em>in</em></strong></span> <span class='ocrx_word' id='word_1_264' title='bbox 2090 3204 2235 3243; x_wconf 88' lang='lat' dir='ltr'><strong><em>Douce</em></strong></span> 
     </span>
    </p>

    <p class='ocr_par' dir='ltr' id='par_1_15' title="bbox 188 3262 1855 3319">
     <span class='ocr_line' id='line_1_33' title="bbox 188 3262 1855 3319; baseline 0.004 -15"><span class='ocrx_word' id='word_1_265' title='bbox 188 3279 196 3290; x_wconf 75' lang='lat'><strong>,</strong></span> <span class='ocrx_word' id='word_1_266' title='bbox 222 3262 328 3313; x_wconf 70' lang='lat' dir='ltr'><strong><em>Res„</em></strong></span> <span class='ocrx_word' id='word_1_267' title='bbox 349 3271 394 3305; x_wconf 85' lang='lat' dir='ltr'><strong><em>et</em></strong></span> <span class='ocrx_word' id='word_1_268' title='bbox 410 3268 460 3306; x_wconf 88' lang='lat' dir='ltr'><strong><em>in</em></strong></span> <span class='ocrx_word' id='word_1_269' title='bbox 480 3264 638 3315; x_wconf 85' lang='lat' dir='ltr'><strong><em>Gough</em></strong></span> <span class='ocrx_word' id='word_1_270' title='bbox 659 3266 697 3310; x_wconf 88' lang='lat'><strong><em>9,</em></strong></span> <span class='ocrx_word' id='word_1_271' title='bbox 719 3265 783 3311; x_wconf 85' lang='lat'><strong><em>16,</em></strong></span> <span class='ocrx_word' id='word_1_272' title='bbox 802 3265 864 3312; x_wconf 83' lang='lat'><strong><em>38,</em></strong></span> <span class='ocrx_word' id='word_1_273' title='bbox 883 3266 945 3312; x_wconf 89' lang='grc'><strong><em>56,</em></strong></span> <span class='ocrx_word' id='word_1_274' title='bbox 968 3267 1018 3304; x_wconf 89' lang='grc'><strong><em>58</em></strong></span> <span class='ocrx_word' id='word_1_275' title='bbox 1036 3278 1063 3305; x_wconf 89' lang='lat' dir='ltr'><strong><em>a</em></strong></span> <span class='ocrx_word' id='word_1_276' title='bbox 1079 3269 1123 3304; x_wconf 87' lang='lat' dir='ltr'><strong><em>et</em></strong></span> <span class='ocrx_word' id='word_1_277' title='bbox 1139 3268 1177 3314; x_wconf 83' lang='lat' dir='ltr'><strong><em>b,</em></strong></span> <span class='ocrx_word' id='word_1_278' title='bbox 1196 3271 1239 3305; x_wconf 90' lang='lat' dir='ltr'><strong><em>et</em></strong></span> <span class='ocrx_word' id='word_1_279' title='bbox 1256 3266 1319 3315; x_wconf 84' lang='lat'><strong><em>7³,</em></strong></span> <span class='ocrx_word' id='word_1_280' title='bbox 1338 3278 1437 3308; x_wconf 87' lang='lat' dir='ltr'><strong><em>cum</em></strong></span> <span class='ocrx_word' id='word_1_281' title='bbox 1457 3270 1653 3310; x_wconf 85' lang='lat' dir='ltr'><strong><em>omnibus</em></strong></span> <span class='ocrx_word' id='word_1_282' title='bbox 1669 3271 1855 3319; x_wconf 83' lang='lat' dir='ltr'><strong><em>nostris.)</em></strong></span> 
     </span>
    </p>
   </div>
  </div>
 </body>
</html>
