2910 4457
972 341 1046 383 DE
1072 342 1471 384 coxpmromo.
1535 394 1544 401 ·
2092 328 2220 385 xxix

264 482 491 536 nescitis
515 477 686 545 enim]
718 478 917 548 Gough
940 482 1024 531 68.
1050 478 1188 532 male
1214 478 1413 531 omittit
1435 478 1590 530 enim.

263 565 609 639 expleantur]
640 566 713 619 In
738 565 935 634 Gough
957 569 1043 618 68.
1070 575 1191 618 sunt
1214 565 1524 634 exequenda.

266 654 481 724 Compl.
525 652 641 724 iij.)
689 652 818 705 Post
851 653 983 704 “Ps.
1021 652 1162 706 Cum
1202 651 1546 704 invocarem.''
1589 650 1724 704 adde
1767 646 1931 720 [ete.]‚
1972 653 2114 721 quod
2151 670 2218 705 ex

199 739 411 811 Compi.
438 740 502 810 ij.
530 738 937 808 intelligendum
962 739 1075 791 erit.

263 827 333 879 P.
378 831 483 879 102
514 828 565 879 b.
609 825 799 896 Compi.
837 822 976 895 iiij.)
1015 824 1146 878 Post
1186 821 1408 876 Verbum
1439 842 1557 876 earo
1598 824 1734 877 adde
1776 825 1938 894 [ete.],
1974 827 2113 894 quod
2149 846 2216 879 ex

193 913 412 983 Compl.
439 913 513 983 iij
536 912 945 982 intelligendum
970 911 1085 964 erit.

276 998 480 1068 Compl.
513 999 616 1070 τῇ.)
652 997 757 1050 Pro
794 997 1125 1066 “vigilantes
1144 1017 1157 1048 ε
1176 995 1624 1060 —dormieiites,”
1660 1014 1756 1050 ser.
1796 1002 1827 1027 “
1847 998 2216 1067 vigilanteS,--

202 1084 527 1138 dormientes
546 1083 602 1148 ;’'.

274 1171 381 1224 Pro
404 1175 437 1202 “
458 1172 526 1223 B.
550 1171 751 1224 Murice
774 1181 823 1223 et
835 1170 861 1227 ’ἶ
884 1186 981 1223 scr.
1007 1170 1120 1223 “B.
1146 1170 1363 1235 Murice,
1388 1181 1437 1223 et
1448 1171 1491 1222 ''.

268 1258 330 1310 in
359 1257 566 1328 Compi.
592 1258 660 1310 B.
685 1255 923 1323 Marioe.]
955 1258 1101 1310 Corr.
1128 1261 1161 1287 “
1178 1259 1238 1310 iu
1258 1259 1728 1310 commemoratione
1746 1256 1918 1328 [quod
1935 1263 2213 1323 abstracte,

196 1354 252 1398 et
282 1346 489 1399 idcireo
523 1345 736 1414 plurali,
761 1362 918 1398 sensu
951 1343 1360 1414 intelligendum
1394 1344 1499 1413 est]
1534 1345 1602 1397 B.
1638 1344 1879 1397 Mariae.''
1906 1346 1991 1399 De
2006 1365 2215 1399 comme-

190 1431 580 1485 morationibus
597 1439 776 1484 autem
797 1449 843 1483 v.
870 1432 939 1485 ad
958 1432 1144 1485 Picam
1165 1432 1325 1484 Dom.
1356 1436 1381 1482 1
1410 1431 1548 1482 Adv.

265 1521 331 1573 P.
364 1525 469 1573 103
486 1521 538 1573 b.
561 1521 629 1573 In
649 1526 681 1551 “
696 1520 984 1589 [Salvatorz
1012 1539 1209 1574 amarae
1223 1522 1383 1574 morti
1398 1537 1467 1573 ne
1484 1519 1663 1574 tradas
1680 1517 1845 1587 nos].”
1871 1531 2217 1575 amoveantur

193 1609 403 1671 uncini,
447 1625 618 1676 neque
659 1609 801 1660 enim
836 1609 893 1660 in
931 1610 1321 1679 exemplaribus
1362 1609 1606 1662 omnibus
1647 1608 1764 1661 hoec
1811 1610 1969 1661 verba
2005 1608 2213 1663 desunt.

200 1693 638 1762 Quotiescunque
656 1702 835 1747 autem
853 1711 970 1763 quae
993 1700 1128 1748 inter
1145 1697 1366 1750 uncinos
1388 1714 1422 1749 a
1444 1697 1596 1749 nobis
1613 1696 1786 1766 primo
1810 1697 2008 1750 inserta
2024 1709 2213 1762 essent,

195 1788 386 1849 postea
419 1781 499 1834 vel
535 1798 569 1833 a
598 1781 750 1833 nobis
782 1780 864 1833 vel
897 1782 964 1832 ab
990 1781 1108 1833 aliis
1141 1782 1195 1832 in
1226 1782 1358 1836 libro
1392 1783 1580 1851 quovis
1610 1783 1827 1835 inventa
1858 1782 2071 1847 fuerint,
2094 1784 2212 1837 haee

197 1867 386 1921 eadem
421 1868 671 1920 correctio
701 1866 945 1920 facienda
981 1868 1093 1920 erit.
1151 1868 1468 1937 Cujusmodi
1499 1887 1621 1922 cum
1656 1869 1776 1922 aliis
1811 1871 2213 1939 quibuscunque

197 1955 283 2008 vel
306 1955 492 2008 erratis
516 1954 597 2006 vel
620 1954 932 2006 lectionibus
962 1954 1287 2006 variantibus
1319 1955 1411 2022 qui
1443 1957 1717 2008 nobiscum
1749 1972 1841 2024 per
1872 1956 2214 2025 bibliopolam

197 2050 441 2094 nostrum
465 2041 984 2104 communicaverint,
1001 2035 1259 2109 magnam
1279 2039 1422 2108 apud
1445 2057 1541 2093 nos
1565 2043 1792 2109 gratiam
1816 2042 2046 2094 inibunt.
2074 2043 2215 2094 Con-

200 2126 281 2180 fer
308 2128 476 2180 etiam
499 2144 617 2195 quae
642 2144 801 2197 supra
824 2128 880 2178 in
906 2126 1120 2179 Monito
1145 2145 1196 2196 p.
1222 2127 1292 2178 iv.
1319 2125 1567 2179 diximus.

277 2213 351 2266 In
387 2212 601 2283 Hymno
631 2232 723 2284 pro
763 2213 979 2278 Procul,
1006 2211 1213 2284 procul,
1245 2221 1523 2283 vaqantum
1553 2213 1887 2268 scribendum
1922 2233 2045 2268 cum
2078 2218 2214 2270 anti-

199 2301 464 2370 quissimo
501 2299 563 2368 (v.
592 2302 660 2355 ad
696 2301 783 2354 Pr.
827 2306 893 2354 12
917 2301 970 2371 a)
996 2309 1051 2353 et
1072 2301 1236 2353 altero
1270 2300 1576 2370 (=Gough
1618 2299 1746 2369 171)
1782 2319 1811 2355 e
1845 2302 1992 2355 libris
2025 2307 2214 2358 nostris

198 2389 420 2455 Procul,
460 2390 491 2441 ὂ
521 2389 719 2460 procul,
755 2399 1048 2459 vaqantum,
1083 2388 1178 2442 hic
1219 2399 1281 2443 ut
1321 2389 1450 2443 alibi
1485 2389 1714 2444 admisso
1749 2391 1806 2442 in
1844 2391 1997 2445 initio
2033 2393 2211 2445 versus

196 2478 333 2547 pede
357 2478 642 2548 trisyllabo.

268 2567 341 2620 In
368 2566 552 2619 eodem
579 2566 816 2636 Hymno,
834 2582 885 2635 p.
904 2570 1003 2619 104
1029 2583 1076 2618 a.
1102 2583 1196 2635 pro
1221 2565 1522 2618 Meditatur
1544 2583 1736 2635 sopore,
1756 2564 1899 2633 quod
1923 2567 2210 2634 pessimum

196 2672 258 2708 ae
278 2655 464 2725 potius
496 2654 706 2707 nullum
730 2653 823 2706 dat
845 2661 1090 2717 metrum,
1115 2651 1450 2706 scribendum
1486 2668 1609 2704 cum
1641 2650 1831 2703 iisdem
1862 2651 2012 2704 libris
2033 2652 2211 2703 Medi-

195 2741 400 2795 tabitur
433 2759 612 2812 sopore
632 2742 819 2809 :-qui
841 2748 1021 2794 tamen
1051 2742 1108 2793 in
1138 2739 1323 2792 eodem
1347 2737 1654 2791 tetrasticho
1685 2736 1826 2790 male
1860 2738 2050 2808 legunt
2075 2758 2210 2809 pau-

195 2828 381 2894 lulum,
407 2846 438 2882 e
461 2829 679 2881 meliore
703 2837 757 2882 et
778 2829 1072 2897 antiquiore
1098 2824 1473 2896 orthographia
1489 2823 1731 2897 paullum
1752 2824 1970 2878 fortasse
1993 2835 2182 2879 ortum.

258 2918 326 2970 P.
360 2921 464 2970 104
488 2934 539 2981 a,
562 2915 633 2968 ad
656 2915 816 2968 finem
845 2914 1043 2985 Compi.
1070 2916 1148 2977 ix,
1176 2913 1373 2983 Gough
1398 2917 1467 2966 68
1506 2922 1559 2967 et
1585 2914 1772 2967 Douce
1811 2913 1930 2966 Res.
1966 2913 2203 2967 addunt:

191 3011 222 3037 “
245 3009 330 3060 ita
354 3004 496 3075 quod
519 3006 579 3056 in
601 3003 810 3056 sabbato
835 3005 1086 3056 dicuntur
1107 3020 1276 3055 versus
1299 3004 1359 3054 iu
1382 3003 1637 3072 superiori
1658 3003 1844 3071 qradu,
1863 3012 1911 3054 et
1935 3003 1996 3054 iu
2018 3003 2208 3055 Domi-

193 3099 221 3125 “
244 3092 376 3147 nicei
423 3094 486 3145 in
533 3090 756 3144 seeundd
792 3090 990 3161 formai.
1048 3090 1162 3160 [Cf.
1201 3091 1270 3144 ad
1318 3089 1406 3141 Pr.
1445 3093 1480 3141 3
1523 3089 1602 3158 b.]
1644 3089 1715 3142 In
1755 3087 2044 3141 Dominio-e
2089 3089 2205 3158 [in]

193 3185 223 3211 “
247 3181 448 3235 Ramis
472 3177 784 3233 Palmarum
815 3180 884 3231 ad
907 3189 1180 3248 utrumque
1219 3178 1414 3248 Compl.
1457 3178 1518 3230 in
1550 3178 1808 3248 superiori
1828 3177 1999 3246 yradu
2025 3178 2210 3230 dicun-

194 3273 334 3323 “tur
362 3268 594 3337 [Gough
627 3271 696 3320 68
730 3265 1017 3333 dieantur}
1066 3266 1336 3319 Similiter
1357 3268 1469 3336 fiat
1498 3266 1560 3317 in
1591 3264 1889 3336 duplicibus
1908 3264 2065 3333 sestis
2088 3282 2206 3333 quae

194 3359 223 3385 “
247 3357 403 3426 infra
427 3356 730 3407 Passionem
755 3354 1076 3422 eontinqunt,
1100 3363 1147 3405 et
1180 3355 1432 3407 dicuntur
1466 3353 1524 3405 iu
1548 3350 1739 3422 quartd
1751 3350 1901 3422 serici
1925 3361 2044 3403 ante
2078 3352 2206 3403 Pas-

193 3446 223 3472 “
245 3444 347 3497 elta
369 3444 433 3496 iu
456 3439 686 3496 secundci
696 3438 926 3511 formc‘z'l'

1154 3545 1190 3581 n
1216 3532 1250 3580 3

1567 4309 1700 4342 ›mk-2523.
