2910 4457
1094 423 1170 463 An
1209 422 1502 464 vastum.
2269 405 2352 469 89

241 531 427 582 domus
447 531 595 592 Dm,
635 530 699 580 in
720 533 892 583 medio
912 534 988 584 tui
1022 533 1268 585 Hierusa-

241 592 486 705 Ιωέῑοτὶα
514 654 699 705 Patri.
722 657 787 705 A.
810 655 1038 717 Credidi,
1069 663 1268 719 propter

244 718 377 780 quod
385 718 611 767 locutus
624 730 767 766 sum.

550 803 812 851 Psalmus
844 814 942 850 cxv
971 840 984 853 .

322 865 519 914 audate
542 866 699 913 Dum
721 877 899 914 omnes
970 872 1139 919 entes:
1156 868 1269 917 lau-

324 928 444 975 date
469 940 604 976 eum
637 940 818 974 omnes
840 929 1009 987 populi
1035 944 1048 979 ε

301 989 583 1049 Quoniam
598 988 902 1037 confirmata
918 996 992 1038 est
1009 1003 1158 1050 super
1176 1004 1269 1039 nos

244 1051 618 1099 misericordia
665 1051 819 1110 eJus:
857 1057 906 1100 et
945 1053 1131 1101 veritas
1166 1053 1268 1102 nni

244 1117 420 1160 manet
439 1113 499 1160 in
525 1118 808 1161 aeternum.

304 1174 487 1223 Gloria
531 1174 710 1222 Patri.
756 1176 822 1222 A.
870 1175 1095 1224 Laudate
1128 1175 1267 1224 Dr'im

242 1246 424 1285 omnes
449 1236 680 1286 Gentes,

550 1317 807 1363 Psalmus
838 1317 980 1366 cmix.

342 1378 376 1427 d
394 1379 549 1427 Dfim
579 1377 707 1426 cum
730 1378 999 1428 tribularer
1021 1378 1265 1433 clamavi:

341 1444 392 1488 et
414 1440 697 1490 exaudivit
718 1452 816 1488 me.

302 1501 421 1550 Dfie
444 1503 621 1551 libera
641 1502 869 1549 animam
889 1513 1056 1549 meam
1075 1515 1103 1550 a
1122 1501 1268 1551 labiis

249 1559 478 1622 iniquis:
504 1569 558 1613 et
584 1576 615 1611 a
647 1563 823 1623 lingua
849 1564 1038 1611 dolosa.

309 1623 455 1684 Quid
480 1628 646 1674 detur
670 1625 779 1684 tibi,
800 1631 887 1672 aut
908 1626 1030 1685 quid
1052 1638 1268 1685 appona-

248 1689 331 1733 tur
349 1687 478 1737 tibi:
508 1688 579 1736 ad
606 1687 838 1746 linguam
865 1687 1123 1736 dolosam?

306 1747 525 1806 Sagittae
558 1749 780 1808 potentis
805 1755 992 1799 acutae:
1015 1762 1133 1798 cum
1154 1761 1267 1797 car-

248 1806 476 1859 bonibus
502 1810 847 1859 desolatoriis.

308 1870 432 1921 Heu
472 1873 645 1929 mihi,
684 1872 802 1931 quia
841 1871 1087 1919 incolatus
1121 1884 1266 1921 meus

247 1934 598 1994 prolongatus
618 1937 719 1995 est3
743 1933 966 1981 habitavi
982 1946 1097 1981 cum
1121 1934 1265 1982 habi-

248 1995 487 2045 tantibus
512 1996 710 2046 Cedat:
733 1995 956 2044 multum
984 1995 1146 2044 incola
1170 1996 1267 2044 suit

249 2057 430 2105 anima
447 2071 595 2106 mea.

310 2117 453 2167 Cum
477 2120 570 2167 his
591 2119 677 2179 qui
695 2118 910 2167 oderunt
932 2131 1099 2179 pacem
1124 2130 1264 2168 eram

248 2180 512 2239 pacificus
539 2196 555 2228 ι
593 2178 710 2228 cum
743 2181 981 2242 loquebar
1012 2181 1131 2242 illiS,
1167 2181 1266 2230 im-

250 2243 573 2302 pugnabant
594 2254 674 2290 me
694 2244 866 2303 gratis.

252 2361 300 2410 d·
315 2304 510 2352 Gloria
528 2304 689 2353 Patri.
705 2308 768 2353 A.
793 2304 1037 2367 Clamavi,
1060 2308 1109 2355 et
1121 2318 1268 2354 exau-

288 2365 387 2413 1vit
410 2378 522 2414 me.

570 2445 812 2493 Psalmus
843 2459 967 2494 cxx.

340 2506 495 2554 evavi
545 2507 714 2555 oculos
759 2520 898 2556 meos
937 2509 991 2556 in
1035 2513 1265 2558 montes:

344 2570 490 2617 unde
518 2570 686 2617 veniet
702 2569 950 2617 auxilium
971 2570 1119 2618 mibi.

318 2628 603 2678 Auxilium
630 2644 802 2679 meum
821 2644 851 2679 a
875 2632 987 2680 1)ῆο
1006 2647 1020 2680 t
1041 2632 1131 2691 qui
1153 2631 1267 2680 fecit

260 2690 449 2740 ooelum
468 2698 520 2740 et
541 2698 749 2740 terram.

323 2753 444 2802 Non
469 2755 562 2802 det
588 2754 641 2798 in
668 2752 1055 2800 commotionem
1090 2753 1266 2810 pedem

262 2815 412 2921 {inum
436 2830 452 2863 ι
500 2824 666 2871 neque
706 2812 944 2860 dormitet
980 2813 1070 2872 qui
1104 2818 1269 2861 custo-

301 2875 337 2921 it
358 2882 430 2924 te.

323 2935 458 2986 Ecce
487 2949 590 2985 non
615 2933 938 2991 dormitabit,
967 2947 1130 2995 neque
1152 2936 1271 2984 dor-

266 2997 421 3049 miet:
443 2999 540 3060 qui
560 2996 780 3045 custodit
802 2997 975 3045 Israel.

326 3059 440 3109 Diis
480 3061 700 3109 custodit
749 3063 795 3107 te
812 3097 825 3119 ‚
872 3060 982 3107 Diis
1030 3060 1268 3120 protectio

270 3121 357 3167 tua
375 3137 389 3170 ε
407 3135 563 3182 super
585 3134 798 3170 manum
828 3123 1082 3171 dexteram
1104 3127 1264 3171 tuam.

337 3182 436 3232 Per
470 3185 606 3232 diem
629 3184 701 3231 sol
738 3196 838 3232 non
861 3190 971 3233 urct
994 3190 1040 3233 te
1068 3200 1082 3234 z
1105 3197 1266 3246 neque

271 3238 391 3291 luna
421 3259 510 3305 per
532 3251 747 3293 noctem.

334 3304 447 3355 Dus
488 3308 706 3355 custodit
736 3312 785 3355 te
826 3308 888 3355 ab
919 3308 1060 3355 omni
1102 3308 1264 3359 malo:

276 3371 526 3416 custodiat
578 3370 772 3417 nimam
791 3374 931 3417 tuam
954 3370 1080 3419 Diis,

338 3429 449 3478 Diis
471 3432 539 3478 cu*
584 3431 720 3478 odiat
746 3432 1010 3479 introitum
1030 3437 1197 3489 tuum,
1220 3437 1269 3480 et

279 3489 471 3555 exitum
488 3496 665 3542 tuum:
683 3505 741 3543 ex
758 3492 851 3542 hoc
867 3506 1023 3555 nunc,
1045 3499 1094 3543 et
1107 3505 1269 3555 usque

284 3560 334 3596 m
361 3553 624 3603 saeculum.

1412 534 1601 645 l(inuria
1622 534 1782 585 Patri.
1806 536 1870 586 A.
1893 535 2161 586 Auxilium
2182 549 2356 588 meum

1362 609 1394 646 a
1461 609 1544 646 no.

1429 659 1556 719 Cap.
1577 660 1688 708 Diis
1706 664 1878 709 autern
1898 659 2105 721 dirigat.
2127 661 2193 721 (p.
2223 660 2325 720 88.)

1427 721 1475 768 A
1506 722 1616 769 Dfie
1649 735 1712 770 ne
1753 723 1806 769 in
1852 722 1927 770 ira
1962 736 2117 784 usque
2149 723 2219 770 ad
2256 736 2353 783 ιι,

1431 784 1569 829 ando
1593 783 1653 830 de
1677 783 1742 843 iij
1764 782 1899 842 fer-id
1926 785 2117 846 aqitur,
2139 789 2260 832 tunc
2286 786 2357 833 ad

1419 856 1526 904 esp.
1547 842 1681 903 feria
1699 844 1744 904 ij
1758 844 1944 890 dicitur
1963 859 2170 907 sequens

1728 905 1991 964 Hymnus.

1415 977 1646 1014 inmense
1665 967 1776 1014 coeli
1798 968 2043 1027 conditor,

1418 1027 1521 1086 Qui
1543 1028 1697 1076 mixta
1712 1041 1774 1076 ne
1795 1029 2177 1088 confunderent,

1365 1087 1531 1149 Aquae
1554 1089 1741 1138 fluenta
1762 1089 2012 1150 dividcnS‚

1367 1150 1563 1199 Coelum
1582 1152 1764 1199 dedisti
1792 1153 2006 1201 limitem
2028 1167 2042 1200 ε

1428 1213 1669 1260 Firmans
1686 1214 1850 1262 locum
1877 1215 2180 1276 coelestibus,

1363 1272 1631 1333 Simulque
1652 1279 1794 1324 terrae
1815 1276 2021 1338 rivulis3

1364 1336 1433 1383 Ut
1451 1337 1586 1384 unda
1610 1337 1843 1386 flammas
1864 1343 2117 1400 temperet,

1363 1397 1531 1445 Terrae
1549 1399 1714 1446 solum
1735 1412 1796 1447 ne
1811 1400 2090 1459 dissipent:

1426 1458 1645 1508 Insunde
1668 1474 1821 1520 nunc,
1844 1462 2089 1521 piissime,

1363 1520 1568 1568 Donum
1598 1523 1833 1580 perennis
1855 1523 2057 1583 gratiae3

1365 1582 1584 1630 Fraudis
1606 1595 1746 1630 novae
1770 1595 1830 1630 ne
1845 1583 2046 1631 casibus

1363 1643 1470 1693 Nos
1489 1657 1629 1692 error
1650 1649 1830 1693 atterat
1850 1650 2011 1693 vetus.

1425 1707 1611 1754 Lucem
1637 1706 2054 1757 Fidcsinveniat:

1361 1766 1445 1815 Sic
1462 1768 1677 1817 luminis
1690 1770 1845 1829 jubar
1868 1769 2022 1819 serat:

1361 1831 1483 1878 Haec
1499 1842 1627 1878 vana
1643 1837 1822 1880 cuncta
1843 1836 2041 1890 terreat,

1362 1892 1509 1940 Hanc
1526 1892 1646 1941 salsa
1667 1895 1806 1942 nulla
1826 1895 2183 1954 comprimant.

1425 1954 1634 2012 Praesta,
1659 1955 1805 2003 Pater
1828 1957 2075 2014 piissime.
2101 1959 2172 2015 (p.
2192 1953 2291 2010 88.)

1412 2049 1425 2062 .
1447 2015 1715 2074 Dirigatur
1737 2017 1865 2064 Diie.
1888 2016 2042 2073 (ibid.)

1411 2090 1466 2124 er
1486 2077 1745 2124 AEstatem
1773 2077 2018 2136 Hymnus
2041 2076 2192 2123 Lucis
2217 2088 2355 2125 crea-

1423 2136 1624 2196 tor.(ib.)
1677 2135 1737 2198 ils.
1761 2137 2023 2197 Dirigatur
2048 2137 2178 2185 Dne.

1424 2199 1561 2247 Asta.
1585 2198 1879 2259 Magnificet
1901 2205 1948 2248 te
1962 2210 2159 2257 semper
2180 2198 2354 2247 anima

1361 2273 1514 2370 mezi)
1539 2261 1680 2383 )Deus
1711 2273 1874 2310 meus.
1908 2262 2001 2309 Ps.
2038 2261 2354 2320 Magnificat.

1377 2336 1410 2384 p
1424 2386 1607 2432 Preces
1643 2388 1706 2432 ut
1743 2397 1906 2445 supra
1949 2382 2034 2446 [ad
2059 2383 2355 2434 Matutinus

1358 2447 1417 2494 in
1439 2447 1482 2508 ᾖ
1505 2445 1639 2505 seria
1659 2448 1724 2506 (p.
1746 2447 1808 2496 39
1824 2452 1872 2494 et
1885 2454 2029 2508 seqq.)
2060 2482 2072 2494 .
2094 2447 2272 2494 Oratio
2295 2450 2358 2493 ut

1361 2510 1514 2558 decet.
1549 2508 1800 2557 Memoria
1824 2509 1880 2557 de
1909 2509 1963 2557 S.
2046 2509 2164 2557 aria
2195 2513 2246 2557 et
2271 2520 2354 2555 coe-

1363 2571 1763 2693 ζςῗέἐὶἔεωονίω
1782 2576 1844 2619 ut
1863 2584 2024 2633 supra
2044 2573 2112 2619 ad
2137 2570 2273 2622 Mat.
2295 2571 2355 2618 in

1359 2646 1398 2694 ‘J
1559 2666 1574 2681 .

1615 2751 1827 2801 FERIA
1859 2751 2114 2801 TERTIA

1672 2815 1754 2861 Ad
1788 2814 2044 2873 Vespera-5.

1645 2874 1887 2922 Psalmus
1918 2875 2064 2936 cxoej.

1449 2940 1627 2984 aetatus
1648 2949 1764 2985 sum
1780 2937 1939 2986 inshis
1959 2951 2071 2998 qua}
2087 2938 2219 2987 dicta
2232 2943 2355 2987 sunt

1507 2998 1578 3046 ihi
1599 3015 1612 3049 ε
1636 3000 1687 3047 in
1717 3000 1927 3049 domum
1955 3001 2058 3049 Dni
2082 3002 2290 3049 ibimuS.
2317 3022 2320 3027 ·

1426 3062 1625 3110 Stantes
1633 3067 1775 3111 erant
1790 3064 1935 3122 pedes
1946 3064 2106 3113 nostri
2122 3064 2199 3113 :in
2210 3065 2357 3113 atriis

1361 3125 1466 3172 tuis
1483 3123 1821 3173 Hierusalem.

1423 3186 1741 3235 Hierusalem
1774 3199 1887 3246 quae
1909 3186 2186 3234 aedificatur
2211 3190 2268 3232 ut
2289 3186 2356 3233 ci-

1361 3248 1493 3296 vitas
1528 3264 1541 3297 z
1585 3250 1732 3308 cujus
1779 3247 2099 3307 participatio
2142 3248 2255 3306 ejus
2299 3248 2353 3295 in

1361 3311 1622 3368 idipsum:

1424 3372 1553 3419 Illuc
1600 3372 1738 3419 enim
1789 3369 2121 3418 ascenderunt
2162 3369 2352 3426 tribus,

1363 3433 1530 3480 tribus
1549 3432 1680 3481 Diri:
1703 3431 2051 3480 testimonium
2082 3430 2257 3487 Israel,
2291 3429 2352 3477 ad

1365 3494 1710 3543 confitendum
1735 3491 1929 3539 nomini
1952 3491 2073 3539 Dni.
2225 3550 2235 3560 ·

1432 3554 1565 3615 Quia
1591 3554 1694 3602 illic
1720 3554 1959 3603 sederunt
1978 3552 2121 3601 sedes
2145 3551 2198 3599 in
2218 3551 2359 3611 judi-

2056 3630 2103 3680 8.
