2910 4457
1038 437 1112 478 n>
1152 430 1392 475 tumui.

2188 383 2264 445 21

1344 539 1579 604 AEquans
1601 533 1740 585 Patri
1771 525 2054 581 secundum
2073 515 2273 569 divini-

1295 611 1435 656 tatem
1463 619 1475 652 ι
1499 602 1666 650 minor
1698 598 1846 646 Patre
1867 586 2147 640 secundum
2171 581 2274 628 hu-

1295 668 1603 718 manitatem.

1350 728 1451 790 Qui
1477 727 1590 774 licet
1609 723 1745 771 Deus
1777 718 1843 765 sit
1873 720 1920 764 et
1960 711 2112 760 homo
2136 720 2149 754 τ
2174 713 2274 752 non

1295 793 1390 842 duo
1413 796 1582 836 tamen
1600 820 1612 841 ,
1635 782 1719 829 sed
1742 791 1879 826 unus
1897 780 1971 824 est
1991 770 2246 821 Christus·

1355 853 1507 901 Unus
1564 851 1732 892 autern
1796 851 1896 885 non
1959 829 2283 882 conversione

1295 909 1593 964 Divinitatis
1625 906 1678 953 in
1702 912 1904 950 carnem
1930 912 1943 945 ι
1964 896 2048 943 sed
2071 902 2283 941 assum-

1296 977 1467 1038 ptione
1487 963 1821 1018 humanitatis
1841 961 1892 1007 in
1916 959 2096 1005 Deum.

1362 1038 1513 1085 Unus
1558 1028 1797 1085 omnin03
1845 1033 1944 1069 non
1998 1013 2287 1064 ronmsione

1301 1094 1595 1150 substantiae
1620 1107 1634 1141 ε
1656 1089 1740 1138 sed
1765 1084 1959 1134 unitate
1982 1088 2226 1140 personae.

1366 1161 1495 1211 Nam
1516 1157 1644 1205 sieut
1659 1151 1830 1200 anima
1848 1140 2109 1194 rationalis
2119 1141 2292 1186 etcaro

1306 1235 1441 1273 unus
1461 1225 1534 1270 est
1557 1219 1706 1266 homo
1742 1228 1755 1262 ε
1789 1212 1858 1259 ita
1894 1207 2032 1256 Deus
2063 1207 2110 1251 et
2142 1199 2293 1247 homo

1306 1297 1443 1334 unus
1464 1288 1539 1331 est
1560 1278 1815 1328 Christus,

1371 1346 1474 1407 Qui
1499 1353 1677 1404 passus
1701 1341 1776 1385 est
1799 1346 1887 1395 pro
1908 1329 2070 1379 salute
2091 1326 2262 1373 nostra
2279 1354 2293 1377 ,

1309 1406 1564 1459 deseendit
1576 1404 1638 1451 ad
1655 1400 1841 1449 inferos
1853 1411 1867 1445 ι
1879 1391 2024 1441 tertia
2038 1389 2119 1436 die
2132 1394 2300 1432 resur-

1313 1471 1439 1520 rexit
1461 1481 1487 1515 a
1508 1463 1740 1514 mortuis,

1377 1527 1621 1580 Ascendit
1650 1523 1711 1571 ad
1745 1517 1909 1573 coeloS,
1942 1511 2077 1559 sedet
2090 1506 2151 1555 ad
2185 1504 2305 1551 dex-

1315 1601 1447 1643 tram
1472 1589 1562 1637 Dei
1587 1583 1753 1634 Patris
1772 1570 2130 1634 omnipotentis
2154 1583 2168 1616 :
2190 1564 2307 1613 inde

1317 1659 1567 1705 venturus
1586 1650 1660 1698 est
1678 1642 1903 1705 iudicare
1925 1636 2067 1685 vivos
2090 1634 2138 1680 et
2166 1640 2309 1677 mor-

1321 1725 1465 1828 mffsssd
1490 1773 1640 1834 cujus
1654 1770 1928 1819 adventum
1951 1768 2127 1809 omnes
2146 1750 2312 1802 bomi-

1324 1855 1412 1890 nes
1423 1847 1683 1896 resurgere
1693 1831 1876 1881 habent
1885 1836 2001 1873 cum
2020 1814 2317 1877 corporibus

1324 1904 1461 1953 suis:
1479 1906 1526 1949 et
1551 1893 1796 1947 reddituri
1815 1892 1938 1939 sunt
1958 1880 2179 1934 desuetis
2201 1888 2317 1937 pro⁴

1329 1966 1457 2026 priis
1473 1963 1738 2011 rationem.

1389 2027 1454 2075 Et
1471 2024 1561 2084 qui
1578 2023 1708 2069 bona
1736 2014 1973 2075 egerunt,
1994 2005 2141 2053 ibunt
2173 2000 2226 2046 in
2244 1996 2322 2043 vi·-

1328 2094 1435 2137 tam
1469 2090 1709 2132 aeternam
1750 2093 1764 2126 ι
1796 2072 1886 2133 qui
1924 2078 2040 2117 vero
2071 2061 2233 2116 mala,
2266 2056 2322 2104 in

1334 2152 1507 2209 ignem
1533 2150 1798 2192 aeternum.

1397 2211 1519 2259 Haec
1532 2209 1606 2254 est
1618 2202 1741 2251 fides
1756 2191 2012 2247 catholica
2028 2194 2209 2245 :quam
2227 2177 2326 2226 nisi

1336 2273 1553 2334 quisque
1585 2263 1807 2320 fideliter⁵
1829 2253 2144 2307 firmiterque
2178 2240 2335 2291 credi-

1337 2334 1495 2390 derit,
1514 2328 1684 2378 salvus
1706 2334 1811 2370 esse
1828 2329 1930 2366 non
1948 2309 2146 2374 poterit.

1405 2393 1577 2445 Gloria
1612 2386 1773 2438 Patri.

1407 2458 1471 2505 ln
1511 2449 1741 2502 omnibus
1784 2436 2065 2493 Dominicis
2105 2425 2337 2494 quando-

1344 2531 1536 2581 cunque
1587 2512 1773 2563 dicitur
1837 2504 1929 2553 Ps.
1986 2499 2146 2552 Deus,
2203 2491 2341 2539 Deus

1347 2593 1494 2632 meus
1511 2576 1701 2637 respice
1714 2610 1725 2632 ,
1745 2582 1860 2617 cum
1888 2560 2091 2623 reliquis
2114 2549 2341 2603 Psalmis

1348 2646 1416 2693 ad
1438 2642 1700 2695 Primam,
1725 2633 1919 2681 dicetur
1944 2634 2095 2682 super
2111 2614 2344 2675 Quicun-

1351 2718 1448 2766 que
1491 2704 1591 2750 hoec
1641 2700 1759 2744 Αῆα
1780 2709 1793 2737 .·
1831 2689 1903 2736 'l'e
1941 2685 2104 2731 Deum
2143 2677 2346 2723 Patrem

1354 2764 1641 2826 ingenitum
1657 2794 1669 2815 ,
1688 2756 1759 2803 Te.
1782 2749 1973 2798 Filium
1992 2735 2318 2799 unigenitum
2332 2766 2346 2789 ,

1341 2830 1426 2940 {e
1458 2822 1706 2883 Spiritum
1740 2814 1982 2863 Sanctum
2014 2796 2349 2851 Paraclitum,

1395 2892 1595 2937 anetam
1623 2885 1671 2929 et
1701 2871 2024 2925 Individuam
2050 2859 2353 2913 Trinitatem

1361 2955 1463 3000 toto
1493 2945 1638 2995 corde
1663 2945 1711 2989 et
1736 2949 1819 2985 ore
1844 2931 2169 2983 confitemur,
2189 2919 2357 2969 lauda-

1361 3023 1500 3069 muS‚
1514 3013 1663 3067 atque
1681 2996 2053 3050 benedicimus:
2069 2986 2182 3038 Tibi
2198 2980 2357 3044 gloria

1365 3078 1420 3126 in
1439 3070 1638 3126 saeeula,
1665 3060 1901 3115 Alleluia.

1431 3136 1497 3182 In
1509 3130 1697 3180 caeteris
1710 3130 1878 3173 autem
1891 3119 2038 3167 Dom.
2053 3103 2363 3171 simplicibus

1374 3198 1528 3247 totius
1544 3191 1701 3247 anni,
1719 3180 2009 3236 etom‘nibus
2025 3174 2169 3237 festis
2193 3164 2363 3227 simpl.

1374 3268 1480 3309 tam
1507 3257 1570 3318 iij
1596 3264 1746 3316 quam
1764 3249 1823 3295 ix
1846 3242 2114 3292 lectionum
2143 3244 2257 3280 cum
2288 3240 2369 3274 re-

1373 3320 1562 3384 yimine
1587 3314 1750 3373 chori,
1775 3314 1823 3358 et
1838 3308 1895 3353 in
1930 3298 2133 3350 Octavis
2147 3299 2193 3343 et
2207 3288 2369 3350 infra,

1377 3382 1583 3447 quando
1616 3378 1794 3424 chorus
1827 3367 2038 3427 reyitun
2077 3364 2126 3407 et
2152 3358 2209 3404 in
2239 3363 2371 3398 com-

1380 3435 1827 3493 memorationibus
1871 3430 2040 3477 Beatae
2098 3415 2283 3470 Mariae
2327 3413 2377 3455 et

1381 3506 1503 3569 festi
1529 3502 1647 3563 loci,
1676 3496 1781 3546 nisi
1807 3494 1865 3539 in
1890 3489 2034 3550 festis
2052 3488 2103 3531 et
2114 3483 2374 3527 commem.

1384 3580 1494 3631 quae
1522 3559 1827 3623 continuum
1852 3550 1999 3612 infra
2039 3547 2148 3594 Oct.
2179 3536 2379 3587 Sancta
