2910 4457
203 460 287 511 An
306 462 335 524 5
356 461 570 528 28-67)
951 480 1183 521 mmmm
1211 483 1271 521 ετ
1298 482 1622 523 colmanum.
2242 493 2370 537 xcv

297 612 436 662 Ante
478 611 653 662 omnia
692 626 817 661 vero
858 614 1095 664 notanda
1134 619 1257 666 sunt
1292 631 1619 681 quaecunque
1642 616 1699 667 in
1722 613 1951 681 Proprie
1983 616 2049 669 de
2071 615 2281 670 Sanctis
2305 620 2369 669 de

199 693 345 744 festis
369 692 607 759 singulis,
629 692 762 745 locis
787 694 913 757 suis,
939 693 1084 746 dicta
1103 697 1461 750 inveniuntur.

297 773 336 842 β
365 772 524 843 82.)
548 792 601 842 p.
625 774 697 842 x.)
727 775 931 828 “Lectio
949 778 1085 844 vzjjss’,
1118 779 1207 829 hic
1230 785 1284 830 et
1305 782 1520 846 passim,
1547 797 1646 832 om.
1672 778 1753 846 L.]
1779 781 1910 832 Haec
1933 784 2210 850 sententia,
2244 792 2370 851 post

199 872 353 923 quam
377 858 736 925 paragraphus
761 875 933 911 novus
956 862 1253 927 incipiatur,
1276 864 1352 913 ita
1376 864 1620 930 augenda
1644 871 1748 915 est:

301 937 507 991 “Lectio
536 939 674 1005 ΜΞΝ,
709 942 852 1005 quod
880 943 937 992 in
969 944 1123 995 Brcv.
1155 946 1305 996 Rom.
1339 947 1478 996 inter
1509 946 1717 997 titulum
1744 947 1954 998 “Lectio
1994 951 2167 1002 sancti
2188 951 2365 1001 Euan-

200 1020 387 1087 “geni'‘
418 1026 515 1072 cet.
546 1027 595 1072 et
621 1024 739 1088 ipsa
754 1024 1036 1091 Euangelii
1058 1025 1220 1077 verba
1241 1028 1525 1091 invenitur,
1543 1028 1632 1078 hic
1652 1034 1704 1079 ct
1727 1030 1940 1095 passim,
1962 1032 2174 1096 quando
2192 1033 2366 1083 Euan·

191 1104 388 1170 gelium
413 1106 704 1170 exponitur,
732 1122 832 1157 om.
856 1108 915 1158 L.
941 1109 1032 1159 Sic
1055 1110 1210 1159 ctiam
1232 1110 1320 1161 Pr.
1343 1110 1388 1160 L
1413 1110 1488 1176 (v.
1512 1110 1579 1160 ad
1603 1112 1633 1172 ἓ
1658 1112 1760 1177 93).

291 1184 331 1254 §
359 1184 518 1256 49.)
537 1206 587 1256 p.
604 1189 805 1253 xivsad
824 1190 980 1241 lineae
996 1192 1295 1257 penultimas
1318 1193 1477 1243 finem
1499 1194 1658 1244 adde:
1674 1222 1743 1232 —·
1763 1194 1842 1245 Cf.
1861 1196 1919 1246 in
1939 1194 2121 1247 Officio
2141 1198 2365 1264 Deposi-

190 1271 351 1322 tionis
389 1272 442 1323 S.
467 1272 659 1323 Ceddae
688 1273 744 1323 in
776 1274 862 1324 Pr.
885 1275 930 1324 L
950 1272 1028 1341 (v.
1053 1275 1120 1325 ad
1144 1276 1175 1337 ἓ
1198 1275 1285 1340 93)
1315 1273 1433 1328 “Ps.
1450 1276 1683 1328 llaudate
1704 1277 1904 1344 pucri.’'
1929 1284 1991 1344 et¹
2008 1279 2083 1343 “R
2108 1280 2246 1347 (iizj).
2270 1281 2363 1332 lle-

195 1355 345 1421 “gem
372 1354 566 1407 Christi
590 1357 680 1421 qui
703 1357 782 1406 sic
803 1355 1093 1407 tenuerat'’.

290 1435 330 1503 §
364 1436 520 1505 67.)
549 1436 618 1488 In
642 1437 1092 1502 Annotationibus,
1113 1443 1238 1504 post
1261 1455 1324 1490 ea
1346 1456 1479 1505 quae,
1509 1439 1610 1494 “In
1635 1440 1821 1492 Natali
1851 1441 2013 1495 Unius
2046 1441 2364 1510 Confessoris

195 1521 274 1571 “et
300 1520 579 1572 Doctori3'’
604 1520 840 1585 dicenda,
869 1538 934 1572 ex
955 1522 999 1571 L
1025 1522 1288 1588 exscripta
1310 1528 1448 1585 sunt,
1473 1522 1633 1573 adde:

286 1603 351 1653 In
378 1602 567 1668 quibus
590 1603 882 1653 notandum
905 1609 986 1653 est
1005 1604 1189 1669 prime,
1214 1619 1276 1654 ea
1301 1620 1417 1669 quae
1433 1611 1556 1670 post
1575 1604 1873 1671 Capitulum
1891 1609 2114 1674 primum
2133 1624 2361 1674 sequun-

187 1691 288 1751 tur,
311 1702 423 1737 non
446 1690 505 1736 ut
528 1686 705 1736 Officii
728 1686 792 1736 dc
818 1686 870 1736 S.
894 1686 1193 1753 Augustino
1217 1693 1434 1752 partem,
1473 1688 1567 1737 sed
1589 1694 1650 1738 ut
1672 1689 1738 1740 ab
1762 1690 1972 1743 rubrica
1993 1692 2243 1756 secunda,
2276 1694 2362 1744 vel

188 1785 220 1818 a
241 1769 449 1822 duabus
482 1770 679 1835 primi3‚
714 1770 1063 1835 exceptiones,
1098 1770 1398 1835 ubicunque
1421 1770 1555 1821 tales
1578 1772 1634 1822 in
1657 1772 1878 1838 Proprio
1913 1774 1976 1824 de
2001 1774 2208 1825 Sanctis
2230 1792 2362 1843 prae-

185 1854 396 1918 scriptae
428 1852 518 1902 vel
548 1852 947 1917 praescribendae
979 1858 1170 1916 essent,
1206 1855 1478 1919 proposita
1511 1868 1661 1916 esse,‘
1690 1854 1747 1905 id
1770 1855 1911 1920 quod
1936 1872 2043 1907 non
2069 1873 2131 1908 eo
2156 1864 2362 1908 tantum

182 1935 456 2000 probatur,
476 1935 617 2001 quod
633 1937 688 1985 in
703 1935 968 1999 Oratione,
985 1952 1094 1986 non
1106 1937 1157 1987 S.
1172 1936 1457 2002 Augustini
1469 1953 1677 2002 nomen,
1697 1938 1789 1988 sed
1807 1937 1937 1988 “N.‘’
1949 1945 2153 1990 tantum
2170 1940 2361 1991 habea·

183 2033 319 2081 mus,
353 2034 539 2069 verum
574 2020 729 2070 ctiam
764 2018 906 2084 quod
937 2019 993 2068 in
1025 2019 1245 2083 Proprio
1282 2019 1349 2069 de
1382 2021 1655 2086 Tempore,
1690 2026 1798 2070 tam
1829 2021 1884 2071 in
1916 2023 2034 2088 ipso
2059 2023 2102 2072 L
2127 2038 2283 2088 quam
2304 2024 2360 2072 in

180 2099 442 2165 imPresso
477 2100 520 2149 B
548 2100 723 2167 (quem
748 2102 919 2152 solum
941 2102 996 2150 in
1019 2101 1173 2150 Parte
1198 2100 1445 2152 AEstivali
1470 2117 1614 2152 nunc
1636 2102 1702 2151 ad
1725 2118 1938 2152 manum
1955 2104 2147 2170 habeo)
2175 2104 2358 2155 Oratio

181 2183 401 2249 propria
423 2183 739 2249 inveniatur,
764 2183 992 2235 scilicet:

282 2267 346 2315 In
370 2267 449 2316 L:
477 2268 653 2318 “Deus
679 2269 769 2333 qui
793 2268 855 2318 B.
881 2267 1236 2334 Augustinum
1253 2264 1494 2317 Ecclesie
1511 2272 1601 2316 tue
1618 2267 1672 2316 in
1693 2266 2016 2333 exponendis
2036 2282 2183 2318 sacre
2201 2267 2359 2335 scrip-

182 2346 329 2399 “ture
360 2350 612 2415 misterijs
645 2351 928 2401 Doctorem
963 2349 1294 2399 Catholicum
1326 2349 1634 2414 prouidisti3
1670 2348 1737 2398 da
1763 2349 1919 2400 nobis
1945 2350 2056 2400 eius
2080 2365 2286 2416 semper
2309 2355 2358 2398 ct

183 2431 472 2483 “doctrinis
494 2433 686 2483 instrui
707 2437 762 2483 ct
786 2432 1110 2483 orationibus
1134 2430 1360 2482 fulciri.’'
1386 2459 1440 2470 --
1470 2432 1533 2481 In
1556 2432 1627 2481 B:
1656 2433 1831 2483 “Deus
1852 2460 1915 2468 —
1933 2433 2186 2499 scripture
2211 2448 2358 2483 sacre
2388 2471 2395 2476 .

183 2516 489 2580 “mysterijs
516 2537 579 2550 -
602 2516 806 2566 institui
830 2521 882 2566 et
905 2516 1142 2566 oratione
1164 2513 1387 2565 fulciri.’‘

278 2598 440 2659 Quod
464 2603 642 2648 autem
662 2600 717 2648 in
740 2599 844 2650 hoc
869 2598 1065 2649 codicis
1082 2598 1252 2648 nostri
1270 2598 1546 2649 Communi
1568 2599 1771 2665 integra
1789 2597 2066 2663 Euangelii
2082 2597 2359 2662 Expositio

177 2686 273 2744 est,
312 2683 371 2731 in
393 2682 620 2746 Proprio
646 2681 710 2730 de
736 2683 992 2747 Tempore
1009 2678 1089 2746 (in
1114 2681 1188 2744 B;
1222 2697 1352 2731 nam
1376 2681 1430 2730 in
1454 2681 1499 2729 L
1527 2685 1648 2747 post
1669 2681 1820 2731 Noct.
1844 2680 1895 2729 ΙΙ
1917 2680 2050 2730 nihil
2073 2678 2218 2730 aliud
2241 2695 2361 2745 pro-

173 2765 351 2831 prium
386 2762 699 2828 invenitur),
731 2764 809 2813 ita
843 2763 1053 2828 quidem
1086 2764 1353 2829 scriptum,
1389 2761 1511 2812 “Sal
1535 2790 1601 2800 --
1623 2764 1929 2814 vniuersum
1959 2763 2011 2812 h.
2049 2778 2093 2813 c.
2126 2780 2179 2829 g.
2213 2763 2276 2812 T.
2311 2777 2362 2813 e.

176 2848 259 2896 “n.
284 2847 336 2898 h.
361 2863 416 2897 n.
443 2862 515 2908 s.;
541 2846 668 2895 salis
694 2861 838 2909 vere,
861 2845 1024 2898 Verbi
1049 2846 1322 2911 sapientia.
1359 2846 1514 2907 Quod
1539 2852 1712 2895 autem
1735 2845 2005 2910 apostolos
2031 2861 2155 2896 suos
2178 2845 2362 2895 celesti

176 2930 272 2979 “ac
295 2958 364 2967 —
387 2929 483 2995 qui
520 2935 730 2978 terrena
763 2932 968 2978 tantum
1002 2929 1241 2993 sapiunt;
1280 2929 1369 2992 qui
1392 2955 1458 2965 —-·
1484 2944 1584 2995 que
1608 2943 1708 2978 nec
1731 2928 1842 2978 dari
1863 2935 2088 2993 possunt
2117 2927 2193 2995 [in
2209 2927 2359 2992 libro,

175 3011 404 3080 “potest]
432 3011 502 3061 ab
527 3010 826 3062 hominibus
851 3026 950 3061 nec
973 3010 1227 3074 auferri.''‚
1254 3012 1477 3077 septima
1498 3017 1701 3060 tantum
1726 3016 1805 3060 est
1827 3009 2001 3060 lectio.

272 3096 339 3145 In
376 3093 548 3160 Cap’o
582 3100 755 3143 autem
789 3093 856 3143 ad
890 3093 1113 3156 Sextam,
1137 3094 1277 3144 idem
1299 3094 1574 3159 Proprium
1601 3093 1663 3143 de
1687 3094 1960 3159 Tempore,
1989 3109 2107 3144 cum
2131 3094 2360 3161 Vulgata

172 3176 246 3242 (v.
271 3193 324 3242 p.
352 3193 445 3240 xx,
472 3175 713 3226 notulam
736 3175 802 3244 e),
832 3175 1134 3226 “cantores'’
1158 3181 1210 3226 et
1237 3175 1482 3226 “modos”
1505 3175 1680 3226 habet.

271 3259 360 3309 Ad
392 3260 605 3310 Nonam
627 3275 752 3309 vero
786 3258 925 3309 idem
957 3275 1051 3325 pro
1090 3260 1171 3309 “ct
1193 3260 1250 3307 in
1280 3259 1452 3308 medio
1488 3258 1673 3323 populi
1707 3258 1790 3307 sui
1815 3257 2186 3324 gloriabitur.'’,
2217 3257 2358 3323 quod

170 3357 356 3393 versus
391 3341 553 3408 primi
577 3341 697 3391 finis
730 3347 824 3405 est,
860 3357 1069 3392 versum
1095 3345 1140 3404 3,
1166 3340 1369 3391 scilicet
1394 3342 1476 3390 “et
1508 3341 1563 3389 in
1588 3340 1758 3390 medio
1784 3340 1967 3406 populi
2001 3342 2082 3391 sui
2107 3341 2356 3392 exaltabi-

173 3425 303 3488 “tur,
328 3429 382 3475 et
404 3426 463 3474 in
489 3422 821 3489 plenitudine
846 3430 1029 3474 sancta
1052 3421 1440 3486 admirabitur'’,
1467 3423 1660 3473 omisso
1693 3423 1853 3485 “sui''‚
1875 3422 2049 3472 habet.
2074 3449 2138 3457 -—-
2163 3423 2225 3471 In
2251 3439 2356 3486 quo

172 3505 588 3560 “admirabitur'’
611 3521 770 3556 sensu
792 3508 1006 3573 passivo
1028 3506 1445 3572 intelligendum.
1471 3505 1668 3557 Versus
1694 3512 1866 3556 autem
1885 3510 1914 3557 3
1935 3511 1987 3555 et
2004 3508 2035 3553 4
2054 3504 2192 3570 apud
2210 3505 2357 3555 LXX

167 3587 494 3655 Interpretes
520 3604 630 3639 non
655 3588 918 3656 leguntur.

271 3672 346 3722 Ut
394 3677 576 3722 autem
624 3671 690 3721 ad
730 3673 1057 3722 Breviarium
1106 3676 1357 3735 nostrum,
1405 3669 1794 3722 Sarisbum'ense
1840 3669 2042 3720 scilicet
2087 3668 2358 3721 Commune

161 3751 238 3822 (v,
261 3756 420 3806 Fasc.
456 3754 498 3819 Ι,
533 3772 584 3820 p.
620 3755 739 3824 vii),
763 3756 1051 3818 redeamus,
1079 3782 1141 3792 —-
1164 3772 1271 3805 non
1307 3755 1460 3805 aliter
1483 3757 1538 3804 in
1560 3755 1663 3805 hoc
1687 3755 1976 3804 Doctorum
2012 3769 2168 3818 quam
2192 3756 2246 3803 in
2273 3770 2356 3804 ce-

165 3846 402 3890 terorum
439 3837 821 3905 confessorum
855 3839 1255 3901 CommunibuS,
1304 3836 1493 3888 Officia
1531 3855 1594 3888 ex
1629 3837 1812 3888 eodem
1845 3841 1895 3887 et
1930 3852 1995 3886 ex
2027 3838 2246 3904 Proprio
2295 3837 2358 3887 de

168 3924 385 3976 Sanctis
411 3921 674 3972 discenda
695 3927 832 3973 sunt.
859 3920 937 3973 Cf.
964 3929 1137 3974 autem
1162 3921 1229 3972 ad
1252 3922 1281 3984 ἓ
1307 3925 1386 3986 72,
1411 3921 1480 3972 ad
1502 3922 1674 3973 finem.
