2910 4457
658 573 764 634 De
793 562 1177 630 hebdomada
1204 567 1435 647 quarta
1463 565 1784 629 Adventus
1811 566 1985 629 D'ni.

382 765 495 816 Lit.
523 760 687 812 Dom.
715 754 814 826 A.)
840 770 1011 822 usque
1035 752 1104 805 ad
1127 754 1195 806 Ἡ.
1221 752 1363 803 tertii
1387 749 1564 820 noct.]
1592 751 1641 802 Ι.
1670 769 1716 803 e.
1743 751 2032 806 exclusive.

380 855 415 881 “
432 849 556 901 Inv.
582 845 763 897 Hodie
785 839 991 894 scietis’'
1016 847 1097 891 est
1118 839 1486 890 invitatorium
1512 837 1636 906 Vig.
1663 837 1845 890 Nativ.
1876 838 1999 890 D’ni
2021 858 2034 901 ;
2069 839 2212 907 quod
2248 857 2326 893 so-

301 941 436 991 lum
472 936 539 988 de
560 932 758 1003 Vigilia
781 931 838 982 in
862 929 1032 1000 priore
1057 925 1233 979 Officii
1263 933 1412 994 parte
1437 924 1623 977 Officio
1663 925 1949 978 Dominico
1985 926 2325 980 inserendum

310 1033 417 1078 est.

400 1109 529 1161 Post
551 1106 749 1176 respice.
775 1103 931 1165 adde,
960 1104 1039 1172 [et
1062 1107 1317 1169 quattuor
1339 1098 1583 1169 proxime
1608 1099 2005 1169 sequentibus]

395 1196 506 1249 Lit.
542 1194 702 1247 Dom.
741 1188 836 1261 C.)
877 1189 1006 1242 Post
1039 1188 1304 1258 auferetur
1340 1186 1495 1251 adde,
1534 1185 1615 1257 (p.
1653 1191 1722 1238 34
1759 1185 1867 1258 b.):
1904 1196 2023 1256 post
2057 1188 2222 1240 Beata
2259 1206 2326 1251 es,

314 1286 392 1355 (p.
420 1286 492 1336 23
516 1283 586 1351 a.)

384 1373 497 1426 Lit.
527 1371 691 1423 Dom.
719 1364 818 1436 E.)
847 1364 977 1417 Post
1002 1362 1118 1416 Sub
1146 1372 1288 1414 tuam
1312 1361 1466 1425 adde,
1487 1360 1569 1432 (p.
1600 1367 1665 1415 19
1688 1360 1774 1432 b.)

382 1479 438 1531 p.
464 1463 533 1512 34
557 1459 612 1511 b.
639 1459 709 1508 36
732 1457 787 1508 b.
814 1462 869 1506 et
890 1458 960 1506 37
981 1454 1035 1504 b.
1062 1451 1131 1503 A.
1160 1447 1253 1515 0.]
1283 1450 1348 1502 V.
1376 1450 1445 1519 ad
1469 1467 1523 1519 p.
1549 1453 1618 1502 28
1636 1451 1690 1502 b.

383 1566 437 1618 p.
466 1550 537 1599 36
561 1546 615 1598 b.
647 1541 897 1602 Quotidie
920 1536 1046 1604 &c.]
1075 1537 1161 1590 Cf.
1184 1536 1343 1589 hebd.
1374 1541 1397 1587 1
1427 1535 1563 1587 Adv.

385 1653 441 1704 p.
468 1637 538 1685 38
563 1632 618 1684 b.
645 1630 793 1683 An'ae
819 1633 851 1679 5
879 1634 933 1678 et
956 1630 990 1677 6
1015 1624 1295 1677 Memoriae
1321 1623 1386 1675 de
1409 1621 1658 1675 Adventu
1685 1622 1741 1673 in
1777 1621 1964 1690 primis
2000 1628 2054 1673 et
2088 1620 2330 1673 secundis

314 1723 375 1775 S.
402 1720 627 1772 Thomae
653 1715 898 1784 Vesperis
932 1710 1187 1765 faciendae
1223 1710 1531 1762 inserviunt.
1594 1709 1680 1760 De
1716 1707 1984 1760 additione
2007 1718 2192 1766 autem
2216 1724 2326 1760 ver-

310 1811 509 1862 borum
534 1810 565 1836 “
586 1806 681 1857 Ps.
708 1800 931 1871 Magn.''
953 1817 1003 1852 V.
1030 1799 1100 1852 ad
1123 1816 1177 1869 p.
1208 1802 1272 1850 18
1297 1815 1348 1850 a.

388 1895 461 1947 In
486 1894 555 1946 A.
582 1896 616 1945 6
639 1908 735 1962 pro
760 1894 792 1919 “
811 1889 858 1942 O
881 1886 1001 1943 rex''
1025 1903 1125 1939 scr.
1151 1888 1183 1915 ‘⁴
1202 1884 1249 1937 O
1275 1884 1439 1938 Rex'’.

386 1981 639 2053 differtur
663 1980 723 2030 in
747 1978 793 2047 ij
804 1973 1034 2046 seriam]
1060 1973 1128 2025 V.
1154 1990 1208 2042 p.
1235 1976 1269 2024 9
1291 1973 1342 2025 b.
1368 1989 1552 2042 parag.
1584 1976 1630 2034 1,
1656 1978 1709 2022 et
1731 1987 1782 2039 p.
1807 1974 1878 2022 37
1900 1970 1954 2021 b.
1980 1986 2161 2038 parag.
2190 1973 2242 2021 6.

387 2069 544 2122 Dicit
566 2066 722 2134 D’ns]
748 2063 919 2129 Adde,
946 2060 1029 2133 (p.
1054 2065 1125 2113 37
1148 2058 1251 2130 1).).

1197 2269 1437 2283 —

313 2420 716 2503 (CoNchslo
744 2432 998 2495 sequens
1020 2412 1108 2473 ad
1119 2410 1399 2491 priorem
1429 2404 1667 2469 tantiam
1699 2403 2144 2483 brevioremque
2164 2401 2323 2463 Edi-

399 2523 629 2585 tionem
677 2522 953 2599 spectat:
1010 2515 1086 2577 de
1135 2515 1253 2576 hac
1292 2509 1495 2574 alterd
1539 2510 1846 2589 multoque
1892 2508 2091 2594 magis
2139 2504 2324 2568 auctd

394 2624 697 2688 Editioue
712 2622 906 2702 plura
934 2618 1074 2681 vide
1089 2622 1239 2698 post
1266 2613 1658 2694 ADDENDA.)
1760 2614 1771 2634 ³

379 2770 607 2822 DEcrEs
632 2751 786 2835 plura
808 2762 1115 2832 scripsimus
1137 2759 1307 2828 quam
1331 2756 1553 2810 scribere
1578 2753 1942 2805 volueramus:
1980 2765 2153 2818 neque
2177 2750 2322 2803 enim

300 2864 406 2913 aut
428 2855 554 2908 libri
577 2852 737 2906 nimis
760 2850 854 2903 diu
870 2849 989 2918 jam
1013 2848 1210 2900 frustra
1227 2843 1493 2914 expectati
1515 2855 1726 2893 moram
1749 2837 2139 2908 productiorem
2164 2836 2321 2891 facile

302 2945 636 3005 ferebamus,
661 2946 761 2992 aut
783 2954 907 3001 non,
932 2953 1057 3005 quae
1080 2934 1182 3003 ipsi
1204 2930 1510 2986 accuratius
1532 2926 1781 2990 ediscere,
1804 2922 1979 2995 potius
2002 2924 2169 2993 quam
2194 2925 2324 2978 alios

305 3037 495 3089 docere
519 3030 919 3096 maluissemus,
945 3044 1009 3079 ea
1038 3026 1157 3095 jam
1191 3025 1248 3075 in
1284 3023 1396 3091 ipso
1433 3018 1570 3072 tanti
1603 3018 1773 3086 operis
1807 3015 1993 3068 limine
2016 3031 2108 3083 per
2131 3016 2326 3085 scripta.

303 3123 526 3194 publica
563 3118 847 3188 explicare,
895 3125 948 3169 et
986 3113 1278 3166 molestum
1326 3116 1381 3162 et
1425 3106 1784 3176 periculosum
1832 3110 1960 3156 erat.
2036 3101 2158 3163 Quo
2200 3100 2323 3154 verb

302 3211 484 3279 magis
521 3221 639 3259 rem
677 3210 847 3255 totam
888 3202 1069 3253 animo
1104 3211 1447 3258 ‘versam-emm,
1485 3210 1546 3246 eo
1581 3191 1757 3261 magis
1793 3198 1950 3258 atque
1984 3189 2158 3257 magis
2191 3204 2324 3257 prae·

303 3296 595 3352 ferendum
618 3290 914 3354 videbatur,
939 3288 1150 3342 etiamsi
1173 3283 1444 3339 accederet
1469 3298 1621 3333 mora
1653 3276 1988 3346 aliquantula
2018 3275 2075 3326 in
2102 3274 2323 3338 edendo,

302 3385 507 3437 librum
546 3389 736 3433 tamen
777 3374 1166 3445 intelligibilem
1204 3370 1373 3435 edere,
1409 3366 1586 3439 potius
1623 3382 1789 3436 quam
1831 3364 1942 3416 sine
1981 3360 2130 3413 mora
2172 3360 2323 3413 edere

302 3472 446 3543 quod
474 3485 614 3525 cum
638 3465 791 3519 mora
818 3464 993 3518 multa
1019 3480 1053 3516 a
1072 3461 1355 3515 lectoribus
1383 3458 1641 3528 plerisque
1663 3450 1954 3523 legendum
1977 3448 2187 3511 fuisset3
2224 3463 2321 3499 nec
