2910 4457
614 317 733 380 101·

665 450 710 503 Ο
732 454 953 500 tortuose
971 462 1177 511 serpens

603 512 707 625 gui
729 513 867 562 mille
888 525 973 572 per
996 485 1277 561 maeandros

649 576 928 634 raudesque
953 574 1197 622 flexuosas

607 637 658 688 Δ
699 637 794 685 itas
847 637 977 683 uicta
1000 636 1168 684 corda.

664 651 811 746 {lisca
849 710 898 756 e;
923 696 1156 746 Christus
1177 694 1258 745 hic
1273 701 1346 745 est
1367 711 1380 744 ε

604 758 837 810 Christus
857 757 939 808 hic
960 764 1034 807 est
1051 771 1065 819 3
1089 759 1337 819 liquesce:

604 821 824 881 Signum
846 821 980 880 quod
1004 821 1109 881 ipse
1125 820 1256 869 nosti

603 882 825 930 Damnat
847 887 988 930 tuam
1017 889 1287 932 catervam.

666 943 861 1003 Corpus
882 944 994 993 licet
1015 945 1248 994 fatiscens

603 1004 773 1054 Jaceat
796 1007 977 1055 reclivc
1000 1008 1206 1067 paulum
1233 1023 1246 1056 t

605 1066 866 1120 Christum
891 1074 1057 1116 tamen
1081 1070 1177 1117 sub
1192 1070 1302 1129 ipso

602 1128 881 1182 Meditatur
898 1143 1091 1189 sopore.

666 1191 839 1240 Gloria
855 1197 1039 1240 aeterno
1054 1194 1221 1252 Patri,

602 1250 668 1301 Et
690 1252 890 1302 Christo
910 1266 1028 1302 vero
1048 1256 1205 1315 Regi,

602 1313 951 1376 Paraclitoquc
971 1316 1151 1366 Sancto
1172 1333 1184 1366 :

602 1375 667 1425 Et
691 1389 827 1424 nunc
852 1377 970 1425 etin
997 1385 1312 1440 perpetuum.
1338 1378 1526 1429 Amen.

718 1473 731 1486 .
758 1438 964 1488 Custodi
986 1453 1093 1489 noS.

714 1513 757 1549 s.
788 1501 936 1550 Nunc
962 1502 1197 1553 dimittis.
1219 1503 1282 1554 A.
1315 1503 1358 1553 Ο
1384 1516 1469 1554 rex
1491 1503 1595 1564 glo-

605 1561 737 1611 riose
754 1562 884 1611 inter
901 1564 1113 1613 Sanctos
1128 1571 1241 1614 tuos
1253 1602 1267 1625 ‚
1293 1565 1383 1626 qui
1397 1578 1593 1625 semper

603 1636 658 1673 es
679 1623 968 1683 laudabiliS‚
1001 1632 1051 1674 et
1084 1633 1255 1678 tamen
1289 1628 1592 1676 ineffabilis:

603 1690 662 1733 tu
693 1685 746 1732 in
781 1686 926 1734 nobis
946 1699 999 1734 es
1025 1688 1165 1746 Due,
1189 1694 1238 1737 et
1262 1702 1445 1737 nomen
1475 1701 1595 1736 san-

603 1751 741 1795 ctum
790 1751 937 1794 tuum
986 1749 1275 1797 invocatum
1320 1756 1395 1798 est
1440 1763 1592 1809 super

603 1820 698 1856 nos
722 1823 735 1857 :
765 1820 828 1855 ne
848 1808 1169 1868 derelinquas
1200 1823 1292 1859 nos
1327 1812 1463 1859 Deus
1483 1823 1593 1861 nos-

602 1874 698 1927 ter;
734 1873 797 1939 ut.
822 1869 877 1918 in
910 1870 991 1918 die
1010 1871 1192 1929 judicii
1226 1885 1318 1921 nos
1353 1873 1593 1923 collocare

602 1931 852 1990 digneris,
901 1933 1040 1981 Inter
1077 1938 1278 1982 sanctos
1325 1941 1373 1984 et
1414 1936 1594 1984 electos

603 1997 748 2052 tuOS,
771 1994 877 2042 Rex
902 1994 1176 2046 benedicte.
1205 1994 1267 2057 ils.
1301 1998 1408 2047 Rex
1440 1998 1591 2052 bene-

602 2055 762 2115 dicte,
797 2062 909 2104 tuos
931 2068 1017 2116 per
1053 2071 1285 2118 prospera
1307 2060 1470 2121 dirige
1494 2072 1594 2109 ser-

604 2128 713 2165 voS.
771 2119 928 2168 Inter.
984 2124 1032 2168 et
1072 2121 1260 2169 dicitur
1305 2135 1461 2183 usque
1523 2122 1594 2171 ad

599 2177 753 2240 finem
771 2185 902 2253 αῑιαι.
926 2182 1073 2231 Alius
1101 2179 1162 2245 §ls-
1186 2186 1254 2235 Ut
1275 2188 1474 2245 tergant
1501 2184 1595 2234 ml-

604 2253 746 2314 seras
768 2256 850 2303 pla
865 2257 951 2304 per
966 2246 1164 2305 jeJ'unia
1179 2250 1373 2308 culpas,
1395 2249 1500 2297 Rex
1516 2249 1595 2297 be-

604 2304 816 2353 nedicte.
874 2307 1021 2354 Alius
1085 2307 1147 2368 ἵν.
1202 2312 1372 2371 Atque
1427 2311 1596 2359 colant

604 2377 731 2426 pure
762 2367 989 2417 solennia
1021 2372 1235 2430 mystica
1267 2373 1491 2423 Paschae.
1513 2374 1595 2421 In-

604 2432 679 2474 ter
695 2428 903 2477 Sanctos
919 2435 967 2477 et
980 2431 1157 2482 electos
1174 2439 1304 2495 ῑιιοε,
1323 2436 1428 2485 Rex
1446 2435 1595 2484 bene-

607 2488 756 2537 dicte.
778 2502 934 2550 usque
956 2493 1190 2555 adfinem
1211 2501 1343 2545 afioe.

669 2551 782 2598 Hoc
846 2551 1040 2614 Compl.
1101 2557 1290 2606 dicitur
1364 2557 1593 2620 ‘quotidie

605 2624 760 2674 usque
800 2614 872 2661 ad
911 2614 1116 2667 Coenam
1156 2620 1265 2667 Diii
1299 2620 1592 2681 supradicto

603 2676 778 2732 modo,
819 2676 877 2725 de
897 2690 1189 2743 quocunque
1221 2682 1281 2743 fit
1311 2682 1590 2737 servitium,

605 2743 812 2798 eoecepto
827 2741 960 2800 quod
977 2741 1035 2788 in
1055 2742 1200 2803 feriis
1219 2759 1325 2792 non
1349 2745 1594 2792 dicantur

605 2809 782 2847 versu-s
795 2806 915 2861 post
936 2803 1029 2851 Ps.
1056 2806 1204 2855 Nunc
1231 2807 1468 2856 dimittis·

931 2863 961 2926 ς
994 2866 1185 2929 Compl.
1207 2882 1265 2920 x.

667 2922 867 2995 feria-v
878 2925 936 2972 in
950 2927 1112 2977 -Coena
1127 2929 1236 2978 Dm·
1244 2934 1314 2980 ad
1327 2931 1520 2991 Compl.
1536 2929 1593 2978 in

603 2995 786 3054 primis
813 2988 1072 3057 inchoetur
1091 2991 1154 3038 ab
1175 2999 1433 3041 executore
1453 2990 1597 3053 officii

605 3058 712 3092 ana
748 3045 982 3119 Cirristus
1017 3052 1176 3101 sactus
1202 3060 1276 3101 est
1310 3055 1419 3101 sine
1449 3058 1592 3102 nota.

605 3106 830 3179 Psalmi,
881 3110 1010 3160 Cum
1077 3115 1383 3164 invocarem.
1438 3116 1499 3163 In
1548 3119 1597 3164 te

605 3169 871 3241 Due.·Ecce
886 3185 1042 3223 nunc.
1059 3176 1207 3225 Nunc
1228 3176 1466 3226 dimittis,
1486 3177 1595 3225 sine

607 3230 779 3279 Gloria
801 3233 959 3285 Patri.
990 3237 1119 3285 Post
1136 3239 1372 3287 Psalmos
1407 3238 1596 3286 dicitur

609 3296 714 3340 tota
731 3295 793 3364 4¹·
811 3294 1047 3347 Christus
1067 3298 1228 3349 sactus
1247 3306 1322 3349 est
1343 3313 1432 3361 pro
1449 3301 1596 3350 nobis

606 3354 842 3403 obed1cns
864 3369 1023 3418 usque
1055 3362 1117 3410 ad
1156 3370 1372 3414 mortem
1413 3380 1426 3414 ε
1460 3375 1597 3412 mor-

606 3421 707 3465 tem
729 3422 896 3467 autem
925 3423 1108 3471 crucis,

669 3478 860 3530 Deinde
898 3483 1037 3532 dicat
1080 3485 1322 3535 Sacerdos
1366 3489 1475 3537 Diis
1510 3500 1597 3535 vo-

1375 337 1447 378 An
1489 335 1937 379 couvi-Bronton.

1681 450 1900 500 hiscum.
1918 451 1983 500 Et
2002 462 2119 500 cum
2141 450 2328 510 spiritu
2348 455 2455 499 tuo.
2479 451 2687 500 Oratio.

1752 512 1960 572 Respice
2021 525 2316 574 quaesumus
2366 513 2476 561 Due
2503 525 2689 573 super

1688 572 1820 622 hanc
1846 574 2092 622 familiam
2123 580 2292 635 tuam,
2317 587 2406 635 pro
2439 587 2538 635 qua
2569 574 2688 623 Diis

1690 640 1859 684 noster
1879 636 2030 685 Jesus
2054 636 2289 686 Christus
2311 649 2411 684 non
2428 636 2691 685 dubitavit

1689 698 1929 746 manibus
1954 699 2084 749 tradi
2109 698 2396 747 nocentium
2413 734 2427 757 ,
2451 703 2499 746 et
2513 700 2688 747 crucis

1689 759 1862 808 subire
1893 764 2224 809 tormentum.
2246 772 2355 822 quae
2381 760 2689 808 terminetur
2733 811 2736 812 γ

1689 821 1778 880 sic,
1801 822 1904 882 Qui
1926 826 2093 870 tecum
2126 820 2251 871 vivit
2270 827 2364 870 etc.

1753 883 1864 932 Dr'is
1884 884 2163 932 vobiscum.
2185 883 2388 931 Etcum
2410 894 2486 943 sp.
2509 888 2619 932 tuo.

1753 943 2120 995 Benedicamus
2156 945 2287 993 Dno.
2326 946 2427 994 Deo
2469 945 2682 1006 gratias.

2002 1007 2035 1070 q
2071 1007 2262 1067 Compl.
2284 1006 2364 1067 xj·

1753 1067 1907 1118 Ferid
1941 1068 1997 1130 vj
2038 1069 2097 1117 in
2138 1069 2216 1117 die
2262 1069 2573 1116 Parasceues
2612 1069 2687 1118 ad

1694 1131 1887 1191 Compi.
1904 1131 2122 1192 incipiat
2135 1130 2381 1178 Sacerdos
2401 1134 2560 1176 anam
2573 1129 2686 1179 sine

1688 1197 1837 1240 nota.-
1853 1192 2085 1242 Christus
2102 1190 2263 1240 sactus
2277 1196 2368 1241 est.
2386 1191 2459 1240 Et
2474 1192 2686 1241 interim

1688 1252 1783 1316 fiat
1796 1254 2079 1315 qenullexio
2098 1254 2158 1301 in
2177 1255 2343 1301 choro.

1752 1318 1871 1363 Ana
1888 1320 1938 1364 et
1953 1321 2132 1364 coetera
2150 1315 2323 1363 omnia
2333 1313 2464 1375 fiant
2481 1314 2685 1365 sicutin

1690 1378 1768 1428 die
1790 1377 1964 1439 Coenoe,
1980 1378 2088 1425 sine
2106 1378 2218 1425 Dns
2235 1378 2347 1426 vob.
2372 1381 2421 1424 et
2434 1377 2542 1423 sine
2557 1376 2686 1426 Ore-

1691 1452 1811 1490 mus
1823 1454 1835 1487 t
1848 1444 2014 1500 etpost
2023 1440 2261 1492 Psalmos
2269 1443 2318 1486 et
2327 1442 2484 1486 asiam
2495 1438 2686 1488 dicitur

1690 1502 1839 1552 Pater
1850 1507 2017 1550 noster
2031 1507 2079 1549 et
2089 1502 2200 1549 Ave
2210 1501 2395 1561 Maria,
2415 1503 2462 1548 et
2479 1500 2571 1547 Ps.
2586 1500 2687 1550 Mi—

1689 1576 1871 1624 serere,
1884 1564 1993 1612 sine
2017 1563 2189 1614 Gloria
2210 1562 2375 1622 Patri,
2404 1574 2521 1609 cum
2536 1574 2688 1622 pros-

1694 1627 1931 1674 tratione.

1754 1688 1830 1734 Et
1844 1686 2059 1749 finiatur
2094 1686 2287 1747 Compl.
2315 1684 2582 1733 Sacerdote
2602 1686 2686 1733 di-

1689 1753 1828 1797 cente
1853 1749 2147 1798 Orationem
2160 1748 2368 1808 Respice
2383 1759 2687 1806 quaesumus

1689 1811 1816 1868 Dite,
1844 1811 1952 1858 sine
1965 1811 2075 1859 Das
2103 1811 2215 1859 vob.
2233 1815 2282 1858 et
2309 1809 2417 1856 sine
2440 1809 2682 1868 oremus,

1689 1878 1740 1921 et
1752 1874 1861 1921 sine
1878 1874 1981 1934 Qui
2002 1878 2185 1930 tecum,
2209 1877 2257 1920 et
2275 1872 2383 1920 sine
2403 1870 2683 1920 Benedica-

1688 1946 1823 1994 mus,
1846 1940 1897 1982 et
1914 1936 1986 1982 sic
2004 1935 2329 1996 compleatur.
2405 1939 2417 1952 ·

1969 1996 2002 2059 ff
2037 1996 2226 2058 Compi.
2254 1994 2313 2041 cci
2326 1993 2353 2041 ’.
2389 2027 2390 2030 ,

1752 2056 1967 2107 Sabbato
1984 2063 2160 2106 sancto
2185 2058 2243 2104 in
2316 2054 2423 2116 iqil.
2445 2054 2681 2116 Pascha,

1684 2120 1908 2181 pulsatis
1923 2120 2188 2183 campanis
2204 2116 2392 2167 duobus
2413 2116 2577 2176 siqnis
2594 2118 2680 2165 du-

1685 2182 1888 2245 pliciter
1898 2185 1977 2233 vel
1988 2183 2267 2245 tripliciter,
2275 2179 2491 2241 incipiat
2500 2177 2680 2227 Sacer-

1690 2246 1781 2292 dos
1795 2281 1816 2303 ,η
1835 2245 1971 2295 Deus
1987 2247 2042 2293 in
2066 2246 2169 2305 adj.
2191 2256 2382 2292 meum.
2423 2241 2549 2303 [Dr‘ie
2570 2240 2672 2303 ad.]

1691 2308 1865 2357 Gloria
1886 2308 2045 2357 Patri.
2075 2313 2125 2356 et
2153 2311 2334 2354 caetera
2354 2317 2491 2352 more
2515 2303 2681 2364 solita,

1691 2370 1799 2418 sine
1838 2370 2081 2419 Converte
2114 2381 2223 2417 nos.

1752 2431 2224 2492 Artaincipiaturin
2233 2428 2482 2489 superiori
2490 2427 2678 2487 qradu.

1691 2493 1936 2551 Alleluia,
1979 2492 2120 2550 alra,
2168 2491 2284 2539 all'a
2299 2527 2313 2551 ,
2352 2491 2487 2539 all’a.
2526 2488 2681 2536 Psal-

1688 2555 1789 2617 mi,
1825 2554 1955 2604 Cum
2000 2555 2307 2602 invocarem.
2346 2554 2405 2601 In
2449 2556 2515 2599 te.
2552 2550 2679 2599 Ecce

1691 2629 1846 2666 nunc.
1864 2617 2012 2666 Nunc
2025 2615 2263 2664 dimittis.
2281 2615 2355 2661 Et
2369 2614 2611 2662 dicuntur
2626 2611 2682 2660 m·

1690 2680 1891 2728 Psalmi
1905 2677 2190 2738 supradicti
2203 2675 2293 2723 sub
2305 2675 2413 2722 und
2428 2673 2683 2730 vocemul-

1691 2743 1799 2790 lum
1812 2742 2075 2790 Psalmum
2083 2739 2375 2795 exaltandO,
2385 2737 2518 2798 quod
2524 2737 2683 2783 etiam

1690 2803 1978 2852 observetur
2013 2801 2227 2864 quotidie
2262 2813 2415 2860 usque
2454 2799 2523 2845 ad
2566 2797 2679 2844 Oct.

1690 2867 1901 2914 Paschae
1930 2866 2000 2912 ad
2025 2864 2215 2923 Compi.
2239 2859 2428 2909 Finitis
2450 2858 2685 2905 Psalmis

1691 2941 1807 2976 cum
1840 2927 2010 2976 Gloria
2034 2925 2175 2974 Patri
2202 2928 2307 2970 tota
2332 2920 2521 2968 dicitur
2546 2923 2681 2968 αῆα,

1752 2989 1945 3037 Deinde
1960 2987 2146 3035 dicitur
2159 2984 2267 3032 Dfis
2282 2983 2394 3031 voh.
2418 2979 2499 3042 [Et
2512 2981 2677 3052 curm]

1690 3055 1738 3101 et
1769 3050 2005 3100 OremuS.
2480 3041 2679 3091 Oratio.

1752 3113 1999 3172 Spiritum
2017 3107 2161 3158 nobis
2174 3108 2285 3156 Dite
2300 3111 2396 3153 tuae
2414 3104 2681 3176 charitatis

1692 3175 1931 3234 infunde,
1967 3177 2024 3220 ut
2055 3183 2182 3232 quos
2206 3171 2545 3238 sacramentis⁸
2564 3178 2681 3226 pas-

1693 3238 1921 3288 chalibus
1947 3235 2165 3293 satiasti,
2198 3239 2285 3281 tua
2316 3230 2469 3279 iacias
2498 3233 2681 3289 pietate

1692 3301 1980 3350 concordes,
2018 3299 2113 3347 Per
2143 3297 2281 3343 Dfim
2310 3293 2561 3355 [nostrum
2582 3291 2679 3363 ,Je-

1693 3376 1810 3411 sum
1828 3362 2107 3419 Christum,
2122 3358 2311 3407 Filium
2326 3361 2489 3426 tuum,
2506 3365 2596 3426 qui
2607 3358 2679 3401 te-

1693 3437 1812 3473 cum
1832 3424 1956 3472 vivit
1972 3427 2021 3471 et
2041 3419 2233 3482 regnat]
2263 3419 2313 3468 in
2342 3419 2535 3465 unitate
2551 3428 2678 3476 eJus-

1693 3487 1807 3535 dem
1866 3485 2115 3546 [Spiritus
2169 3480 2338 3531 Sancti
2378 3479 2560 3535 1)(ῑιιε,Δ
2591 3490 2675 3536 per
