2910 4457
801 413 1295 454 Pomlruu'rums·
1322 426 1403 441 -—·
1428 414 1681 454 LRTAMA.

207 525 314 586 ipse
341 537 422 584 es,
467 529 517 573 et
542 526 668 574 anni
706 525 783 574 tui
825 538 926 574 non
947 525 1195 576 deficient.

268 587 391 635 Filii
432 599 696 635 servorum
752 593 958 636 tuorum
1000 588 1196 636 habita-

205 650 335 697 bunt
375 664 389 698 ε
426 654 476 697 et
521 662 692 699 semen
725 662 901 699 eorum
947 650 1001 699 in
1045 663 1197 700 saecu-

210 712 318 760 lum
338 711 610 771 dirigetur.

266 772 441 821 Gloria
474 773 635 822 Patri.

207 834 401 884 Contra
419 835 685 884 invidiam.
709 835 949 884 Psalmus
972 835 1169 897 [eaeoeioe]
1181 870 1196 885 .

294 909 321 945 e
376 896 641 956 profundis
691 898 926 947 clamavi.
979 898 1194 961 Require

293 971 474 1018 supra.
500 958 685 1031 (p.·91.)
1085 1022 1119 1033 ..

235 1019 431 1068 Contra
446 1021 687 1069 acedtam.
708 1021 947 1070 Psalmus
972 1021 1161 1083 [cmm.

202 1082 467 1191 Domine
487 1083 663 1130 exaudi
695 1084 973 1132 orationem
996 1095 1188 1142 meam3

296 1144 507 1191 auribus
559 1145 755 1204 percipe
800 1146 1194 1195 obsecrationem

203 1216 375 1253 meam
393 1220 406 1253 ε
425 1206 477 1252 in
495 1206 702 1255 veritate
721 1212 809 1255 tua
824 1207 1004 1256 exaudi
1020 1219 1120 1268 me,
1139 1208 1193 1255 in

204 1272 294 1314 tua
308 1266 529 1327 justitia.

268 1326 335 1376 Et
370 1340 471 1376 non
504 1328 663 1377 intres
698 1330 751 1378 in
785 1328 1039 1389 ‚iudicium
1076 1342 1193 1378 cum

200 1401 351 1438 servo
371 1394 488 1439 tuo:
505 1391 623 1450 quia
647 1403 748 1439 non
760 1392 1122 1451 justificabitur
1140 1393 1193 1440 in

204 1457 474 1511 conspectu
492 1457 577 1499 tuo
590 1454 759 1501 omnis
780 1454 975 1501 vivens,

268 1513 403 1573 Quia
418 1519 709 1572 persecutus
728 1519 802 1562 est
823 1514 1065 1563 inimicus
1084 1515 1197 1562 ani-

203 1586 347 1622 mam
384 1587 552 1623 meam
589 1591 602 1626 ε
640 1576 934 1625 humiliavit
970 1576 1022 1624 in
1063 1581 1195 1624 terra

204 1636 366 1685 vitam
388 1649 573 1685 meam.

265 1697 538 1747 Collocavit
578 1711 660 1747 me
697 1699 751 1746 in
794 1699 1021 1748 obscuris
1062 1699 1196 1748 sicut

203 1765 436 1808 mortuos
458 1761 658 1810 saeculi:
678 1766 726 1809 et
745 1762 978 1809 anxiatus
1005 1767 1079 1810 est
1099 1775 1194 1809 su-

205 1834 293 1882 per
314 1834 399 1871 me
418 1822 631 1882 spiritus
651 1834 814 1883 meus;
837 1823 890 1871 in
914 1835 996 1872 me
1018 1825 1193 1873 turba·

204 1890 318 1932 tum
334 1889 412 1933 est
430 1897 515 1932 cor
535 1896 728 1932 meum.

270 1946 471 1996 Memor
502 1944 576 1993 tui
606 1946 805 1995 dierum
838 1947 1191 2008 antiquorum3

206 2008 482 2057 meditatus
502 2021 619 2056 sum
637 2009 688 2055 in
708 2010 945 2056 omnibus
961 2010 1196 2068 operibus

207 2070 340 2119 tuis:
362 2070 417 2116 in
436 2069 578 2118 factis
598 2082 850 2118 manuum
870 2076 1075 2118 tuarum
1090 2083 1197 2117 me-

204 2130 425 2181 dit-abar.

269 2192 502 2253 Expandi
513 2204 701 2241 manus
712 2205 852 2242 meas
862 2193 925 2242 ad
935 2198 1008 2242 te:
1023 2193 1198 2241 anima

208 2266 322 2307 mea
339 2256 472 2303 sicut
485 2260 618 2303 terra
639 2257 750 2303 sine
769 2266 898 2315 aqua
917 2255 1028 2303 tibi.

270 2316 517 2367 Velociter
543 2318 725 2366 exaudi
751 2329 833 2366 mc
853 2317 963 2365 Dne
987 2333 999 2367 :
1021 2316 1199 2366 defecit

205 2379 421 2439 spiritus
442 2390 604 2427 meus,

273 2441 387 2492 Non
409 2444 607 2489 avertas
628 2440 803 2489 faciem
821 2445 963 2488 tuam
981 2452 1009 2488 a
1026 2448 1133 2490 me:
1150 2445 1200 2489 et

205 2502 396 2551 similis
410 2514 494 2551 ero
507 2503 926 2551 descendentibus
942 2502 995 2551 in
1011 2503 1196 2551 lacum.

268 2564 523 2614 Auditam
551 2564 627 2613 sac
647 2565 777 2613 mihi
808 2576 960 2613 mane
991 2565 1200 2613 miseri-

204 2626 435 2677 cordiam
468 2630 642 2675 tuam:
676 2627 797 2687 quia
828 2627 881 2674 in
909 2632 958 2675 te
982 2629 1197 2686 speravi.

269 2688 457 2738 Notam
470 2686 544 2734 fac
556 2687 686 2735 mihi
698 2689 834 2736 viam
845 2689 897 2735 in
913 2700 1012 2748 qua
1027 2689 1201 2736 ambu-

205 2752 330 2803 lem:
342 2747 466 2806 quia
473 2747 535 2795 ad
549 2752 596 2795 te
605 2749 765 2796 levavi
776 2750 1003 2796 animam
1013 2761 1199 2797 meam.

269 2808 430 2868 Eripe
458 2819 542 2855 me
569 2809 633 2856 de
662 2809 888 2856 inimicis
907 2809 1037 2856 meis
1064 2810 1199 2871 Dne3

206 2874 274 2925 ad
290 2877 341 2921 te
357 2868 593 2930 confugi:
615 2869 735 2918 doce
755 2881 839 2917 me
859 2869 1018 2917 facere
1033 2872 1204 2919 volun·

209 2939 366 2984 tatem
388 2938 558 2991 tuam,
584 2931 705 2993 quia
727 2930 862 2979 Deus
881 2942 1029 2979 meus
1053 2937 1201 2982 estu.

273 2995 497 3056 Spiritus
512 2999 633 3044 tuus
653 2995 818 3043 bonus
832 2993 1041 3042 deducet
1054 3007 1135 3044 me
1149 2996 1202 3043 in

209 3064 401 3108 terram
413 3061 600 3106 rectam
614 3073 627 3107 ι
642 3062 841 3117 propter
854 3068 1039 3105 nomen
1054 3062 1201 3106 tuum

209 3122 324 3170 Dine
346 3119 626 3168 vivificabis
650 3119 809 3168 mein
841 3119 1075 3180 {equitate
1095 3125 1200 3169 tua.

274 3181 471 3231 Educes
510 3181 573 3230 de
608 3180 932 3230 tribulatione
973 3183 1202 3232 animam

211 3256 412 3295 meam:
442 3243 565 3292 etin
598 3243 946 3292 misericordia
973 3249 1060 3293 tua
1091 3245 1203 3294 dis—

214 3306 395 3367 perdes
410 3318 587 3354 omnes
607 3305 843 3355 inimicos
858 3317 1016 3354 meos,

277 3368 344 3418 Et
394 3368 570 3426 perdes
608 3379 785 3417 omnes
825 3369 914 3428 qui
957 3368 1206 3416 tribulant

210 3430 443 3483 animam
462 3441 628 3479 meam
643 3445 654 3478 :
669 3430 910 3490 quoniam
922 3442 1013 3490 ego
1028 3443 1206 3480 servus

212 3497 338 3541 tuus
352 3503 488 3540 sum.

277 3552 451 3604 Gloria
484 3553 643 3601 Patri.

2169 396 2281 457 111

1354 529 1491 577 Ana.
1512 529 1588 579 Ne
1609 528 1957 577 reminiscaris
1975 528 2087 577 Dfie
2104 528 2286 578 delicta

1294 596 1465 640 nostra
1511 591 1589 639 vel
1642 596 1910 651 parentum
1964 595 2285 650 nostrorum3

1295 665 1457 713 neque
1479 653 1757 702 vindictam
1783 665 1959 701 sumas
1988 653 2049 701 de
2073 655 2288 712 peccatis

1296 716 1505 763 nostris,
1519 715 1634 764 Non
1650 715 1749 762 dici
1753 720 1837 761 tur
1850 715 2063 763 ulterius
2082 716 2287 776 quando

1291 777 1481 824 dieitur
1499 776 1558 822 in
1588 777 1752 824 choro.
1786 778 1941 825 Parce
1973 777 2108 834 Due,
2141 788 2286 836 parce

1292 838 1478 898 populo
1510 842 1597 885 tuo
1619 850 1769 897 quem
1794 838 2050 886 redemisti
2072 839 2289 898 pretioso

1292 899 1545 960 sanguine
1579 905 1694 959 tu03
1720 912 1783 947 ne
1808 900 1861 947 in
1887 905 2134 949 aeternum
2166 901 2287 950 iras-

1291 962 1427 1011 caris
1452 961 1625 1018 nobis3
1665 965 1714 1008 et
1745 975 1809 1009 ne
1830 961 1918 1009 des
1948 960 2287 1012 haereditatem

1292 1028 1433 1071 tuam
1452 1024 1504 1071 in
1524 1023 1855 1083 perditionem
1869 1039 1882 1072 ε
1896 1035 1958 1071 ne
1972 1024 2027 1070 in
2040 1028 2286 1073 aeternurn

1292 1086 1609 1135 obliviscaris
1631 1086 1795 1134 nobis,

1351 1174 1658 1223 Noa-Annum
1687 1174 1819 1234 quod
1839 1173 1980 1220 omni
1999 1172 2175 1233 feriali
2204 1175 2284 1222 die

1289 1248 1384 1297 per
1407 1240 1567 1283 totam
1602 1248 1672 1284 xa
1693 1235 1879 1282 dicitur
1911 1234 2126 1283 Letania
2155 1235 2288 1283 sicut

1291 1299 1349 1344 in
1372 1295 1595 1346 secunda
1624 1296 1759 1358 feria
1779 1310 1932 1358 usque
1958 1298 2028 1345 ad
2058 1298 2289 1346 ordinem

1291 1364 1603 1421 martyrum.
1652 1359 1911 1418 Propitius
1963 1366 2086 1408 esto,
2133 1372 2288 1420 usque

1293 1420 1539 1481 adfinem.
1562 1422 1636 1468 Et
1652 1422 1886 1482 quicquid
1909 1419 2150 1469 Sacerdos
2169 1422 2292 1468 dicit

1293 1483 1352 1530 de
1364 1483 1596 1539 Letania,
1612 1483 1792 1529 chorus
1805 1483 1937 1529 idem
1946 1487 2141 1542 repetat
2144 1483 2290 1542 plene

1293 1547 1343 1591 et
1390 1544 1583 1602 integre
1634 1555 1789 1604 usque
1843 1544 1912 1590 ad
1948 1543 2291 1602 prolationem

1293 1606 1361 1655 Ut
1379 1618 1552 1665 pacem
1576 1605 1721 1653 nobis
1741 1601 1920 1652 dones.
1944 1609 2066 1652 tunc
2086 1617 2293 1664 respon-

1290 1667 1409 1715 deat
1438 1669 1637 1714 chorae.
1672 1667 1741 1715 Te
1772 1678 2013 1726 rogamus
2045 1667 2166 1715 audi
2199 1679 2290 1714 nos

1292 1734 1498 1776 tantum
1523 1747 1536 1777 :
1558 1729 1698 1777 etsie
1730 1730 1789 1777 de
1812 1728 2029 1789 sinyult's
2049 1741 2202 1791 usque
2222 1730 2293 1778 ad

1292 1791 1391 1840 Fili
1411 1791 1522 1850 Dei,
1549 1796 1596 1839 te
1613 1804 1854 1852 rogamus
1881 1791 2000 1839 audi
2033 1802 2143 1839 nos.
2168 1796 2291 1838 tunc

1288 1854 1595 1915 respondeat
1622 1855 1807 1901 chorus
1832 1854 1964 1901 idem
1998 1872 2011 1899 .·
2040 1858 2089 1901 et
2121 1853 2192 1899 sie
2231 1854 2291 1900 de

1291 1915 1507 1975 sinyulis
1557 1929 1712 1977 usque
1750 1917 1822 1962 ad
1875 1915 2033 1974 Kyrie
2081 1914 2287 1965 eleison.

1292 1976 1490 2025 Christe
1505 1977 1710 2025 eleison.
1725 1977 1883 2036 Kyrie
1901 1976 2106 2023 eleison.

1295 2038 1448 2086 Feria
1464 2038 1701 2085 secunda,
2058 2036 2289 2084 Letania.

1295 2131 1499 2237 Kyrie
1523 2130 1728 2179 eleison.
1752 2130 1950 2178 Christe
1969 2129 2174 2179 eleison.

1393 2192 1592 2243 Christe
1611 2192 1733 2241 audi
1757 2204 1866 2241 nos,

1294 2255 1443 2307 Pater
1465 2256 1528 2304 de
1548 2254 1686 2303 coelis
1706 2255 1858 2311 DcuS,

1358 2317 1598 2366 miserere
1620 2317 1785 2364 nobis·

1295 2379 1394 2433 Fili
1415 2380 1720 2439 Redemptor
1743 2378 1922 2426 mundi
1946 2377 2081 2427 Deus
2095 2413 2107 2434 ,

1356 2442 1597 2490 miserere
1622 2439 1784 2489 nobis.

1294 2503 1516 2564 Spiritus
1536 2509 1706 2552 sancte
1726 2504 1886 2561 DeuS,

1359 2565 1602 2615 miserere
1625 2566 1788 2613 nobis,

1295 2628 1481 2676 Sancta
1507 2627 1735 2675 Trinitas
1759 2638 1895 2674 unus
1915 2627 2051 2674 Deus
2066 2661 2079 2683 ‚

1360 2690 1600 2737 miserere
1629 2687 1794 2735 nobis.

1296 2751 1481 2799 Sancta
1500 2748 1684 2805 Maria,

1903 2758 1990 2794 ora
2012 2758 2103 2807 pro
2127 2746 2290 2796 nobis,

1296 2812 1481 2861 Sancta
1503 2810 1592 2858 Dei
1618 2807 1857 2869 genitrix,
2216 2821 2292 2857 or.

1299 2873 1483 2922 Sancta
1507 2871 1662 2932 Virgo
1687 2870 1970 2931 virginum,
2216 2884 2292 2920 or.

1297 2934 1479 2983 Sancte
1499 2933 1733 2992 Michael,
2212 2946 2288 2983 or.

1297 2996 1479 3046 Sancte
1501 2995 1721 3055 Gabriel,
2212 3009 2289 3045 or.

1297 3057 1477 3110 Sancte
1496 3058 1738 3119 Raphael‚
2211 3070 2289 3105 or.

1299 3121 1492 3170 Omnes
1516 3121 1678 3170 sancti
1701 3119 1888 3180 Angeli
1914 3124 1962 3168 et
1982 3119 2292 3178 Archangeli

1360 3182 1472 3242 Dei,
1849 3186 1987 3229 orate
2011 3192 2100 3238 pro
2127 3179 2290 3227 nobis.

1299 3244 1491 3294 Omnes
1523 3244 1685 3292 sancti
1718 3243 1981 3291 beatorum
2018 3239 2294 3300 spirituum

1361 3307 1583 3364 ordineS,
1856 3308 1994 3351 orate
2016 3314 2106 3362 pro
2129 3302 2292 3352 nobiS.

1300 3368 1483 3417 Sancte
1510 3367 1768 3416 Iohannes
1801 3365 2043 3425 Baptista,
2234 3424 2245 3435 ·

1892 3438 1979 3474 ora
2013 3439 2103 3485 pro
2127 3425 2293 3473 nobis,

1304 3491 1496 3541 Omnes
1543 3489 1704 3540 sancti
1750 3486 2043 3549 patriarcha>
2084 3492 2133 3535 et
2172 3497 2295 3545 pro—

1365 3553 1540 3612 phetae,
1860 3553 1996 3597 orate
2019 3561 2109 3607 pro
2131 3548 2292 3598 nobis.
