<?xml version="1.0" encoding="UTF-8"?>
<!DOCTYPE html PUBLIC "-//W3C//DTD XHTML 1.0 Transitional//EN"
    "http://www.w3.org/TR/xhtml1/DTD/xhtml1-transitional.dtd">
<html xmlns="http://www.w3.org/1999/xhtml" xml:lang="en" lang="en">
 <head>
  <title>
</title>
<meta http-equiv="Content-Type" content="text/html;charset=utf-8" />
  <meta name='ocr-system' content='tesseract 3.04.00' />
  <meta name='ocr-capabilities' content='ocr_page ocr_carea ocr_par ocr_line ocrx_word'/>
</head>
<body>
  <div class='ocr_page' id='page_1' title='image "./portiforiiseubr00cathgoog_0121.png"; bbox 0 0 2910 4457; ppageno 0'>
   <div class='ocr_carea' id='block_1_1' title="bbox 1015 315 2256 377">
    <p class='ocr_par' dir='ltr' id='par_1_1' title="bbox 1015 315 2256 377">
     <span class='ocr_line' id='line_1_1' title="bbox 1015 315 2256 377; baseline 0 -2"><span class='ocrx_word' id='word_1_1' title='bbox 1015 336 1088 375; x_wconf 66' lang='lat' dir='ltr'><strong>An</strong></span> <span class='ocrx_word' id='word_1_2' title='bbox 1128 336 1455 377; x_wconf 69' lang='lat' dir='ltr'><strong>iuramus.</strong></span> <span class='ocrx_word' id='word_1_3' title='bbox 2219 315 2256 375; x_wconf 86' lang='lat'><strong>3</strong></span> 
     </span>
    </p>
   </div>
   <div class='ocr_carea' id='block_1_2' title="bbox 137 450 1198 3543">
    <p class='ocr_par' dir='ltr' id='par_1_2' title="bbox 193 450 1176 565">
     <span class='ocr_line' id='line_1_2' title="bbox 203 450 1176 514; baseline -0.003 -11"><span class='ocrx_word' id='word_1_4' title='bbox 203 513 206 514; x_wconf 16' lang='lat'><em>⁷</em></span> <span class='ocrx_word' id='word_1_5' title='bbox 259 455 468 503; x_wconf 75' lang='lat' dir='ltr'>Intende</span> <span class='ocrx_word' id='word_1_6' title='bbox 525 451 632 502; x_wconf 87' lang='lat' dir='ltr'><strong>voci</strong></span> <span class='ocrx_word' id='word_1_7' title='bbox 695 450 942 508; x_wconf 87' lang='lat' dir='ltr'><strong>orationis</strong></span> <span class='ocrx_word' id='word_1_8' title='bbox 992 462 1114 500; x_wconf 81' lang='lat' dir='ltr'><strong>meae</strong></span> <span class='ocrx_word' id='word_1_9' title='bbox 1161 465 1176 499; x_wconf 69' lang='grc' dir='ltr'><strong>ε</strong></span> 
     </span>
     <span class='ocr_line' id='line_1_3' title="bbox 193 515 899 565; baseline -0.004 0"><span class='ocrx_word' id='word_1_10' title='bbox 193 515 297 565; x_wconf 85' lang='lat' dir='ltr'><strong>Rex</strong></span> <span class='ocrx_word' id='word_1_11' title='bbox 325 528 471 565; x_wconf 91' lang='lat' dir='ltr'><strong>meus</strong></span> <span class='ocrx_word' id='word_1_12' title='bbox 495 520 545 564; x_wconf 90' lang='lat' dir='ltr'><strong>et</strong></span> <span class='ocrx_word' id='word_1_13' title='bbox 572 515 710 562; x_wconf 91' lang='lat' dir='ltr'><strong>Deus</strong></span> <span class='ocrx_word' id='word_1_14' title='bbox 733 525 899 562; x_wconf 75' lang='lat' dir='ltr'><strong>meus·</strong></span> 
     </span>
    </p>

    <p class='ocr_par' dir='ltr' id='par_1_3' title="bbox 196 575 1173 690">
     <span class='ocr_line' id='line_1_4' title="bbox 257 575 1173 639; baseline -0.005 -12"><span class='ocrx_word' id='word_1_15' title='bbox 257 578 517 639; x_wconf 82' lang='lat' dir='ltr'><strong>Quoniam</strong></span> <span class='ocrx_word' id='word_1_16' title='bbox 579 576 643 624; x_wconf 89' lang='lat' dir='ltr'><strong>ad</strong></span> <span class='ocrx_word' id='word_1_17' title='bbox 703 582 750 624; x_wconf 88' lang='lat' dir='ltr'><strong>te</strong></span> <span class='ocrx_word' id='word_1_18' title='bbox 805 575 958 623; x_wconf 90' lang='lat' dir='ltr'><strong>orabo</strong></span> <span class='ocrx_word' id='word_1_19' title='bbox 1004 575 1114 623; x_wconf 79' lang='lat' dir='ltr'><strong>Di‘ie</strong></span> <span class='ocrx_word' id='word_1_20' title='bbox 1161 589 1173 622; x_wconf 90' lang='lat'>:</span> 
     </span>
     <span class='ocr_line' id='line_1_5' title="bbox 196 639 1005 690; baseline -0.005 0"><span class='ocrx_word' id='word_1_21' title='bbox 196 653 346 690; x_wconf 89' lang='lat' dir='ltr'><strong>mane</strong></span> <span class='ocrx_word' id='word_1_22' title='bbox 361 639 598 690; x_wconf 78' lang='lat' dir='ltr'>exaudies</span> <span class='ocrx_word' id='word_1_23' title='bbox 619 649 788 686; x_wconf 84' lang='lat' dir='ltr'><strong>vocem</strong></span> <span class='ocrx_word' id='word_1_24' title='bbox 818 649 1005 686; x_wconf 88' lang='lat' dir='ltr'><strong>meam.</strong></span> 
     </span>
    </p>

    <p class='ocr_par' dir='ltr' id='par_1_4' title="bbox 191 699 1178 877">
     <span class='ocr_line' id='line_1_6' title="bbox 256 699 1178 758; baseline -0.01 -4"><span class='ocrx_word' id='word_1_25' title='bbox 256 704 412 754; x_wconf 89' lang='lat' dir='ltr'><strong>Mane</strong></span> <span class='ocrx_word' id='word_1_26' title='bbox 438 702 611 751; x_wconf 86' lang='lat' dir='ltr'><strong>astabo</strong></span> <span class='ocrx_word' id='word_1_27' title='bbox 633 699 724 747; x_wconf 89' lang='lat' dir='ltr'><strong>tibi</strong></span> <span class='ocrx_word' id='word_1_28' title='bbox 742 705 790 747; x_wconf 92' lang='lat' dir='ltr'><strong>et</strong></span> <span class='ocrx_word' id='word_1_29' title='bbox 808 699 983 748; x_wconf 88' lang='lat' dir='ltr'><strong>videbo</strong></span> <span class='ocrx_word' id='word_1_30' title='bbox 1012 710 1178 758; x_wconf 86' lang='lat' dir='ltr'><strong>:quo-</strong></span> 
     </span>
     <span class='ocr_line' id='line_1_7' title="bbox 191 760 1176 821; baseline -0.007 -7"><span class='ocrx_word' id='word_1_31' title='bbox 191 766 335 814; x_wconf 89' lang='lat' dir='ltr'><strong>niam</strong></span> <span class='ocrx_word' id='word_1_32' title='bbox 362 778 467 813; x_wconf 89' lang='lat' dir='ltr'><strong>non</strong></span> <span class='ocrx_word' id='word_1_33' title='bbox 489 764 626 813; x_wconf 91' lang='lat' dir='ltr'><strong>Deus</strong></span> <span class='ocrx_word' id='word_1_34' title='bbox 650 762 824 810; x_wconf 90' lang='lat' dir='ltr'><strong>volens</strong></span> <span class='ocrx_word' id='word_1_35' title='bbox 856 760 1176 821; x_wconf 86' lang='lat' dir='ltr'><strong>iniquitatem</strong></span> 
     </span>
     <span class='ocr_line' id='line_1_8' title="bbox 195 833 348 877; baseline 0.013 -2"><span class='ocrx_word' id='word_1_36' title='bbox 195 833 254 875; x_wconf 90' lang='lat' dir='ltr'><strong>tu</strong></span> <span class='ocrx_word' id='word_1_37' title='bbox 275 840 348 877; x_wconf 83' lang='lat' dir='ltr'><strong>eS.</strong></span> 
     </span>
    </p>

    <p class='ocr_par' dir='ltr' id='par_1_5' title="bbox 188 883 1182 1061">
     <span class='ocr_line' id='line_1_9' title="bbox 255 883 1179 949; baseline -0.01 -10"><span class='ocrx_word' id='word_1_38' title='bbox 255 890 432 949; x_wconf 81' lang='lat' dir='ltr'>Neque</span> <span class='ocrx_word' id='word_1_39' title='bbox 479 886 724 935; x_wconf 82' lang='lat' dir='ltr'><strong>habitabit</strong></span> <span class='ocrx_word' id='word_1_40' title='bbox 758 885 900 944; x_wconf 79' lang='lat' dir='ltr'><strong>juxta</strong></span> <span class='ocrx_word' id='word_1_41' title='bbox 944 888 991 933; x_wconf 88' lang='lat' dir='ltr'><strong>te</strong></span> <span class='ocrx_word' id='word_1_42' title='bbox 1029 883 1179 931; x_wconf 86' lang='lat' dir='ltr'><strong>mali-</strong></span> 
     </span>
     <span class='ocr_line' id='line_1_10' title="bbox 191 945 1182 1012; baseline -0.007 -13"><span class='ocrx_word' id='word_1_43' title='bbox 191 963 330 1012; x_wconf 88' lang='lat' dir='ltr'><strong>gnus</strong></span> <span class='ocrx_word' id='word_1_44' title='bbox 362 966 375 998; x_wconf 90' lang='lat'>:</span> <span class='ocrx_word' id='word_1_45' title='bbox 410 961 572 1008; x_wconf 87' lang='lat' dir='ltr'><strong>neque</strong></span> <span class='ocrx_word' id='word_1_46' title='bbox 607 948 974 1007; x_wconf 87' lang='lat' dir='ltr'><strong>permanebunt</strong></span> <span class='ocrx_word' id='word_1_47' title='bbox 1004 945 1182 1005; x_wconf 73' lang='lat' dir='ltr'><strong>injusti</strong></span> 
     </span>
     <span class='ocr_line' id='line_1_11' title="bbox 188 1012 649 1061; baseline -0.009 0"><span class='ocrx_word' id='word_1_48' title='bbox 188 1016 311 1061; x_wconf 88' lang='lat' dir='ltr'><strong>ante</strong></span> <span class='ocrx_word' id='word_1_49' title='bbox 326 1012 500 1060; x_wconf 85' lang='lat' dir='ltr'><strong>oculos</strong></span> <span class='ocrx_word' id='word_1_50' title='bbox 518 1016 649 1058; x_wconf 89' lang='lat' dir='ltr'><strong>tuos.</strong></span> 
     </span>
    </p>

    <p class='ocr_par' dir='ltr' id='par_1_6' title="bbox 137 1070 1183 1258">
     <span class='ocr_line' id='line_1_12' title="bbox 258 1070 1181 1132; baseline -0.008 -9"><span class='ocrx_word' id='word_1_51' title='bbox 258 1073 430 1123; x_wconf 83' lang='lat' dir='ltr'><strong>Odisti</strong></span> <span class='ocrx_word' id='word_1_52' title='bbox 450 1084 626 1121; x_wconf 90' lang='lat' dir='ltr'><strong>omnes</strong></span> <span class='ocrx_word' id='word_1_53' title='bbox 651 1072 741 1132; x_wconf 89' lang='lat' dir='ltr'><strong>qui</strong></span> <span class='ocrx_word' id='word_1_54' title='bbox 777 1075 1052 1131; x_wconf 82' lang='lat' dir='ltr'><strong>operantur</strong></span> <span class='ocrx_word' id='word_1_55' title='bbox 1080 1070 1181 1117; x_wconf 85' lang='lat' dir='ltr'><strong>ini-</strong></span> 
     </span>
     <span class='ocr_line' id='line_1_13' title="bbox 137 1133 1183 1196; baseline -0.003 -14"><span class='ocrx_word' id='word_1_56' title='bbox 137 1177 144 1182; x_wconf 95' lang='lat'>.</span> <span class='ocrx_word' id='word_1_57' title='bbox 190 1137 443 1196; x_wconf 85' lang='lat' dir='ltr'><strong>quitatem</strong></span> <span class='ocrx_word' id='word_1_58' title='bbox 472 1151 484 1183; x_wconf 76' lang='grc' dir='ltr'><strong>ε</strong></span> <span class='ocrx_word' id='word_1_59' title='bbox 535 1135 712 1194; x_wconf 88' lang='lat' dir='ltr'><strong>perdes</strong></span> <span class='ocrx_word' id='word_1_60' title='bbox 750 1146 928 1183; x_wconf 90' lang='lat' dir='ltr'><strong>omnes</strong></span> <span class='ocrx_word' id='word_1_61' title='bbox 977 1133 1067 1193; x_wconf 88' lang='lat' dir='ltr'><strong>qui</strong></span> <span class='ocrx_word' id='word_1_62' title='bbox 1109 1133 1183 1180; x_wconf 93' lang='lat' dir='ltr'><strong>lo-</strong></span> 
     </span>
     <span class='ocr_line' id='line_1_14' title="bbox 192 1196 795 1258; baseline -0.003 -13"><span class='ocrx_word' id='word_1_63' title='bbox 192 1202 428 1258; x_wconf 90' lang='lat' dir='ltr'><strong>quuntur</strong></span> <span class='ocrx_word' id='word_1_64' title='bbox 450 1196 795 1244; x_wconf 88' lang='lat' dir='ltr'><strong>mendacium.</strong></span> 
     </span>
    </p>

    <p class='ocr_par' dir='ltr' id='par_1_7' title="bbox 190 1256 1182 1439">
     <span class='ocr_line' id='line_1_15' title="bbox 258 1256 1182 1317; baseline -0.004 -9"><span class='ocrx_word' id='word_1_65' title='bbox 258 1260 447 1308; x_wconf 86' lang='lat' dir='ltr'><strong>Virum</strong></span> <span class='ocrx_word' id='word_1_66' title='bbox 498 1259 809 1317; x_wconf 83' lang='lat' dir='ltr'><strong>sanguinum</strong></span> <span class='ocrx_word' id='word_1_67' title='bbox 862 1263 911 1306; x_wconf 90' lang='lat' dir='ltr'><strong>et</strong></span> <span class='ocrx_word' id='word_1_68' title='bbox 951 1256 1182 1305; x_wconf 88' lang='lat' dir='ltr'><strong>dolosum</strong></span> 
     </span>
     <span class='ocr_line' id='line_1_16' title="bbox 190 1319 1182 1378; baseline -0.006 -7"><span class='ocrx_word' id='word_1_69' title='bbox 190 1321 575 1371; x_wconf 83' lang='lat' dir='ltr'><strong>abominabitur</strong></span> <span class='ocrx_word' id='word_1_70' title='bbox 620 1321 730 1368; x_wconf 72' lang='lat' dir='ltr'><strong>Diis</strong></span> <span class='ocrx_word' id='word_1_71' title='bbox 758 1336 769 1365; x_wconf 76' lang='lat' dir='ltr'>z</span> <span class='ocrx_word' id='word_1_72' title='bbox 805 1332 894 1378; x_wconf 88' lang='lat' dir='ltr'><strong>ego</strong></span> <span class='ocrx_word' id='word_1_73' title='bbox 927 1323 1098 1368; x_wconf 88' lang='lat' dir='ltr'><strong>autem</strong></span> <span class='ocrx_word' id='word_1_74' title='bbox 1128 1319 1182 1365; x_wconf 90' lang='lat' dir='ltr'><strong>in</strong></span> 
     </span>
     <span class='ocr_line' id='line_1_17' title="bbox 192 1382 1057 1439; baseline -0.005 -7"><span class='ocrx_word' id='word_1_75' title='bbox 192 1382 528 1432; x_wconf 87' lang='lat' dir='ltr'><strong>multitudine</strong></span> <span class='ocrx_word' id='word_1_76' title='bbox 558 1382 921 1431; x_wconf 83' lang='lat' dir='ltr'><strong>misericordiae</strong></span> <span class='ocrx_word' id='word_1_77' title='bbox 939 1387 1057 1439; x_wconf 83' lang='lat' dir='ltr'><strong>tuae,</strong></span> 
     </span>
    </p>

    <p class='ocr_par' dir='ltr' id='par_1_8' title="bbox 191 1443 1184 1619">
     <span class='ocr_line' id='line_1_18' title="bbox 255 1443 1184 1495; baseline -0.004 -1"><span class='ocrx_word' id='word_1_78' title='bbox 255 1446 483 1495; x_wconf 91' lang='lat' dir='ltr'><strong>Introibo</strong></span> <span class='ocrx_word' id='word_1_79' title='bbox 512 1445 568 1493; x_wconf 89' lang='lat' dir='ltr'><strong>in</strong></span> <span class='ocrx_word' id='word_1_80' title='bbox 597 1446 808 1493; x_wconf 91' lang='lat' dir='ltr'><strong>domum</strong></span> <span class='ocrx_word' id='word_1_81' title='bbox 842 1448 984 1492; x_wconf 88' lang='lat' dir='ltr'><strong>tuam</strong></span> <span class='ocrx_word' id='word_1_82' title='bbox 1017 1458 1031 1491; x_wconf 73' lang='grc' dir='ltr'><em>τ</em></span> <span class='ocrx_word' id='word_1_83' title='bbox 1058 1443 1184 1491; x_wconf 86' lang='lat' dir='ltr'><strong>ado-</strong></span> 
     </span>
     <span class='ocr_line' id='line_1_19' title="bbox 191 1505 1182 1566; baseline -0.006 -9"><span class='ocrx_word' id='word_1_84' title='bbox 191 1510 317 1557; x_wconf 85' lang='lat' dir='ltr'><strong>rabo</strong></span> <span class='ocrx_word' id='word_1_85' title='bbox 344 1507 409 1556; x_wconf 88' lang='lat' dir='ltr'><strong>ad</strong></span> <span class='ocrx_word' id='word_1_86' title='bbox 431 1507 679 1566; x_wconf 88' lang='lat' dir='ltr'><strong>templum</strong></span> <span class='ocrx_word' id='word_1_87' title='bbox 696 1511 929 1554; x_wconf 88' lang='lat' dir='ltr'><strong>sanctum</strong></span> <span class='ocrx_word' id='word_1_88' title='bbox 953 1510 1101 1552; x_wconf 92' lang='lat' dir='ltr'><strong>tuum</strong></span> <span class='ocrx_word' id='word_1_89' title='bbox 1129 1505 1182 1551; x_wconf 92' lang='lat' dir='ltr'><strong>in</strong></span> 
     </span>
     <span class='ocr_line' id='line_1_20' title="bbox 191 1572 508 1619; baseline -0.009 0"><span class='ocrx_word' id='word_1_90' title='bbox 191 1572 380 1619; x_wconf 87' lang='lat' dir='ltr'><strong>timore</strong></span> <span class='ocrx_word' id='word_1_91' title='bbox 402 1575 508 1617; x_wconf 78' lang='lat' dir='ltr'><strong>tuo·</strong></span> 
     </span>
    </p>

    <p class='ocr_par' dir='ltr' id='par_1_9' title="bbox 189 1628 1184 1815">
     <span class='ocr_line' id='line_1_21' title="bbox 255 1628 1184 1690; baseline -0.004 -10"><span class='ocrx_word' id='word_1_92' title='bbox 255 1634 371 1681; x_wconf 72' lang='lat' dir='ltr'><strong>Due</strong></span> <span class='ocrx_word' id='word_1_93' title='bbox 421 1632 582 1680; x_wconf 84' lang='lat' dir='ltr'><strong>deduc</strong></span> <span class='ocrx_word' id='word_1_94' title='bbox 635 1642 717 1679; x_wconf 87' lang='lat' dir='ltr'><strong>me</strong></span> <span class='ocrx_word' id='word_1_95' title='bbox 758 1631 812 1678; x_wconf 91' lang='lat' dir='ltr'><strong>in</strong></span> <span class='ocrx_word' id='word_1_96' title='bbox 847 1628 1046 1690; x_wconf 80' lang='lat' dir='ltr'><strong>justitia</strong></span> <span class='ocrx_word' id='word_1_97' title='bbox 1097 1633 1184 1676; x_wconf 88' lang='lat' dir='ltr'><strong>tua</strong></span> 
     </span>
     <span class='ocr_line' id='line_1_22' title="bbox 189 1691 1183 1755; baseline -0.006 -12"><span class='ocrx_word' id='word_1_98' title='bbox 189 1699 398 1755; x_wconf 87' lang='lat' dir='ltr'><strong>propter</strong></span> <span class='ocrx_word' id='word_1_99' title='bbox 423 1693 660 1741; x_wconf 88' lang='lat' dir='ltr'><strong>inimicos</strong></span> <span class='ocrx_word' id='word_1_100' title='bbox 695 1705 835 1741; x_wconf 87' lang='lat' dir='ltr'><strong>meos</strong></span> <span class='ocrx_word' id='word_1_101' title='bbox 867 1706 880 1746; x_wconf 89' lang='lat'>:</span> <span class='ocrx_word' id='word_1_102' title='bbox 919 1691 1082 1751; x_wconf 85' lang='lat' dir='ltr'><strong>dirige</strong></span> <span class='ocrx_word' id='word_1_103' title='bbox 1128 1691 1183 1738; x_wconf 91' lang='lat' dir='ltr'><strong>in</strong></span> 
     </span>
     <span class='ocr_line' id='line_1_23' title="bbox 189 1754 934 1815; baseline -0.007 -9"><span class='ocrx_word' id='word_1_104' title='bbox 189 1761 465 1815; x_wconf 86' lang='lat' dir='ltr'><strong>conspectu</strong></span> <span class='ocrx_word' id='word_1_105' title='bbox 486 1760 572 1803; x_wconf 87' lang='lat' dir='ltr'><strong>tuo</strong></span> <span class='ocrx_word' id='word_1_106' title='bbox 588 1754 724 1802; x_wconf 85' lang='lat' dir='ltr'><strong>viam</strong></span> <span class='ocrx_word' id='word_1_107' title='bbox 748 1766 934 1802; x_wconf 85' lang='lat' dir='ltr'><strong>meam.</strong></span> 
     </span>
    </p>

    <p class='ocr_par' dir='ltr' id='par_1_10' title="bbox 187 1818 1183 1932">
     <span class='ocr_line' id='line_1_24' title="bbox 255 1818 1183 1879; baseline -0.004 -14"><span class='ocrx_word' id='word_1_108' title='bbox 255 1819 519 1879; x_wconf 85' lang='lat' dir='ltr'><strong>Quoniam</strong></span> <span class='ocrx_word' id='word_1_109' title='bbox 565 1829 667 1864; x_wconf 90' lang='lat' dir='ltr'><strong>non</strong></span> <span class='ocrx_word' id='word_1_110' title='bbox 699 1822 773 1864; x_wconf 86' lang='lat' dir='ltr'><strong>est</strong></span> <span class='ocrx_word' id='word_1_111' title='bbox 806 1818 861 1864; x_wconf 92' lang='lat' dir='ltr'><strong>in</strong></span> <span class='ocrx_word' id='word_1_112' title='bbox 893 1828 978 1864; x_wconf 91' lang='lat' dir='ltr'><strong>ore</strong></span> <span class='ocrx_word' id='word_1_113' title='bbox 1008 1826 1183 1863; x_wconf 92' lang='lat' dir='ltr'><strong>eorum</strong></span> 
     </span>
     <span class='ocr_line' id='line_1_25' title="bbox 187 1881 1049 1932; baseline -0.007 0"><span class='ocrx_word' id='word_1_114' title='bbox 187 1881 385 1932; x_wconf 85' lang='lat' dir='ltr'><strong>veritas</strong></span> <span class='ocrx_word' id='word_1_115' title='bbox 403 1895 420 1929; x_wconf 75' lang='lat' dir='ltr'><strong>t</strong></span> <span class='ocrx_word' id='word_1_116' title='bbox 443 1892 526 1927; x_wconf 90' lang='lat' dir='ltr'><strong>cor</strong></span> <span class='ocrx_word' id='word_1_117' title='bbox 546 1890 722 1928; x_wconf 89' lang='lat' dir='ltr'><strong>eorum</strong></span> <span class='ocrx_word' id='word_1_118' title='bbox 746 1891 936 1927; x_wconf 88' lang='lat' dir='ltr'><strong>vanum</strong></span> <span class='ocrx_word' id='word_1_119' title='bbox 957 1882 1049 1926; x_wconf 86' lang='lat' dir='ltr'><strong>est.</strong></span> 
     </span>
    </p>

    <p class='ocr_par' dir='ltr' id='par_1_11' title="bbox 182 1942 1185 2129">
     <span class='ocr_line' id='line_1_26' title="bbox 254 1942 1185 2003; baseline -0.008 -11"><span class='ocrx_word' id='word_1_120' title='bbox 254 1942 599 2003; x_wconf 83' lang='lat' dir='ltr'><strong>Sepulchrum</strong></span> <span class='ocrx_word' id='word_1_121' title='bbox 658 1946 833 2000; x_wconf 89' lang='lat' dir='ltr'><strong>patens</strong></span> <span class='ocrx_word' id='word_1_122' title='bbox 882 1945 959 1989; x_wconf 89' lang='lat' dir='ltr'><strong>est</strong></span> <span class='ocrx_word' id='word_1_123' title='bbox 1011 1943 1185 1999; x_wconf 88' lang='lat' dir='ltr'><strong>guttur</strong></span> 
     </span>
     <span class='ocr_line' id='line_1_27' title="bbox 185 2002 1184 2063; baseline -0.007 -9"><span class='ocrx_word' id='word_1_124' title='bbox 185 2018 399 2062; x_wconf 82' lang='lat' dir='ltr'><strong>eorum;</strong></span> <span class='ocrx_word' id='word_1_125' title='bbox 418 2004 610 2062; x_wconf 88' lang='lat' dir='ltr'><strong>linguis</strong></span> <span class='ocrx_word' id='word_1_126' title='bbox 627 2004 737 2051; x_wconf 91' lang='lat' dir='ltr'><strong>suis</strong></span> <span class='ocrx_word' id='word_1_127' title='bbox 756 2004 923 2052; x_wconf 91' lang='lat' dir='ltr'><strong>dolose</strong></span> <span class='ocrx_word' id='word_1_128' title='bbox 939 2002 1153 2063; x_wconf 83' lang='lat' dir='ltr'><strong>agebant</strong></span> <span class='ocrx_word' id='word_1_129' title='bbox 1171 2016 1184 2048; x_wconf 69' lang='grc' dir='ltr'><strong>ι</strong></span> 
     </span>
     <span class='ocr_line' id='line_1_28' title="bbox 182 2066 667 2129; baseline -0.012 -11"><span class='ocrx_word' id='word_1_130' title='bbox 182 2068 365 2129; x_wconf 70' lang='lat' dir='ltr'><strong>ludica</strong></span> <span class='ocrx_word' id='word_1_131' title='bbox 382 2067 495 2114; x_wconf 90' lang='lat' dir='ltr'><strong>illos</strong></span> <span class='ocrx_word' id='word_1_132' title='bbox 511 2066 667 2113; x_wconf 73' lang='lat' dir='ltr'><strong>Deus,</strong></span> 
     </span>
    </p>

    <p class='ocr_par' dir='ltr' id='par_1_12' title="bbox 187 2124 1188 2366">
     <span class='ocr_line' id='line_1_29' title="bbox 253 2124 1184 2187; baseline -0.006 -10"><span class='ocrx_word' id='word_1_133' title='bbox 253 2128 508 2177; x_wconf 87' lang='lat' dir='ltr'><strong>Decidant</strong></span> <span class='ocrx_word' id='word_1_134' title='bbox 543 2139 574 2176; x_wconf 93' lang='lat' dir='ltr'><strong>a</strong></span> <span class='ocrx_word' id='word_1_135' title='bbox 619 2126 1005 2187; x_wconf 83' lang='lat' dir='ltr'><strong>cogitationibus</strong></span> <span class='ocrx_word' id='word_1_136' title='bbox 1048 2124 1184 2184; x_wconf 83' lang='lat' dir='ltr'><strong>suis;</strong></span> 
     </span>
     <span class='ocr_line' id='line_1_30' title="bbox 187 2188 1188 2248; baseline -0.01 -4"><span class='ocrx_word' id='word_1_137' title='bbox 187 2190 484 2244; x_wconf 78' lang='lat' dir='ltr'><strong>secundum</strong></span> <span class='ocrx_word' id='word_1_138' title='bbox 520 2188 903 2238; x_wconf 87' lang='lat' dir='ltr'><strong>multitudinem</strong></span> <span class='ocrx_word' id='word_1_139' title='bbox 954 2189 1188 2248; x_wconf 87' lang='lat' dir='ltr'><strong>impieta-</strong></span> 
     </span>
     <span class='ocr_line' id='line_1_31' title="bbox 189 2251 1186 2312; baseline -0.008 -7"><span class='ocrx_word' id='word_1_140' title='bbox 189 2262 310 2305; x_wconf 85' lang='lat' dir='ltr'><strong>tum</strong></span> <span class='ocrx_word' id='word_1_141' title='bbox 358 2263 539 2302; x_wconf 89' lang='lat' dir='ltr'><strong>eorum</strong></span> <span class='ocrx_word' id='word_1_142' title='bbox 565 2252 748 2310; x_wconf 84' lang='lat' dir='ltr'><strong>expelle</strong></span> <span class='ocrx_word' id='word_1_143' title='bbox 766 2264 850 2300; x_wconf 90' lang='lat' dir='ltr'><strong>eos</strong></span> <span class='ocrx_word' id='word_1_144' title='bbox 887 2268 900 2300; x_wconf 90' lang='lat'>:</span> <span class='ocrx_word' id='word_1_145' title='bbox 943 2251 1186 2312; x_wconf 87' lang='lat' dir='ltr'><strong>quoniam</strong></span> 
     </span>
     <span class='ocr_line' id='line_1_32' title="bbox 190 2314 753 2366; baseline -0.007 0"><span class='ocrx_word' id='word_1_146' title='bbox 190 2317 538 2366; x_wconf 89' lang='lat' dir='ltr'><strong>irritaverunt</strong></span> <span class='ocrx_word' id='word_1_147' title='bbox 563 2317 609 2361; x_wconf 88' lang='lat' dir='ltr'><strong>te</strong></span> <span class='ocrx_word' id='word_1_148' title='bbox 627 2314 753 2362; x_wconf 79' lang='lat' dir='ltr'><strong>Dfie.</strong></span> 
     </span>
    </p>

    <p class='ocr_par' dir='ltr' id='par_1_13' title="bbox 192 2376 1190 2551">
     <span class='ocr_line' id='line_1_33' title="bbox 259 2376 1190 2434; baseline -0.008 -7"><span class='ocrx_word' id='word_1_149' title='bbox 259 2379 328 2427; x_wconf 89' lang='lat' dir='ltr'><strong>Et</strong></span> <span class='ocrx_word' id='word_1_150' title='bbox 371 2378 603 2425; x_wconf 84' lang='lat' dir='ltr'><strong>laetentur</strong></span> <span class='ocrx_word' id='word_1_151' title='bbox 649 2387 827 2424; x_wconf 89' lang='lat' dir='ltr'><strong>omnes</strong></span> <span class='ocrx_word' id='word_1_152' title='bbox 862 2376 952 2434; x_wconf 85' lang='lat' dir='ltr'><strong>qui</strong></span> <span class='ocrx_word' id='word_1_153' title='bbox 986 2379 1190 2434; x_wconf 85' lang='lat' dir='ltr'><strong>sperant</strong></span> 
     </span>
     <span class='ocr_line' id='line_1_34' title="bbox 192 2438 1190 2496; baseline -0.007 -6"><span class='ocrx_word' id='word_1_154' title='bbox 192 2443 251 2490; x_wconf 78' lang='lat' dir='ltr'><strong>in</strong></span> <span class='ocrx_word' id='word_1_155' title='bbox 283 2445 332 2489; x_wconf 90' lang='lat' dir='ltr'><strong>te</strong></span> <span class='ocrx_word' id='word_1_156' title='bbox 369 2454 383 2486; x_wconf 76' lang='grc' dir='ltr'><strong><em>ε</em></strong></span> <span class='ocrx_word' id='word_1_157' title='bbox 412 2438 468 2486; x_wconf 82' lang='grc' dir='ltr'><strong>ἰιι</strong></span> <span class='ocrx_word' id='word_1_158' title='bbox 502 2442 748 2486; x_wconf 86' lang='lat' dir='ltr'><strong>aeternum</strong></span> <span class='ocrx_word' id='word_1_159' title='bbox 783 2438 1109 2496; x_wconf 87' lang='lat' dir='ltr'><strong>exultabunt,</strong></span> <span class='ocrx_word' id='word_1_160' title='bbox 1142 2440 1190 2484; x_wconf 91' lang='lat' dir='ltr'><strong>et</strong></span> 
     </span>
     <span class='ocr_line' id='line_1_35' title="bbox 194 2499 644 2551; baseline -0.011 0"><span class='ocrx_word' id='word_1_161' title='bbox 194 2500 458 2551; x_wconf 82' lang='lat' dir='ltr'><strong>habitabis</strong></span> <span class='ocrx_word' id='word_1_162' title='bbox 474 2500 525 2546; x_wconf 91' lang='lat' dir='ltr'><strong>in</strong></span> <span class='ocrx_word' id='word_1_163' title='bbox 550 2499 644 2547; x_wconf 72' lang='lat' dir='ltr'><strong>eis,</strong></span> 
     </span>
    </p>

    <p class='ocr_par' dir='ltr' id='par_1_14' title="bbox 189 2560 1192 2744">
     <span class='ocr_line' id='line_1_36' title="bbox 263 2560 1192 2623; baseline -0.005 -12"><span class='ocrx_word' id='word_1_164' title='bbox 263 2564 329 2612; x_wconf 89' lang='lat' dir='ltr'><strong>Et</strong></span> <span class='ocrx_word' id='word_1_165' title='bbox 353 2561 705 2623; x_wconf 81' lang='lat' dir='ltr'><strong>gloriabuntur</strong></span> <span class='ocrx_word' id='word_1_166' title='bbox 728 2561 781 2609; x_wconf 91' lang='lat' dir='ltr'><strong>in</strong></span> <span class='ocrx_word' id='word_1_167' title='bbox 823 2566 871 2609; x_wconf 90' lang='lat' dir='ltr'><strong>te</strong></span> <span class='ocrx_word' id='word_1_168' title='bbox 894 2572 1071 2608; x_wconf 88' lang='lat' dir='ltr'><strong>omnes</strong></span> <span class='ocrx_word' id='word_1_169' title='bbox 1102 2560 1192 2619; x_wconf 90' lang='lat' dir='ltr'><strong>qui</strong></span> 
     </span>
     <span class='ocr_line' id='line_1_37' title="bbox 191 2622 1191 2684; baseline -0.007 -9"><span class='ocrx_word' id='word_1_170' title='bbox 191 2626 427 2684; x_wconf 84' lang='lat' dir='ltr'><strong>diligunt</strong></span> <span class='ocrx_word' id='word_1_171' title='bbox 445 2636 628 2671; x_wconf 89' lang='lat' dir='ltr'><strong>nomen</strong></span> <span class='ocrx_word' id='word_1_172' title='bbox 650 2628 797 2672; x_wconf 91' lang='lat' dir='ltr'><strong>tuum</strong></span> <span class='ocrx_word' id='word_1_173' title='bbox 833 2638 846 2672; x_wconf 72' lang='grc' dir='ltr'>ε</span> <span class='ocrx_word' id='word_1_174' title='bbox 872 2622 1114 2683; x_wconf 88' lang='lat' dir='ltr'><strong>quoniam</strong></span> <span class='ocrx_word' id='word_1_175' title='bbox 1136 2626 1191 2668; x_wconf 92' lang='lat' dir='ltr'><strong>tu</strong></span> 
     </span>
     <span class='ocr_line' id='line_1_38' title="bbox 189 2685 635 2744; baseline -0.009 -6"><span class='ocrx_word' id='word_1_176' title='bbox 189 2686 466 2738; x_wconf 85' lang='lat' dir='ltr'><strong>benedices</strong></span> <span class='ocrx_word' id='word_1_177' title='bbox 483 2685 635 2744; x_wconf 78' lang='lat' dir='ltr'><strong>justo.</strong></span> 
     </span>
    </p>

    <p class='ocr_par' dir='ltr' id='par_1_15' title="bbox 192 2745 1193 2860">
     <span class='ocr_line' id='line_1_39' title="bbox 260 2745 1193 2806; baseline -0.002 -10"><span class='ocrx_word' id='word_1_178' title='bbox 260 2750 407 2806; x_wconf 71' lang='lat' dir='ltr'><strong>Due,</strong></span> <span class='ocrx_word' id='word_1_179' title='bbox 448 2753 506 2794; x_wconf 91' lang='lat' dir='ltr'><strong>ut</strong></span> <span class='ocrx_word' id='word_1_180' title='bbox 551 2751 692 2795; x_wconf 87' lang='lat' dir='ltr'><strong>scuto</strong></span> <span class='ocrx_word' id='word_1_181' title='bbox 743 2747 885 2796; x_wconf 81' lang='lat' dir='ltr'><strong>bonae</strong></span> <span class='ocrx_word' id='word_1_182' title='bbox 917 2745 1193 2794; x_wconf 90' lang='lat' dir='ltr'><strong>voluntatis</strong></span> 
     </span>
     <span class='ocr_line' id='line_1_40' title="bbox 192 2809 751 2860; baseline -0.007 0"><span class='ocrx_word' id='word_1_183' title='bbox 192 2819 302 2860; x_wconf 83' lang='lat' dir='ltr'><strong>tuae</strong></span> <span class='ocrx_word' id='word_1_184' title='bbox 323 2825 337 2860; x_wconf 72' lang='grc' dir='ltr'><strong><em>ε</em></strong></span> <span class='ocrx_word' id='word_1_185' title='bbox 360 2809 612 2858; x_wconf 83' lang='lat' dir='ltr'><strong>coronasti</strong></span> <span class='ocrx_word' id='word_1_186' title='bbox 642 2821 751 2857; x_wconf 90' lang='lat' dir='ltr'><strong>nos.</strong></span> 
     </span>
    </p>

    <p class='ocr_par' dir='ltr' id='par_1_16' title="bbox 292 2869 1195 3055">
     <span class='ocr_line' id='line_1_41' title="bbox 531 2869 877 2930; baseline 0 -12"><span class='ocrx_word' id='word_1_187' title='bbox 531 2871 773 2919; x_wconf 80' lang='lat' dir='ltr'><strong>Psalmus</strong></span> <span class='ocrx_word' id='word_1_188' title='bbox 803 2869 877 2930; x_wconf 79' lang='lat' dir='ltr'><strong>vj.</strong></span> 
     </span>
     <span class='ocr_line' id='line_1_42' title="bbox 292 2932 1195 2992; baseline -0.003 -9"><span class='ocrx_word' id='word_1_189' title='bbox 292 2934 490 2991; x_wconf 86' lang='lat' dir='ltr'><strong>omine,</strong></span> <span class='ocrx_word' id='word_1_190' title='bbox 515 2945 579 2982; x_wconf 88' lang='lat' dir='ltr'><strong>ne</strong></span> <span class='ocrx_word' id='word_1_191' title='bbox 613 2933 667 2980; x_wconf 90' lang='lat' dir='ltr'><strong>in</strong></span> <span class='ocrx_word' id='word_1_192' title='bbox 692 2932 858 2980; x_wconf 78' lang='lat' dir='ltr'><strong>lurore</strong></span> <span class='ocrx_word' id='word_1_193' title='bbox 901 2935 990 2979; x_wconf 88' lang='lat' dir='ltr'><strong>tuo</strong></span> <span class='ocrx_word' id='word_1_194' title='bbox 1009 2942 1195 2992; x_wconf 86' lang='lat' dir='ltr'><strong>arguas</strong></span> 
     </span>
     <span class='ocr_line' id='line_1_43' title="bbox 294 2993 1192 3055; baseline -0.003 -11"><span class='ocrx_word' id='word_1_195' title='bbox 294 3009 375 3045; x_wconf 93' lang='lat' dir='ltr'><strong>me</strong></span> <span class='ocrx_word' id='word_1_196' title='bbox 388 3011 401 3044; x_wconf 75' lang='grc' dir='ltr'>ε</span> <span class='ocrx_word' id='word_1_197' title='bbox 415 3008 575 3055; x_wconf 88' lang='lat' dir='ltr'><strong>neque</strong></span> <span class='ocrx_word' id='word_1_198' title='bbox 586 2995 638 3042; x_wconf 90' lang='lat' dir='ltr'><strong>in</strong></span> <span class='ocrx_word' id='word_1_199' title='bbox 654 2995 731 3042; x_wconf 89' lang='lat' dir='ltr'><strong>ira</strong></span> <span class='ocrx_word' id='word_1_200' title='bbox 746 2999 831 3042; x_wconf 89' lang='lat' dir='ltr'><strong>tua</strong></span> <span class='ocrx_word' id='word_1_201' title='bbox 844 2993 1085 3052; x_wconf 88' lang='lat' dir='ltr'><strong>corripias</strong></span> <span class='ocrx_word' id='word_1_202' title='bbox 1093 3006 1192 3042; x_wconf 90' lang='lat' dir='ltr'><strong>me.</strong></span> 
     </span>
    </p>

    <p class='ocr_par' dir='ltr' id='par_1_17' title="bbox 197 3056 1197 3231">
     <span class='ocr_line' id='line_1_44' title="bbox 267 3056 1197 3115; baseline -0.008 -7"><span class='ocrx_word' id='word_1_203' title='bbox 267 3059 511 3110; x_wconf 85' lang='lat' dir='ltr'><strong>Miserere</strong></span> <span class='ocrx_word' id='word_1_204' title='bbox 535 3057 636 3105; x_wconf 91' lang='lat' dir='ltr'><strong>mei</strong></span> <span class='ocrx_word' id='word_1_205' title='bbox 657 3057 796 3113; x_wconf 70' lang='lat' dir='ltr'><strong>Due,</strong></span> <span class='ocrx_word' id='word_1_206' title='bbox 829 3056 1071 3115; x_wconf 89' lang='lat' dir='ltr'><strong>quoniam</strong></span> <span class='ocrx_word' id='word_1_207' title='bbox 1107 3056 1197 3103; x_wconf 88' lang='lat' dir='ltr'><strong>in·-</strong></span> 
     </span>
     <span class='ocr_line' id='line_1_45' title="bbox 197 3118 1194 3177; baseline -0.005 -8"><span class='ocrx_word' id='word_1_208' title='bbox 197 3122 386 3170; x_wconf 86' lang='lat' dir='ltr'><strong>firmus</strong></span> <span class='ocrx_word' id='word_1_209' title='bbox 401 3132 519 3168; x_wconf 91' lang='lat' dir='ltr'><strong>sum</strong></span> <span class='ocrx_word' id='word_1_210' title='bbox 543 3134 555 3167; x_wconf 74' lang='grc' dir='ltr'>ε</span> <span class='ocrx_word' id='word_1_211' title='bbox 575 3130 699 3167; x_wconf 89' lang='lat' dir='ltr'><strong>sana</strong></span> <span class='ocrx_word' id='word_1_212' title='bbox 720 3130 803 3166; x_wconf 90' lang='lat' dir='ltr'><strong>me</strong></span> <span class='ocrx_word' id='word_1_213' title='bbox 823 3118 935 3165; x_wconf 75' lang='lat' dir='ltr'><strong>Due</strong></span> <span class='ocrx_word' id='word_1_214' title='bbox 951 3118 1194 3177; x_wconf 87' lang='lat' dir='ltr'><strong>quoniam</strong></span> 
     </span>
     <span class='ocr_line' id='line_1_46' title="bbox 202 3182 927 3231; baseline -0.006 0"><span class='ocrx_word' id='word_1_215' title='bbox 202 3182 503 3231; x_wconf 86' lang='lat' dir='ltr'><strong>conturbata</strong></span> <span class='ocrx_word' id='word_1_216' title='bbox 525 3186 646 3229; x_wconf 90' lang='lat' dir='ltr'><strong>sunt</strong></span> <span class='ocrx_word' id='word_1_217' title='bbox 665 3192 775 3228; x_wconf 89' lang='lat' dir='ltr'><strong>ossa</strong></span> <span class='ocrx_word' id='word_1_218' title='bbox 796 3192 927 3227; x_wconf 85' lang='lat' dir='ltr'><strong>mea.</strong></span> 
     </span>
    </p>

    <p class='ocr_par' dir='ltr' id='par_1_18' title="bbox 206 3241 1194 3364">
     <span class='ocr_line' id='line_1_47' title="bbox 269 3241 1194 3293; baseline -0.004 0"><span class='ocrx_word' id='word_1_219' title='bbox 269 3244 334 3293; x_wconf 86' lang='lat' dir='ltr'><strong>Et</strong></span> <span class='ocrx_word' id='word_1_220' title='bbox 358 3244 533 3293; x_wconf 86' lang='lat' dir='ltr'><strong>anima</strong></span> <span class='ocrx_word' id='word_1_221' title='bbox 555 3255 667 3291; x_wconf 89' lang='lat' dir='ltr'><strong>mea</strong></span> <span class='ocrx_word' id='word_1_222' title='bbox 687 3242 890 3290; x_wconf 88' lang='lat' dir='ltr'><strong>turbata</strong></span> <span class='ocrx_word' id='word_1_223' title='bbox 917 3244 992 3291; x_wconf 88' lang='lat' dir='ltr'><strong>est</strong></span> <span class='ocrx_word' id='word_1_224' title='bbox 1015 3241 1158 3290; x_wconf 90' lang='lat' dir='ltr'><strong>valde</strong></span> <span class='ocrx_word' id='word_1_225' title='bbox 1181 3255 1194 3288; x_wconf 71' lang='grc' dir='ltr'><em>ε</em></span> 
     </span>
     <span class='ocr_line' id='line_1_48' title="bbox 206 3306 828 3364; baseline -0.008 -8"><span class='ocrx_word' id='word_1_226' title='bbox 206 3307 297 3356; x_wconf 84' lang='lat' dir='ltr'><strong>sed</strong></span> <span class='ocrx_word' id='word_1_227' title='bbox 314 3311 369 3353; x_wconf 94' lang='lat' dir='ltr'><strong>tu</strong></span> <span class='ocrx_word' id='word_1_228' title='bbox 394 3307 507 3354; x_wconf 80' lang='lat' dir='ltr'><strong>Dfie</strong></span> <span class='ocrx_word' id='word_1_229' title='bbox 525 3306 828 3364; x_wconf 72' lang='lat' dir='ltr'><strong>usquequo?</strong></span> 
     </span>
    </p>

    <p class='ocr_par' dir='ltr' id='par_1_19' title="bbox 203 3366 1198 3543">
     <span class='ocr_line' id='line_1_49' title="bbox 272 3366 1195 3425; baseline -0.004 -8"><span class='ocrx_word' id='word_1_230' title='bbox 272 3367 572 3418; x_wconf 88' lang='lat' dir='ltr'><strong>Convertere</strong></span> <span class='ocrx_word' id='word_1_231' title='bbox 591 3367 703 3414; x_wconf 71' lang='lat' dir='ltr'><strong>Dr&#39;ie</strong></span> <span class='ocrx_word' id='word_1_232' title='bbox 716 3401 729 3423; x_wconf 94' lang='lat'><strong><em>‚</em></strong></span> <span class='ocrx_word' id='word_1_233' title='bbox 747 3371 796 3414; x_wconf 92' lang='lat' dir='ltr'><strong>et</strong></span> <span class='ocrx_word' id='word_1_234' title='bbox 814 3366 950 3425; x_wconf 86' lang='lat' dir='ltr'><strong>eripe</strong></span> <span class='ocrx_word' id='word_1_235' title='bbox 969 3366 1195 3414; x_wconf 87' lang='lat' dir='ltr'><strong>animam</strong></span> 
     </span>
     <span class='ocr_line' id='line_1_50' title="bbox 204 3427 1198 3487; baseline -0.006 -7"><span class='ocrx_word' id='word_1_236' title='bbox 204 3443 374 3485; x_wconf 88' lang='lat' dir='ltr'><strong>meam</strong></span> <span class='ocrx_word' id='word_1_237' title='bbox 400 3445 413 3479; x_wconf 90' lang='lat'><strong>:</strong></span> <span class='ocrx_word' id='word_1_238' title='bbox 435 3430 641 3478; x_wconf 85' lang='lat' dir='ltr'><strong>salvum</strong></span> <span class='ocrx_word' id='word_1_239' title='bbox 668 3439 751 3476; x_wconf 86' lang='lat' dir='ltr'><strong>me</strong></span> <span class='ocrx_word' id='word_1_240' title='bbox 772 3427 847 3476; x_wconf 84' lang='lat' dir='ltr'><strong>l&#39;ac</strong></span> <span class='ocrx_word' id='word_1_241' title='bbox 871 3432 1070 3487; x_wconf 85' lang='lat' dir='ltr'><strong>propter</strong></span> <span class='ocrx_word' id='word_1_242' title='bbox 1092 3428 1198 3475; x_wconf 87' lang='lat' dir='ltr'><strong>mi-</strong></span> 
     </span>
     <span class='ocr_line' id='line_1_51' title="bbox 203 3492 735 3543; baseline -0.011 0"><span class='ocrx_word' id='word_1_243' title='bbox 203 3492 545 3543; x_wconf 82' lang='lat' dir='ltr'><strong>sericordiam</strong></span> <span class='ocrx_word' id='word_1_244' title='bbox 568 3493 735 3538; x_wconf 87' lang='lat' dir='ltr'><strong>tuam.</strong></span> 
     </span>
    </p>
   </div>
   <div class='ocr_carea' id='block_1_3' title="bbox 1272 451 2282 3536">
    <p class='ocr_par' dir='ltr' id='par_1_20' title="bbox 1272 451 2259 636">
     <span class='ocr_line' id='line_1_52' title="bbox 1335 451 2259 514; baseline 0.004 -15"><span class='ocrx_word' id='word_1_245' title='bbox 1335 451 1594 512; x_wconf 84' lang='lat' dir='ltr'><strong>Quoniam</strong></span> <span class='ocrx_word' id='word_1_246' title='bbox 1629 464 1730 502; x_wconf 90' lang='lat' dir='ltr'><strong>non</strong></span> <span class='ocrx_word' id='word_1_247' title='bbox 1771 458 1847 503; x_wconf 86' lang='lat' dir='ltr'><strong>est</strong></span> <span class='ocrx_word' id='word_1_248' title='bbox 1878 456 1932 503; x_wconf 85' lang='lat' dir='ltr'><strong>in</strong></span> <span class='ocrx_word' id='word_1_249' title='bbox 1970 458 2132 502; x_wconf 89' lang='lat' dir='ltr'><strong>morte</strong></span> <span class='ocrx_word' id='word_1_250' title='bbox 2170 456 2259 514; x_wconf 79' lang='lat' dir='ltr'><strong>qui</strong></span> 
     </span>
     <span class='ocr_line' id='line_1_53' title="bbox 1273 516 2257 566; baseline 0.004 -4"><span class='ocrx_word' id='word_1_251' title='bbox 1273 526 1467 563; x_wconf 88' lang='lat' dir='ltr'><strong>memor</strong></span> <span class='ocrx_word' id='word_1_252' title='bbox 1497 516 1564 562; x_wconf 89' lang='lat' dir='ltr'><strong>sit</strong></span> <span class='ocrx_word' id='word_1_253' title='bbox 1601 516 1675 562; x_wconf 87' lang='lat' dir='ltr'><strong>tui</strong></span> <span class='ocrx_word' id='word_1_254' title='bbox 1715 531 1728 564; x_wconf 90' lang='lat'>:</span> <span class='ocrx_word' id='word_1_255' title='bbox 1758 516 1811 563; x_wconf 93' lang='lat' dir='ltr'><strong>in</strong></span> <span class='ocrx_word' id='word_1_256' title='bbox 1860 517 2056 565; x_wconf 77' lang='lat' dir='ltr'><strong>inferno</strong></span> <span class='ocrx_word' id='word_1_257' title='bbox 2089 520 2257 566; x_wconf 86' lang='lat' dir='ltr'><strong>autem</strong></span> 
     </span>
     <span class='ocr_line' id='line_1_54' title="bbox 1272 576 1884 636; baseline 0.007 -13"><span class='ocrx_word' id='word_1_258' title='bbox 1272 576 1390 636; x_wconf 82' lang='lat' dir='ltr'><strong>quis</strong></span> <span class='ocrx_word' id='word_1_259' title='bbox 1410 577 1728 626; x_wconf 86' lang='lat' dir='ltr'><strong>confitebitur</strong></span> <span class='ocrx_word' id='word_1_260' title='bbox 1754 579 1845 626; x_wconf 88' lang='lat' dir='ltr'><strong>tibi</strong></span> <span class='ocrx_word' id='word_1_261' title='bbox 1859 581 1884 627; x_wconf 75' lang='lat'><strong>⁴?</strong></span> 
     </span>
    </p>

    <p class='ocr_par' dir='ltr' id='par_1_21' title="bbox 1273 639 2262 884">
     <span class='ocr_line' id='line_1_55' title="bbox 1334 639 2261 699; baseline 0.003 -13"><span class='ocrx_word' id='word_1_262' title='bbox 1334 639 1583 687; x_wconf 81' lang='lat' dir='ltr'><strong>Laboravi</strong></span> <span class='ocrx_word' id='word_1_263' title='bbox 1614 639 1667 686; x_wconf 92' lang='lat' dir='ltr'><strong>in</strong></span> <span class='ocrx_word' id='word_1_264' title='bbox 1703 641 1893 699; x_wconf 88' lang='lat' dir='ltr'><strong>gemitu</strong></span> <span class='ocrx_word' id='word_1_265' title='bbox 1915 652 2027 689; x_wconf 89' lang='lat' dir='ltr'><strong>meo</strong></span> <span class='ocrx_word' id='word_1_266' title='bbox 2044 677 2058 699; x_wconf 89' lang='lat'>‚</span> <span class='ocrx_word' id='word_1_267' title='bbox 2084 640 2261 689; x_wconf 87' lang='lat' dir='ltr'><strong>lavabo</strong></span> 
     </span>
     <span class='ocr_line' id='line_1_56' title="bbox 1274 701 2258 760; baseline 0.004 -13"><span class='ocrx_word' id='word_1_268' title='bbox 1274 713 1359 760; x_wconf 87' lang='lat' dir='ltr'><strong>per</strong></span> <span class='ocrx_word' id='word_1_269' title='bbox 1391 701 1622 760; x_wconf 87' lang='lat' dir='ltr'><strong>singulas</strong></span> <span class='ocrx_word' id='word_1_270' title='bbox 1648 707 1814 749; x_wconf 86' lang='lat' dir='ltr'><strong>noctes</strong></span> <span class='ocrx_word' id='word_1_271' title='bbox 1836 703 2019 751; x_wconf 83' lang='lat' dir='ltr'><strong>lectum</strong></span> <span class='ocrx_word' id='word_1_272' title='bbox 2040 716 2211 751; x_wconf 89' lang='lat' dir='ltr'><strong>meum</strong></span> <span class='ocrx_word' id='word_1_273' title='bbox 2244 717 2258 751; x_wconf 74' lang='lat' dir='ltr'><strong>t</strong></span> 
     </span>
     <span class='ocr_line' id='line_1_57' title="bbox 1273 762 2262 871; baseline 0.003 -62"><span class='ocrx_word' id='word_1_274' title='bbox 1273 764 1514 871; x_wconf 54' lang='lat' dir='ltr'><strong>lacggmis</strong></span> <span class='ocrx_word' id='word_1_275' title='bbox 1549 762 1679 811; x_wconf 89' lang='lat' dir='ltr'><strong>meis</strong></span> <span class='ocrx_word' id='word_1_276' title='bbox 1711 762 1929 812; x_wconf 84' lang='lat' dir='ltr'><strong>stratum</strong></span> <span class='ocrx_word' id='word_1_277' title='bbox 1971 777 2144 814; x_wconf 89' lang='lat' dir='ltr'><strong>meum</strong></span> <span class='ocrx_word' id='word_1_278' title='bbox 2183 765 2262 813; x_wconf 93' lang='lat' dir='ltr'><strong>ri-</strong></span> 
     </span>
     <span class='ocr_line' id='line_1_58' title="bbox 1276 837 1420 884; baseline -0.007 -12"><span class='ocrx_word' id='word_1_279' title='bbox 1276 837 1336 884; x_wconf 83' lang='lat' dir='ltr'><strong>ga</strong></span> <span class='ocrx_word' id='word_1_280' title='bbox 1407 858 1420 871; x_wconf 92' lang='lat'><strong>.</strong></span> 
     </span>
    </p>

    <p class='ocr_par' dir='ltr' id='par_1_22' title="bbox 1277 886 2263 1059">
     <span class='ocr_line' id='line_1_59' title="bbox 1338 886 2262 938; baseline 0.004 -5"><span class='ocrx_word' id='word_1_281' title='bbox 1338 886 1597 935; x_wconf 87' lang='lat' dir='ltr'><strong>Turbatus</strong></span> <span class='ocrx_word' id='word_1_282' title='bbox 1653 890 1728 935; x_wconf 88' lang='lat' dir='ltr'><strong>est</strong></span> <span class='ocrx_word' id='word_1_283' title='bbox 1779 899 1810 936; x_wconf 94' lang='lat' dir='ltr'><strong>a</strong></span> <span class='ocrx_word' id='word_1_284' title='bbox 1858 887 2026 937; x_wconf 76' lang='lat' dir='ltr'><strong>rurore</strong></span> <span class='ocrx_word' id='word_1_285' title='bbox 2086 891 2262 938; x_wconf 86' lang='lat' dir='ltr'><strong>oculus</strong></span> 
     </span>
     <span class='ocr_line' id='line_1_60' title="bbox 1277 949 2263 1000; baseline 0.005 -4"><span class='ocrx_word' id='word_1_286' title='bbox 1277 960 1458 997; x_wconf 87' lang='lat' dir='ltr'><strong>meus:</strong></span> <span class='ocrx_word' id='word_1_287' title='bbox 1486 949 1762 997; x_wconf 86' lang='lat' dir='ltr'><strong>inveteravi</strong></span> <span class='ocrx_word' id='word_1_288' title='bbox 1796 950 1927 998; x_wconf 89' lang='lat' dir='ltr'><strong>inter</strong></span> <span class='ocrx_word' id='word_1_289' title='bbox 1958 963 2135 1000; x_wconf 90' lang='lat' dir='ltr'><strong>omnes</strong></span> <span class='ocrx_word' id='word_1_290' title='bbox 2155 950 2263 1000; x_wconf 87' lang='lat' dir='ltr'><strong>ini-</strong></span> 
     </span>
     <span class='ocr_line' id='line_1_61' title="bbox 1277 1010 1618 1059; baseline 0.006 -2"><span class='ocrx_word' id='word_1_291' title='bbox 1277 1010 1437 1058; x_wconf 82' lang='lat' dir='ltr'><strong>micos</strong></span> <span class='ocrx_word' id='word_1_292' title='bbox 1460 1023 1618 1059; x_wconf 88' lang='lat' dir='ltr'><strong>meos.</strong></span> 
     </span>
    </p>

    <p class='ocr_par' dir='ltr' id='par_1_23' title="bbox 1275 1072 2266 1247">
     <span class='ocr_line' id='line_1_62' title="bbox 1340 1072 2264 1134; baseline 0.004 -15"><span class='ocrx_word' id='word_1_293' title='bbox 1340 1072 1589 1121; x_wconf 86' lang='lat' dir='ltr'><strong>Discedite</strong></span> <span class='ocrx_word' id='word_1_294' title='bbox 1605 1087 1633 1121; x_wconf 89' lang='lat' dir='ltr'><strong>a</strong></span> <span class='ocrx_word' id='word_1_295' title='bbox 1653 1086 1736 1122; x_wconf 89' lang='lat' dir='ltr'><strong>me</strong></span> <span class='ocrx_word' id='word_1_296' title='bbox 1761 1087 1939 1123; x_wconf 89' lang='lat' dir='ltr'><strong>omnes</strong></span> <span class='ocrx_word' id='word_1_297' title='bbox 1963 1075 2052 1133; x_wconf 85' lang='lat' dir='ltr'><strong>qui</strong></span> <span class='ocrx_word' id='word_1_298' title='bbox 2082 1087 2264 1134; x_wconf 87' lang='lat' dir='ltr'><strong>opera-</strong></span> 
     </span>
     <span class='ocr_line' id='line_1_63' title="bbox 1277 1134 2266 1196; baseline 0.005 -16"><span class='ocrx_word' id='word_1_299' title='bbox 1277 1134 1409 1182; x_wconf 92' lang='lat' dir='ltr'><strong>mini</strong></span> <span class='ocrx_word' id='word_1_300' title='bbox 1443 1135 1766 1195; x_wconf 84' lang='lat' dir='ltr'><strong>iniquitatem</strong></span> <span class='ocrx_word' id='word_1_301' title='bbox 1792 1152 1805 1185; x_wconf 76' lang='lat' dir='ltr'><em>z</em></span> <span class='ocrx_word' id='word_1_302' title='bbox 1832 1137 2075 1196; x_wconf 85' lang='lat' dir='ltr'><strong>quoniam</strong></span> <span class='ocrx_word' id='word_1_303' title='bbox 2107 1150 2266 1186; x_wconf 86' lang='lat' dir='ltr'><strong>exau-</strong></span> 
     </span>
     <span class='ocr_line' id='line_1_64' title="bbox 1275 1196 2041 1247; baseline 0.004 -3"><span class='ocrx_word' id='word_1_304' title='bbox 1275 1196 1405 1244; x_wconf 89' lang='lat' dir='ltr'><strong>divit</strong></span> <span class='ocrx_word' id='word_1_305' title='bbox 1424 1197 1533 1245; x_wconf 80' lang='lat' dir='ltr'><strong>Dns</strong></span> <span class='ocrx_word' id='word_1_306' title='bbox 1558 1210 1729 1246; x_wconf 87' lang='lat' dir='ltr'><strong>vocem</strong></span> <span class='ocrx_word' id='word_1_307' title='bbox 1749 1199 1895 1247; x_wconf 87' lang='lat' dir='ltr'><strong>fletus</strong></span> <span class='ocrx_word' id='word_1_308' title='bbox 1919 1199 2041 1247; x_wconf 87' lang='lat' dir='ltr'><strong>mei.</strong></span> 
     </span>
    </p>

    <p class='ocr_par' dir='ltr' id='par_1_24' title="bbox 1280 1258 2267 1442">
     <span class='ocr_line' id='line_1_65' title="bbox 1339 1258 2262 1320; baseline 0.004 -14"><span class='ocrx_word' id='word_1_309' title='bbox 1339 1258 1610 1307; x_wconf 78' lang='lat' dir='ltr'><strong>Exaudivit</strong></span> <span class='ocrx_word' id='word_1_310' title='bbox 1685 1262 1794 1308; x_wconf 73' lang='lat' dir='ltr'><strong>Dus</strong></span> <span class='ocrx_word' id='word_1_311' title='bbox 1863 1262 2262 1320; x_wconf 83' lang='lat' dir='ltr'><strong>deprecationem</strong></span> 
     </span>
     <span class='ocr_line' id='line_1_66' title="bbox 1280 1323 2267 1428; baseline 0.003 -60"><span class='ocrx_word' id='word_1_312' title='bbox 1280 1332 1447 1428; x_wconf 60' lang='lat' dir='ltr'><strong>meatui</strong></span> <span class='ocrx_word' id='word_1_313' title='bbox 1471 1337 1484 1369; x_wconf 70' lang='grc' dir='ltr'>ι</span> <span class='ocrx_word' id='word_1_314' title='bbox 1507 1323 1616 1370; x_wconf 72' lang='lat' dir='ltr'><strong>Diis</strong></span> <span class='ocrx_word' id='word_1_315' title='bbox 1645 1325 1924 1371; x_wconf 87' lang='lat' dir='ltr'><strong>orationem</strong></span> <span class='ocrx_word' id='word_1_316' title='bbox 1949 1335 2117 1371; x_wconf 89' lang='lat' dir='ltr'><strong>meam</strong></span> <span class='ocrx_word' id='word_1_317' title='bbox 2143 1335 2267 1371; x_wconf 81' lang='lat' dir='ltr'><strong>sus·-</strong></span> 
     </span>
     <span class='ocr_line' id='line_1_67' title="bbox 1280 1394 1983 1442; baseline -0.001 -12"><span class='ocrx_word' id='word_1_318' title='bbox 1280 1394 1386 1441; x_wconf 80' lang='lat' dir='ltr'><strong>cepi</strong></span> <span class='ocrx_word' id='word_1_319' title='bbox 1415 1416 1428 1429; x_wconf 92' lang='lat'><strong>.</strong></span> <span class='ocrx_word' id='word_1_320' title='bbox 1969 1427 1983 1442; x_wconf 76' lang='grc'><em>,</em></span> 
     </span>
    </p>

    <p class='ocr_par' dir='ltr' id='par_1_25' title="bbox 1281 1444 2269 1741">
     <span class='ocr_line' id='line_1_68' title="bbox 1343 1444 2269 1494; baseline 0.004 -4"><span class='ocrx_word' id='word_1_321' title='bbox 1343 1444 1656 1493; x_wconf 80' lang='lat' dir='ltr'><strong>Erubeseant</strong></span> <span class='ocrx_word' id='word_1_322' title='bbox 1668 1450 1718 1494; x_wconf 89' lang='lat' dir='ltr'><strong>et</strong></span> <span class='ocrx_word' id='word_1_323' title='bbox 1736 1446 2101 1494; x_wconf 87' lang='lat' dir='ltr'><strong>conturbentur</strong></span> <span class='ocrx_word' id='word_1_324' title='bbox 2122 1445 2269 1494; x_wconf 86' lang='lat' dir='ltr'><strong>vehe-</strong></span> 
     </span>
     <span class='ocr_line' id='line_1_69' title="bbox 1281 1508 2269 1556; baseline 0.002 -3"><span class='ocrx_word' id='word_1_325' title='bbox 1281 1509 1478 1553; x_wconf 84' lang='lat' dir='ltr'><strong>menter</strong></span> <span class='ocrx_word' id='word_1_326' title='bbox 1497 1519 1674 1554; x_wconf 91' lang='lat' dir='ltr'><strong>omnes</strong></span> <span class='ocrx_word' id='word_1_327' title='bbox 1692 1508 1891 1554; x_wconf 77' lang='lat' dir='ltr'><strong>inimici</strong></span> <span class='ocrx_word' id='word_1_328' title='bbox 1908 1508 2011 1555; x_wconf 88' lang='lat' dir='ltr'><strong>mei</strong></span> <span class='ocrx_word' id='word_1_329' title='bbox 2031 1523 2044 1555; x_wconf 71' lang='grc' dir='ltr'><strong><em>ε</em></strong></span> <span class='ocrx_word' id='word_1_330' title='bbox 2063 1520 2269 1556; x_wconf 85' lang='lat' dir='ltr'><strong>conver-</strong></span> 
     </span>
     <span class='ocr_line' id='line_1_70' title="bbox 1281 1569 2265 1618; baseline 0.004 -4"><span class='ocrx_word' id='word_1_331' title='bbox 1281 1572 1454 1615; x_wconf 88' lang='lat' dir='ltr'><strong>tantur</strong></span> <span class='ocrx_word' id='word_1_332' title='bbox 1476 1573 1525 1616; x_wconf 93' lang='lat' dir='ltr'><strong>et</strong></span> <span class='ocrx_word' id='word_1_333' title='bbox 1538 1570 1835 1618; x_wconf 86' lang='lat' dir='ltr'><strong>erubescant</strong></span> <span class='ocrx_word' id='word_1_334' title='bbox 1854 1569 1998 1618; x_wconf 88' lang='lat' dir='ltr'><strong>valde</strong></span> <span class='ocrx_word' id='word_1_335' title='bbox 2015 1570 2265 1618; x_wconf 82' lang='lat' dir='ltr'><strong>velociter.</strong></span> 
     </span>
     <span class='ocr_line' id='line_1_71' title="bbox 1281 1630 2269 1741; baseline 0.003 -63"><span class='ocrx_word' id='word_1_336' title='bbox 1281 1630 1519 1741; x_wconf 74' lang='lat' dir='ltr'><strong>SaGloria</strong></span> <span class='ocrx_word' id='word_1_337' title='bbox 1535 1631 1704 1690; x_wconf 90' lang='lat' dir='ltr'><strong>Patri,</strong></span> <span class='ocrx_word' id='word_1_338' title='bbox 1724 1636 1772 1679; x_wconf 90' lang='lat' dir='ltr'><strong>et</strong></span> <span class='ocrx_word' id='word_1_339' title='bbox 1792 1631 1923 1679; x_wconf 86' lang='lat' dir='ltr'><strong>Filio</strong></span> <span class='ocrx_word' id='word_1_340' title='bbox 1950 1634 2030 1680; x_wconf 89' lang='lat' dir='ltr'><strong>:et</strong></span> <span class='ocrx_word' id='word_1_341' title='bbox 2053 1631 2269 1692; x_wconf 88' lang='lat' dir='ltr'><strong>Spiritui</strong></span> 
     </span>
    </p>

    <p class='ocr_par' dir='ltr' id='par_1_26' title="bbox 1348 1697 1480 1741">
     <span class='ocr_line' id='line_1_72' title="bbox 1348 1697 1480 1741; baseline 0.008 -1"><span class='ocrx_word' id='word_1_342' title='bbox 1348 1697 1480 1741; x_wconf 84' lang='lat' dir='ltr'><strong>neto.</strong></span> 
     </span>
    </p>

    <p class='ocr_par' dir='ltr' id='par_1_27' title="bbox 1282 1754 2267 1941">
     <span class='ocr_line' id='line_1_73' title="bbox 1346 1754 2267 1817; baseline 0 -12"><span class='ocrx_word' id='word_1_343' title='bbox 1346 1755 1485 1805; x_wconf 91' lang='lat' dir='ltr'><strong>Sicut</strong></span> <span class='ocrx_word' id='word_1_344' title='bbox 1501 1758 1608 1805; x_wconf 89' lang='lat' dir='ltr'><strong>erat</strong></span> <span class='ocrx_word' id='word_1_345' title='bbox 1638 1754 1708 1817; x_wconf 86' lang='lat' dir='ltr'><strong>[in</strong></span> <span class='ocrx_word' id='word_1_346' title='bbox 1727 1755 1975 1816; x_wconf 87' lang='lat' dir='ltr'><strong>principio</strong></span> <span class='ocrx_word' id='word_1_347' title='bbox 1992 1793 2005 1814; x_wconf 91' lang='lat'>‚</span> <span class='ocrx_word' id='word_1_348' title='bbox 2026 1761 2075 1806; x_wconf 90' lang='lat' dir='ltr'><strong>et</strong></span> <span class='ocrx_word' id='word_1_349' title='bbox 2097 1768 2235 1805; x_wconf 85' lang='lat' dir='ltr'><strong>nunc</strong></span> <span class='ocrx_word' id='word_1_350' title='bbox 2252 1791 2267 1814; x_wconf 85' lang='lat'><em>‚</em></span> 
     </span>
     <span class='ocr_line' id='line_1_74' title="bbox 1282 1818 2266 1941; baseline 0 -75"><span class='ocrx_word' id='word_1_351' title='bbox 1282 1822 1333 1927; x_wconf 50' lang='lat' dir='ltr'><strong>tx</strong></span> <span class='ocrx_word' id='word_1_352' title='bbox 1351 1830 1548 1941; x_wconf 74' lang='lat' dir='ltr'><strong>sem]per</strong></span> <span class='ocrx_word' id='word_1_353' title='bbox 1574 1824 1650 1868; x_wconf 88' lang='lat' dir='ltr'><strong>:et</strong></span> <span class='ocrx_word' id='word_1_354' title='bbox 1674 1818 1728 1866; x_wconf 90' lang='lat' dir='ltr'><strong>in</strong></span> <span class='ocrx_word' id='word_1_355' title='bbox 1748 1819 1929 1868; x_wconf 80' lang='lat' dir='ltr'><strong>saecula</strong></span> <span class='ocrx_word' id='word_1_356' title='bbox 1944 1819 2266 1867; x_wconf 83' lang='lat' dir='ltr'><strong>saeculorum.</strong></span> 
     </span>
    </p>

    <p class='ocr_par' dir='ltr' id='par_1_28' title="bbox 1336 1893 1499 1929">
     <span class='ocr_line' id='line_1_75' title="bbox 1336 1893 1499 1929; baseline 0.006 -1"><span class='ocrx_word' id='word_1_357' title='bbox 1336 1893 1453 1929; x_wconf 92' lang='lat' dir='ltr'><strong>men</strong></span> <span class='ocrx_word' id='word_1_358' title='bbox 1486 1916 1499 1929; x_wconf 92' lang='lat'><strong>.</strong></span> 
     </span>
    </p>

    <p class='ocr_par' dir='ltr' id='par_1_29' title="bbox 1282 1940 2273 2248">
     <span class='ocr_line' id='line_1_76' title="bbox 1346 1940 2270 2002; baseline 0 -14"><span class='ocrx_word' id='word_1_359' title='bbox 1346 1942 1410 1988; x_wconf 77' lang='lat' dir='ltr'><strong>In</strong></span> <span class='ocrx_word' id='word_1_360' title='bbox 1425 1940 1657 1990; x_wconf 77' lang='lat' dir='ltr'><strong>omnibus</strong></span> <span class='ocrx_word' id='word_1_361' title='bbox 1678 1942 1960 1989; x_wconf 75' lang='lat' dir='ltr'><strong>Dominicis</strong></span> <span class='ocrx_word' id='word_1_362' title='bbox 1989 1940 2158 1989; x_wconf 77' lang='lat' dir='ltr'><strong>diebus</strong></span> <span class='ocrx_word' id='word_1_363' title='bbox 2174 1955 2270 2002; x_wconf 84' lang='lat' dir='ltr'><strong>per</strong></span> 
     </span>
     <span class='ocr_line' id='line_1_77' title="bbox 1282 2004 2272 2065; baseline -0.001 -14"><span class='ocrx_word' id='word_1_364' title='bbox 1282 2004 1413 2052; x_wconf 78' lang='lat' dir='ltr'><strong>Adv.</strong></span> <span class='ocrx_word' id='word_1_365' title='bbox 1434 2016 1592 2065; x_wconf 78' lang='lat' dir='ltr'><strong>usque</strong></span> <span class='ocrx_word' id='word_1_366' title='bbox 1606 2005 1674 2050; x_wconf 83' lang='lat' dir='ltr'><strong>ad</strong></span> <span class='ocrx_word' id='word_1_367' title='bbox 1686 2004 1860 2052; x_wconf 83' lang='lat' dir='ltr'><strong>Nativ.</strong></span> <span class='ocrx_word' id='word_1_368' title='bbox 1877 2004 2000 2061; x_wconf 72' lang='lat' dir='ltr'><strong>Dni,</strong></span> <span class='ocrx_word' id='word_1_369' title='bbox 2023 2004 2087 2049; x_wconf 82' lang='lat' dir='ltr'><strong>In</strong></span> <span class='ocrx_word' id='word_1_370' title='bbox 2102 2005 2272 2063; x_wconf 73' lang='lat' dir='ltr'><strong>primo</strong></span> 
     </span>
     <span class='ocr_line' id='line_1_78' title="bbox 1283 2064 2269 2124; baseline -0.001 -12"><span class='ocrx_word' id='word_1_371' title='bbox 1283 2064 1544 2113; x_wconf 80' lang='lat' dir='ltr'><strong>Nocturno</strong></span> <span class='ocrx_word' id='word_1_372' title='bbox 1555 2066 1870 2124; x_wconf 80' lang='lat' dir='ltr'><strong>Antiphona.</strong></span> <span class='ocrx_word' id='word_1_373' title='bbox 1883 2066 1994 2113; x_wconf 89' lang='lat' dir='ltr'><strong>Non</strong></span> <span class='ocrx_word' id='word_1_374' title='bbox 2014 2064 2269 2112; x_wconf 82' lang='lat' dir='ltr'><strong>auferetur</strong></span> 
     </span>
     <span class='ocr_line' id='line_1_79' title="bbox 1282 2124 2273 2185; baseline 0 -11"><span class='ocrx_word' id='word_1_375' title='bbox 1282 2131 1537 2185; x_wconf 86' lang='lat' dir='ltr'><strong>sceptrum</strong></span> <span class='ocrx_word' id='word_1_376' title='bbox 1554 2127 1615 2173; x_wconf 88' lang='lat' dir='ltr'><strong>de</strong></span> <span class='ocrx_word' id='word_1_377' title='bbox 1635 2126 1664 2172; x_wconf 84' lang='lat' dir='ltr'>J</span> <span class='ocrx_word' id='word_1_378' title='bbox 1670 2127 1789 2184; x_wconf 83' lang='lat' dir='ltr'><strong>uda,</strong></span> <span class='ocrx_word' id='word_1_379' title='bbox 1822 2131 1871 2174; x_wconf 87' lang='lat' dir='ltr'><strong>et</strong></span> <span class='ocrx_word' id='word_1_380' title='bbox 1890 2126 1989 2173; x_wconf 88' lang='lat' dir='ltr'><strong>dux</strong></span> <span class='ocrx_word' id='word_1_381' title='bbox 2005 2126 2066 2173; x_wconf 89' lang='lat' dir='ltr'><strong>de</strong></span> <span class='ocrx_word' id='word_1_382' title='bbox 2089 2124 2273 2174; x_wconf 76' lang='lat' dir='ltr'><strong>femore</strong></span> 
     </span>
     <span class='ocr_line' id='line_1_80' title="bbox 1283 2187 2271 2248; baseline -0.001 -11"><span class='ocrx_word' id='word_1_383' title='bbox 1283 2188 1409 2248; x_wconf 78' lang='lat' dir='ltr'><strong>eJuS‚</strong></span> <span class='ocrx_word' id='word_1_384' title='bbox 1425 2189 1581 2238; x_wconf 88' lang='lat' dir='ltr'><strong>donec</strong></span> <span class='ocrx_word' id='word_1_385' title='bbox 1596 2188 1766 2236; x_wconf 86' lang='lat' dir='ltr'><strong>veniat</strong></span> <span class='ocrx_word' id='word_1_386' title='bbox 1781 2187 1870 2248; x_wconf 88' lang='lat' dir='ltr'><strong>qui</strong></span> <span class='ocrx_word' id='word_1_387' title='bbox 1885 2187 2164 2235; x_wconf 89' lang='lat' dir='ltr'><strong>mittendus</strong></span> <span class='ocrx_word' id='word_1_388' title='bbox 2179 2192 2271 2237; x_wconf 86' lang='lat' dir='ltr'><strong>est.</strong></span> 
     </span>
    </p>

    <p class='ocr_par' dir='ltr' id='par_1_30' title="bbox 1280 2248 2274 2559">
     <span class='ocr_line' id='line_1_81' title="bbox 1348 2248 2274 2310; baseline -0.001 -14"><span class='ocrx_word' id='word_1_389' title='bbox 1348 2250 1413 2296; x_wconf 85' lang='lat' dir='ltr'><strong>In</strong></span> <span class='ocrx_word' id='word_1_390' title='bbox 1429 2250 1661 2298; x_wconf 79' lang='lat' dir='ltr'><strong>omnibus</strong></span> <span class='ocrx_word' id='word_1_391' title='bbox 1681 2250 1832 2298; x_wconf 84' lang='lat' dir='ltr'><strong>Dom.</strong></span> <span class='ocrx_word' id='word_1_392' title='bbox 1850 2248 1912 2297; x_wconf 87' lang='lat' dir='ltr'><strong>ab</strong></span> <span class='ocrx_word' id='word_1_393' title='bbox 1940 2248 2132 2297; x_wconf 69' lang='lat' dir='ltr'><strong>Octava</strong></span> <span class='ocrx_word' id='word_1_394' title='bbox 2148 2250 2274 2310; x_wconf 78' lang='lat' dir='ltr'><strong>Epi-</strong></span> 
     </span>
     <span class='ocr_line' id='line_1_82' title="bbox 1280 2311 2272 2376; baseline -0.001 -18"><span class='ocrx_word' id='word_1_395' title='bbox 1280 2312 1489 2374; x_wconf 76' lang='lat' dir='ltr'><strong>phaniae</strong></span> <span class='ocrx_word' id='word_1_396' title='bbox 1518 2320 1672 2376; x_wconf 67' lang='lat' dir='ltr'><strong>usque</strong></span> <span class='ocrx_word' id='word_1_397' title='bbox 1711 2313 1780 2360; x_wconf 81' lang='lat' dir='ltr'><strong>ad</strong></span> <span class='ocrx_word' id='word_1_398' title='bbox 1814 2312 2114 2360; x_wconf 79' lang='lat' dir='ltr'><strong>Passionem</strong></span> <span class='ocrx_word' id='word_1_399' title='bbox 2139 2311 2272 2369; x_wconf 63' lang='lat' dir='ltr'><strong>Dfii,</strong></span> 
     </span>
     <span class='ocr_line' id='line_1_83' title="bbox 1285 2374 2274 2436; baseline 0.001 -16"><span class='ocrx_word' id='word_1_400' title='bbox 1285 2376 1490 2436; x_wconf 81' lang='lat' dir='ltr'><strong>quando</strong></span> <span class='ocrx_word' id='word_1_401' title='bbox 1529 2377 1590 2424; x_wconf 83' lang='lat' dir='ltr'><strong>de</strong></span> <span class='ocrx_word' id='word_1_402' title='bbox 1624 2374 1895 2422; x_wconf 78' lang='lat' dir='ltr'><strong>Dominicd</strong></span> <span class='ocrx_word' id='word_1_403' title='bbox 1927 2375 2118 2435; x_wconf 66' lang='lat' dir='ltr'><strong>emitur,</strong></span> <span class='ocrx_word' id='word_1_404' title='bbox 2153 2375 2219 2421; x_wconf 79' lang='lat' dir='ltr'><strong>In</strong></span> <span class='ocrx_word' id='word_1_405' title='bbox 2239 2374 2274 2434; x_wconf 84' lang='lat' dir='ltr'><em>j</em></span> 
     </span>
     <span class='ocr_line' id='line_1_84' title="bbox 1284 2435 2274 2499; baseline -0.001 -14"><span class='ocrx_word' id='word_1_406' title='bbox 1284 2437 1430 2485; x_wconf 82' lang='lat' dir='ltr'><strong>Noct.</strong></span> <span class='ocrx_word' id='word_1_407' title='bbox 1467 2439 1528 2487; x_wconf 78' lang='lat' dir='ltr'><strong>A.</strong></span> <span class='ocrx_word' id='word_1_408' title='bbox 1549 2438 1741 2487; x_wconf 84' lang='lat' dir='ltr'><strong>Servite</strong></span> <span class='ocrx_word' id='word_1_409' title='bbox 1761 2438 1873 2485; x_wconf 76' lang='lat' dir='ltr'><strong>Dfio</strong></span> <span class='ocrx_word' id='word_1_410' title='bbox 1892 2438 1945 2484; x_wconf 89' lang='lat' dir='ltr'><strong>in</strong></span> <span class='ocrx_word' id='word_1_411' title='bbox 1968 2437 2176 2497; x_wconf 88' lang='lat' dir='ltr'><strong>timore,</strong></span> <span class='ocrx_word' id='word_1_412' title='bbox 2208 2435 2274 2499; x_wconf 90' lang='lat' dir='ltr'><strong>[et</strong></span> 
     </span>
     <span class='ocr_line' id='line_1_85' title="bbox 1287 2498 1982 2559; baseline -0.003 -11"><span class='ocrx_word' id='word_1_413' title='bbox 1287 2499 1502 2548; x_wconf 85' lang='lat' dir='ltr'><strong>exultate</strong></span> <span class='ocrx_word' id='word_1_414' title='bbox 1522 2501 1567 2549; x_wconf 89' lang='lat' dir='ltr'><strong>ei</strong></span> <span class='ocrx_word' id='word_1_415' title='bbox 1589 2513 1706 2548; x_wconf 90' lang='lat' dir='ltr'><strong>cum</strong></span> <span class='ocrx_word' id='word_1_416' title='bbox 1730 2498 1982 2559; x_wconf 61' lang='lat' dir='ltr'><strong>tremore]</strong></span> 
     </span>
    </p>

    <p class='ocr_par' dir='ltr' id='par_1_31' title="bbox 1284 2559 2275 2928">
     <span class='ocr_line' id='line_1_86' title="bbox 1350 2559 2274 2609; baseline -0.001 -2"><span class='ocrx_word' id='word_1_417' title='bbox 1350 2561 1414 2607; x_wconf 78' lang='lat' dir='ltr'><strong>In</strong></span> <span class='ocrx_word' id='word_1_418' title='bbox 1426 2561 1658 2609; x_wconf 74' lang='lat' dir='ltr'><strong>omnibus</strong></span> <span class='ocrx_word' id='word_1_419' title='bbox 1669 2562 1820 2609; x_wconf 87' lang='lat' dir='ltr'><strong>Dom.</strong></span> <span class='ocrx_word' id='word_1_420' title='bbox 1833 2559 1867 2608; x_wconf 81' lang='grc' dir='ltr'><em>ὰ</em></span> <span class='ocrx_word' id='word_1_421' title='bbox 1882 2559 2153 2607; x_wconf 76' lang='lat' dir='ltr'><strong>Dominicd</strong></span> <span class='ocrx_word' id='word_1_422' title='bbox 2170 2559 2274 2606; x_wconf 66' lang='lat' dir='ltr'><strong>Tri·</strong></span> 
     </span>
     <span class='ocr_line' id='line_1_87' title="bbox 1284 2620 2275 2684; baseline -0.001 -16"><span class='ocrx_word' id='word_1_423' title='bbox 1284 2622 1468 2669; x_wconf 78' lang='lat' dir='ltr'><strong>nitatis</strong></span> <span class='ocrx_word' id='word_1_424' title='bbox 1484 2637 1636 2684; x_wconf 83' lang='lat' dir='ltr'><strong>usque</strong></span> <span class='ocrx_word' id='word_1_425' title='bbox 1660 2624 1729 2670; x_wconf 83' lang='lat' dir='ltr'><strong>ad</strong></span> <span class='ocrx_word' id='word_1_426' title='bbox 1754 2623 1884 2669; x_wconf 85' lang='lat' dir='ltr'><strong>Adv.</strong></span> <span class='ocrx_word' id='word_1_427' title='bbox 1911 2620 2035 2677; x_wconf 66' lang='lat' dir='ltr'><strong>Dat,</strong></span> <span class='ocrx_word' id='word_1_428' title='bbox 2071 2622 2275 2681; x_wconf 76' lang='lat' dir='ltr'><strong>quando</strong></span> 
     </span>
     <span class='ocr_line' id='line_1_88' title="bbox 1286 2681 2274 2743; baseline -0.002 -13"><span class='ocrx_word' id='word_1_429' title='bbox 1286 2685 1346 2731; x_wconf 85' lang='lat' dir='ltr'><strong>de</strong></span> <span class='ocrx_word' id='word_1_430' title='bbox 1367 2684 1518 2731; x_wconf 83' lang='lat' dir='ltr'><strong>Dom.</strong></span> <span class='ocrx_word' id='word_1_431' title='bbox 1551 2684 1743 2743; x_wconf 68' lang='lat' dir='ltr'><strong>aqitur,</strong></span> <span class='ocrx_word' id='word_1_432' title='bbox 1770 2683 1833 2728; x_wconf 78' lang='lat' dir='ltr'><strong>In</strong></span> <span class='ocrx_word' id='word_1_433' title='bbox 1850 2681 1881 2741; x_wconf 83' lang='lat' dir='ltr'><strong><em>j</em></strong></span> <span class='ocrx_word' id='word_1_434' title='bbox 1902 2682 2045 2730; x_wconf 75' lang='lat' dir='ltr'><strong>Noot.</strong></span> <span class='ocrx_word' id='word_1_435' title='bbox 2078 2683 2141 2728; x_wconf 83' lang='lat' dir='ltr'><strong>A.</strong></span> <span class='ocrx_word' id='word_1_436' title='bbox 2175 2682 2274 2729; x_wconf 90' lang='lat' dir='ltr'><strong>Pro</strong></span> 
     </span>
     <span class='ocr_line' id='line_1_89' title="bbox 1285 2742 2272 2800; baseline -0.003 -7"><span class='ocrx_word' id='word_1_437' title='bbox 1285 2745 1404 2793; x_wconf 80' lang='lat' dir='ltr'><strong>fidei</strong></span> <span class='ocrx_word' id='word_1_438' title='bbox 1424 2746 1624 2793; x_wconf 88' lang='lat' dir='ltr'><strong>meritis</strong></span> <span class='ocrx_word' id='word_1_439' title='bbox 1646 2745 1893 2792; x_wconf 87' lang='lat' dir='ltr'><strong>vocitatur</strong></span> <span class='ocrx_word' id='word_1_440' title='bbox 1926 2742 2041 2800; x_wconf 82' lang='lat' dir='ltr'><strong>jure</strong></span> <span class='ocrx_word' id='word_1_441' title='bbox 2063 2742 2272 2790; x_wconf 86' lang='lat' dir='ltr'><strong>beatus:</strong></span> 
     </span>
     <span class='ocr_line' id='line_1_90' title="bbox 1289 2805 2274 2867; baseline -0.001 -13"><span class='ocrx_word' id='word_1_442' title='bbox 1289 2807 1449 2865; x_wconf 89' lang='lat' dir='ltr'><strong>legem</strong></span> <span class='ocrx_word' id='word_1_443' title='bbox 1498 2807 1590 2867; x_wconf 82' lang='lat' dir='ltr'><strong>qui</strong></span> <span class='ocrx_word' id='word_1_444' title='bbox 1640 2806 1745 2855; x_wconf 76' lang='lat' dir='ltr'><strong>Dni·</strong></span> <span class='ocrx_word' id='word_1_445' title='bbox 1798 2805 2073 2854; x_wconf 86' lang='lat' dir='ltr'><strong>meditatur</strong></span> <span class='ocrx_word' id='word_1_446' title='bbox 2130 2809 2274 2853; x_wconf 88' lang='lat' dir='ltr'><strong>nocte</strong></span> 
     </span>
     <span class='ocr_line' id='line_1_91' title="bbox 1290 2869 1489 2928; baseline 0 -10"><span class='ocrx_word' id='word_1_447' title='bbox 1290 2869 1489 2928; x_wconf 87' lang='lat' dir='ltr'><strong>dieque.</strong></span> 
     </span>
    </p>

    <p class='ocr_par' dir='ltr' id='par_1_32' title="bbox 1291 2929 2280 3176">
     <span class='ocr_line' id='line_1_92' title="bbox 1605 2929 1964 2991; baseline 0 -13"><span class='ocrx_word' id='word_1_448' title='bbox 1605 2931 1848 2979; x_wconf 79' lang='lat' dir='ltr'><strong>Psalmus</strong></span> <span class='ocrx_word' id='word_1_449' title='bbox 1871 2929 1964 2991; x_wconf 81' lang='lat' dir='ltr'><strong>vij.</strong></span> 
     </span>
     <span class='ocr_line' id='line_1_93' title="bbox 1291 2993 2275 3103; baseline -0.005 -61"><span class='ocrx_word' id='word_1_450' title='bbox 1291 2993 1551 3103; x_wconf 82' lang='lat' dir='ltr'><strong>Domine</strong></span> <span class='ocrx_word' id='word_1_451' title='bbox 1568 2994 1706 3042; x_wconf 89' lang='lat' dir='ltr'><strong>Deus</strong></span> <span class='ocrx_word' id='word_1_452' title='bbox 1726 3005 1889 3051; x_wconf 89' lang='lat' dir='ltr'><strong>meus,</strong></span> <span class='ocrx_word' id='word_1_453' title='bbox 1908 2993 1960 3040; x_wconf 92' lang='lat' dir='ltr'><strong>in</strong></span> <span class='ocrx_word' id='word_1_454' title='bbox 1980 2996 2027 3040; x_wconf 89' lang='lat' dir='ltr'><strong>te</strong></span> <span class='ocrx_word' id='word_1_455' title='bbox 2042 2993 2240 3053; x_wconf 89' lang='lat' dir='ltr'><strong>speravi</strong></span> <span class='ocrx_word' id='word_1_456' title='bbox 2262 3005 2275 3037; x_wconf 74' lang='grc' dir='ltr'><strong>ε</strong></span> 
     </span>
     <span class='ocr_line' id='line_1_94' title="bbox 1380 3056 2280 3114; baseline -0.002 -11"><span class='ocrx_word' id='word_1_457' title='bbox 1380 3057 1581 3104; x_wconf 87' lang='lat' dir='ltr'><strong>salvum</strong></span> <span class='ocrx_word' id='word_1_458' title='bbox 1614 3068 1697 3104; x_wconf 91' lang='lat' dir='ltr'><strong>me</strong></span> <span class='ocrx_word' id='word_1_459' title='bbox 1724 3056 1797 3104; x_wconf 82' lang='lat' dir='ltr'><strong>sac</strong></span> <span class='ocrx_word' id='word_1_460' title='bbox 1823 3068 1877 3103; x_wconf 87' lang='lat' dir='ltr'><strong>ex</strong></span> <span class='ocrx_word' id='word_1_461' title='bbox 1901 3056 2139 3103; x_wconf 89' lang='lat' dir='ltr'><strong>omnibus</strong></span> <span class='ocrx_word' id='word_1_462' title='bbox 2160 3068 2280 3114; x_wconf 91' lang='lat' dir='ltr'><strong>per-</strong></span> 
     </span>
     <span class='ocr_line' id='line_1_95' title="bbox 1292 3116 2122 3176; baseline -0.001 -11"><span class='ocrx_word' id='word_1_463' title='bbox 1292 3119 1622 3176; x_wconf 84' lang='lat' dir='ltr'><strong>sequentibus</strong></span> <span class='ocrx_word' id='word_1_464' title='bbox 1648 3129 1730 3165; x_wconf 90' lang='lat' dir='ltr'><strong>me</strong></span> <span class='ocrx_word' id='word_1_465' title='bbox 1745 3155 1758 3175; x_wconf 94' lang='lat'><strong><em>‚</em></strong></span> <span class='ocrx_word' id='word_1_466' title='bbox 1780 3122 1827 3165; x_wconf 90' lang='lat' dir='ltr'><strong>et</strong></span> <span class='ocrx_word' id='word_1_467' title='bbox 1845 3116 2002 3165; x_wconf 89' lang='lat' dir='ltr'><strong>libera</strong></span> <span class='ocrx_word' id='word_1_468' title='bbox 2022 3129 2122 3165; x_wconf 88' lang='lat' dir='ltr'><strong>me.</strong></span> 
     </span>
    </p>

    <p class='ocr_par' dir='ltr' id='par_1_33' title="bbox 1293 3177 2278 3362">
     <span class='ocr_line' id='line_1_96' title="bbox 1356 3177 2278 3239; baseline -0.005 -10"><span class='ocrx_word' id='word_1_469' title='bbox 1356 3179 1632 3239; x_wconf 86' lang='lat' dir='ltr'><strong>Nequando</strong></span> <span class='ocrx_word' id='word_1_470' title='bbox 1666 3180 1829 3238; x_wconf 88' lang='lat' dir='ltr'><strong>rapiat</strong></span> <span class='ocrx_word' id='word_1_471' title='bbox 1859 3183 1917 3225; x_wconf 92' lang='lat' dir='ltr'><strong>ut</strong></span> <span class='ocrx_word' id='word_1_472' title='bbox 1944 3177 2019 3226; x_wconf 91' lang='lat' dir='ltr'><strong>leo</strong></span> <span class='ocrx_word' id='word_1_473' title='bbox 2049 3178 2278 3226; x_wconf 85' lang='lat' dir='ltr'><strong>animam</strong></span> 
     </span>
     <span class='ocr_line' id='line_1_97' title="bbox 1293 3240 2278 3298; baseline -0.003 -10"><span class='ocrx_word' id='word_1_474' title='bbox 1293 3251 1461 3289; x_wconf 86' lang='lat' dir='ltr'><strong>meam</strong></span> <span class='ocrx_word' id='word_1_475' title='bbox 1486 3256 1501 3290; x_wconf 74' lang='lat' dir='ltr'><strong>t</strong></span> <span class='ocrx_word' id='word_1_476' title='bbox 1523 3242 1646 3290; x_wconf 91' lang='lat' dir='ltr'><strong>dum</strong></span> <span class='ocrx_word' id='word_1_477' title='bbox 1685 3253 1787 3288; x_wconf 90' lang='lat' dir='ltr'><strong>non</strong></span> <span class='ocrx_word' id='word_1_478' title='bbox 1818 3244 1893 3288; x_wconf 91' lang='lat' dir='ltr'><strong>est</strong></span> <span class='ocrx_word' id='word_1_479' title='bbox 1914 3240 2004 3298; x_wconf 88' lang='lat' dir='ltr'><strong>qui</strong></span> <span class='ocrx_word' id='word_1_480' title='bbox 2033 3241 2278 3297; x_wconf 87' lang='lat' dir='ltr'><strong>redimat,</strong></span> 
     </span>
     <span class='ocr_line' id='line_1_98' title="bbox 1295 3301 1977 3362; baseline 0 -14"><span class='ocrx_word' id='word_1_481' title='bbox 1295 3314 1458 3362; x_wconf 85' lang='lat' dir='ltr'><strong>neque</strong></span> <span class='ocrx_word' id='word_1_482' title='bbox 1478 3304 1566 3362; x_wconf 87' lang='lat' dir='ltr'><strong>qui</strong></span> <span class='ocrx_word' id='word_1_483' title='bbox 1589 3303 1789 3351; x_wconf 89' lang='lat' dir='ltr'><strong>salvum</strong></span> <span class='ocrx_word' id='word_1_484' title='bbox 1813 3301 1977 3349; x_wconf 76' lang='lat' dir='ltr'><strong>faciat.</strong></span> 
     </span>
    </p>

    <p class='ocr_par' dir='ltr' id='par_1_34' title="bbox 1296 3358 2282 3486">
     <span class='ocr_line' id='line_1_99' title="bbox 1356 3358 2282 3422; baseline -0.005 -10"><span class='ocrx_word' id='word_1_485' title='bbox 1356 3365 1468 3412; x_wconf 73' lang='lat' dir='ltr'><strong>Due</strong></span> <span class='ocrx_word' id='word_1_486' title='bbox 1497 3366 1633 3412; x_wconf 88' lang='lat' dir='ltr'><strong>Deus</strong></span> <span class='ocrx_word' id='word_1_487' title='bbox 1662 3375 1824 3422; x_wconf 83' lang='lat' dir='ltr'><strong>meuS‚</strong></span> <span class='ocrx_word' id='word_1_488' title='bbox 1858 3363 1903 3409; x_wconf 90' lang='lat' dir='ltr'><strong>si</strong></span> <span class='ocrx_word' id='word_1_489' title='bbox 1932 3362 2022 3411; x_wconf 82' lang='lat' dir='ltr'><strong>l&#39;eci</strong></span> <span class='ocrx_word' id='word_1_490' title='bbox 2053 3362 2187 3410; x_wconf 88' lang='lat' dir='ltr'><strong>istud</strong></span> <span class='ocrx_word' id='word_1_491' title='bbox 2205 3376 2218 3409; x_wconf 71' lang='grc' dir='ltr'>ς</span> <span class='ocrx_word' id='word_1_492' title='bbox 2237 3358 2282 3407; x_wconf 89' lang='lat' dir='ltr'><strong>si</strong></span> 
     </span>
     <span class='ocr_line' id='line_1_100' title="bbox 1296 3424 2136 3486; baseline -0.005 -12"><span class='ocrx_word' id='word_1_493' title='bbox 1296 3431 1370 3474; x_wconf 49' lang='grc' dir='ltr'><strong>ὧι</strong></span> <span class='ocrx_word' id='word_1_494' title='bbox 1389 3426 1636 3486; x_wconf 85' lang='lat' dir='ltr'><strong>iniquitas</strong></span> <span class='ocrx_word' id='word_1_495' title='bbox 1657 3427 1709 3474; x_wconf 91' lang='lat' dir='ltr'><strong>in</strong></span> <span class='ocrx_word' id='word_1_496' title='bbox 1734 3424 1974 3472; x_wconf 89' lang='lat' dir='ltr'><strong>manibus</strong></span> <span class='ocrx_word' id='word_1_497' title='bbox 1990 3424 2136 3471; x_wconf 77' lang='lat' dir='ltr'><strong>meis,</strong></span> 
     </span>
    </p>

    <p class='ocr_par' dir='ltr' id='par_1_35' title="bbox 1359 3482 2279 3536">
     <span class='ocr_line' id='line_1_101' title="bbox 1359 3482 2279 3536; baseline -0.008 0"><span class='ocrx_word' id='word_1_498' title='bbox 1359 3486 1413 3536; x_wconf 86' lang='lat' dir='ltr'><strong>Si</strong></span> <span class='ocrx_word' id='word_1_499' title='bbox 1469 3488 1665 3536; x_wconf 86' lang='lat' dir='ltr'><strong>reddidi</strong></span> <span class='ocrx_word' id='word_1_500' title='bbox 1718 3485 2112 3534; x_wconf 88' lang='lat' dir='ltr'><strong>retribuentibus</strong></span> <span class='ocrx_word' id='word_1_501' title='bbox 2155 3482 2279 3530; x_wconf 88' lang='lat' dir='ltr'><strong>mihi</strong></span> 
     </span>
    </p>
   </div>
  </div>
 </body>
</html>
