2910 4457
1031 385 1308 426 umorum
1348 386 1662 428 conuenta.
2311 374 2383 434 tt

1453 498 1590 547 Deus
1619 499 1709 559 qui
1741 503 1970 550 sanctam
2001 500 2233 558 crucem,
2247 510 2388 554 tuam

1396 561 1667 609 ascendisti
1701 566 1750 610 et
1795 564 1977 612 mundi
2008 566 2240 614 tenebras
2271 567 2392 632 iilu-x

1394 622 1633 682 minusti3
1662 628 1716 670 tu
1738 624 1887 673 eorda
1908 631 1956 674 et
1988 639 2193 685 corpora
2216 634 2388 677 nostra

1395 683 1921 746 illuminaredignare‚
1942 688 2169 737 Salvator
2184 691 2385 738 mundi.

1394 744 1497 804 Qui
1514 757 1533 791 x
1547 746 1587 792 ix
1600 746 1644 793 is
1658 751 1705 794 et
1718 760 1900 807 regnas
1914 762 2029 797 eum
2045 751 2164 798 Deo.
2193 751 2275 799 Vel
2293 753 2385 800 Or.

1457 805 1699 864 Perpetua
1714 820 2007 866 quaesumus
2023 812 2132 859 Diie
2144 824 2261 872 pace
2272 825 2387 862 cus-

1393 867 1498 914 todi
1520 879 1645 926 quos
1667 881 1750 926 per
1774 869 1974 928 lignum
1995 880 2178 921 sancta:
2208 874 2387 923 Crucis

1394 929 1642 976 redimere
1655 929 1897 988 dignatus
1911 944 1979 989 eS‚
2001 933 2224 982 Salvator
2239 949 2386 985 mun-

1392 989 1465 1038 di.
1488 989 1592 1050 Qui
1612 991 1742 1040 vivis
1761 997 1808 1039 et
1828 1004 2013 1052 regnas
2030 1006 2148 1043 cum
2169 997 2291 1046 Deo.

1469 1051 1556 1098 Vel
1602 1051 1796 1101 Oratio.
1852 1054 2043 1103 Adesto
2087 1058 2232 1106 nobis
2274 1060 2386 1108 Dr‘ie

1391 1112 1530 1161 Deus
1552 1118 1734 1173 noster,
1758 1119 1806 1163 et
1833 1128 1962 1175 quos
1991 1123 2177 1167 sanctae
2206 1119 2383 1168 Crucis

1393 1173 1552 1223 laetari
1576 1174 1695 1224 sacis
1711 1177 1913 1236 honore,
1934 1178 1977 1236 ej
1987 1192 2046 1227 us
2060 1192 2260 1240 quoque
2272 1195 2383 1241 per-

1392 1237 1558 1294 petuis
1576 1237 1782 1287 deiende
1803 1241 2065 1290 subsidiiS.
2088 1243 2184 1292 Per
2206 1242 2384 1293 Chris-

1393 1301 1505 1346 tum
1529 1299 1664 1347 Diim
1693 1306 1944 1351 nostrum.

1593 1360 1751 1410 Mem.
1771 1363 1832 1410 de
1854 1363 1908 1411 S.
1935 1363 2132 1414 Mar-id.

1454 1420 1537 1468 Aa
1570 1421 1706 1469 Mat.
1737 1424 1802 1470 A.
1834 1425 1985 1472 Beata
2018 1433 2179 1475 mater
2211 1433 2260 1476 et
2302 1427 2382 1476 in-

1394 1487 1572 1539 nupta.
1604 1488 1664 1528 ut
1697 1485 1933 1542 proxime
1965 1499 2144 1546 supra.
2180 1485 2240 1548 t.
2265 1490 2384 1537 Post

1395 1547 1597 1602 partum
1622 1544 1765 1604 virgo
1793 1544 1869 1606 [ut
1886 1547 2089 1608 supraJ.
2182 1549 2379 1598 Oratio.

1454 1603 1786 1654 Famulorum
1818 1611 2042 1668 tuorum,
2088 1622 2385 1669 quaesumus

1391 1664 1519 1724 Bne,
1561 1666 1758 1716 delictis
1798 1668 2014 1728 ignosce,
2060 1676 2117 1719 ut
2156 1673 2246 1732 qui
2287 1673 2383 1723 tibi

1391 1726 1583 1785 placere
1602 1729 1664 1776 de
1686 1730 1882 1779 actibus
1912 1733 2101 1781 nostris
2125 1747 2224 1783 non
2248 1735 2383 1784 vale-

1391 1800 1528 1848 muS‚
1564 1791 1822 1850 genitricis
1852 1793 1971 1842 Filii
2002 1795 2075 1842 tui
2097 1796 2199 1845 Diii
2220 1797 2382 1846 nostri

1390 1850 1510 1898 Jesu
1533 1851 1720 1901 Christi
1742 1855 2093 1906 intercessione
2104 1859 2379 1907 salvemur.

1391 1910 1488 1960 Per
1509 1915 1724 1962 eundem
1746 1916 1901 1964 Dfim.
2069 1919 2156 1966 Vel
2182 1919 2380 1968 Oratio.

1455 1973 1789 2035 Omnipotens
1800 1978 2105 2037 sempiterne
2116 1981 2267 2037 Deus,
2289 1993 2381 2030 nos

1392 2033 1608 2083 famulos
1624 2042 1737 2084 tuos
1756 2039 1953 2086 dextera
1975 2045 2073 2088 tuae
2099 2043 2329 2099 potentiae
2350 2054 2380 2091 a

1390 2097 1589 2144 cunctis
1608 2104 1805 2157 protege
1826 2101 2075 2157 ρει-ἰωῆς,
2098 2107 2145 2148 et
2166 2102 2381 2160 gloriosa

1391 2156 1450 2204 B.
1485 2157 1663 2206 Mariae
1690 2171 1885 2218 semper
1906 2161 2123 2220 virginis
2144 2163 2383 2213 interces-

1390 2218 1531 2267 sione
1553 2218 1632 2270 i'ac
1649 2234 1739 2268 nos
1762 2222 1991 2280 praesenti
2010 2224 2227 2282 gaudere
2246 2239 2382 2286 pros-

1391 2280 1600 2340 peritate
1619 2286 1667 2329 et
1688 2281 1874 2331 sutura.
1900 2285 1996 2332 Per
2016 2285 2295 2335 Christum.

1451 2342 1569 2391 Non
1588 2343 1776 2391 dicitur
1812 2344 1989 2393 Oratio
2010 2346 2232 2397 Concede
2249 2362 2381 2410 quae-

1389 2414 1588 2463 sumus,
1611 2406 1680 2452 ad
1707 2405 1863 2455 Mem.
1900 2409 1959 2455 de
1992 2408 2045 2457 S.
2080 2408 2259 2459 Maria
2283 2425 2380 2472 per

1392 2469 1552 2512 totum
1590 2480 1789 2515 annum
1802 2488 1821 2525 ;
1850 2471 1937 2517 aed
1964 2472 2033 2518 ad
2068 2485 2289 2532 process.
2334 2479 2384 2523 et

1389 2529 1459 2576 ad
1490 2529 1683 2589 Compi.
1706 2531 1766 2577 de
1786 2544 1843 2578 ea
1867 2537 2087 2580 tantum.

1516 2589 1674 2638 Mem.
1697 2592 1756 2638 de
1777 2593 2008 2639 omnibus
2030 2594 2253 2642 Sanctis,

1451 2652 1534 2697 Ad
1556 2651 1689 2699 Mat.
1715 2653 1775 2698 A.
1800 2652 2111 2701 Exultabunt
2142 2656 2301 2704 sancti
2325 2658 2379 2706 iu

1388 2711 1547 2769 gloria
1570 2712 1902 2760 :laetabuntur
1924 2715 1975 2761 in
1990 2715 2242 2763 cubilibus
2253 2718 2380 2767 suis,

1388 2770 1448 2831 ys.
1484 2772 1737 2821 Mirabilis
1775 2774 1913 2822 Deus
1946 2776 1996 2822 in
2033 2778 2222 2824 sanctis
2253 2780 2379 2829 suiS.

1387 2844 1453 2893 132.
1467 2833 1528 2880 Et
1544 2833 1791 2893 gloriosus
1805 2835 1857 2882 in
1883 2837 2140 2895 majestate
2153 2851 2263 2887 sua.

1455 2894 1545 2941 Or.
1562 2896 1585 2943 1
1591 2895 1916 2945 nfirmitatem
1932 2905 2174 2960 nostram,
2187 2914 2383 2961 quaesu·

1386 2966 1504 3004 mus
1524 2956 1651 3016 Due,
1674 2959 1921 3018 propitius
1941 2962 2155 3024 respice3
2178 2969 2226 3011 et
2246 2966 2379 3015 mala

1385 3019 1558 3067 omnia
1578 3031 1690 3078 quae
1706 3020 1842 3079 ,iuste
1857 3035 2129 3082 meremur,
2145 3027 2378 3075 omnium

1383 3086 1675 3128 sanctorum
1741 3086 1947 3133 tuorum
2026 3086 2381 3137 intercessione

1384 3147 1569 3191 averte.
1595 3144 1692 3191 Per
1713 3144 1869 3193 Dnm.
2068 3148 2155 3195 Vel
2182 3148 2376 3197 Oratio.

1448 3204 1697 3252 Omnium
1771 3212 2062 3255 sanctorum
2138 3213 2375 3270 tuorum,

1384 3278 1678 3325 quaesumus
1715 3268 1842 3326 Dite,
1887 3270 2241 3319 intercessione
2271 3272 2378 3329 pla-

1383 3332 1543 3387 catus,
1584 3333 1632 3376 et
1664 3330 1863 3377 veniam
1900 3332 2194 3379 delictorum
2230 3333 2378 3381 nobis

1382 3389 1565 3447 tribue,
1598 3394 1645 3438 et
1675 3392 1894 3440 remedia
1924 3394 2227 3453 sempiterna
2258 3404 2377 3441 con-

1383 3450 1515 3499 cede.
1535 3451 1630 3499 Per
1648 3453 1803 3500 Dfim.
2067 3454 2151 3503 Vel
2178 3453 2373 3503 Oratio,

1443 3512 1573 3562 Vide
1594 3514 1705 3562 Dne
1733 3514 2057 3563 infirmitates
2087 3519 2299 3574 nostrae,
2326 3522 2376 3564 et

2058 3592 2107 3643 4.
