2910 4457
611 391 803 449 lxxviii
1407 398 1482 434 nn
1510 390 1820 432 soum—*nn
2359 368 2627 440 [mosum

689 538 756 590 A.
780 535 920 588 Veni
945 534 1097 594 D’ne,
1123 528 1253 599 &c.]
1292 526 1360 578 In
1386 524 1486 576 Br.
1517 522 1672 575 Rom.
1708 524 1740 550 ‘⁴
1760 519 1888 570 Ant.
1918 507 2177 585 talama]
2210 510 2307 565 ἅθ’
2336 513 2434 566 &c.
2469 522 2532 566 ut
2574 530 2628 581 p.

572 624 579 629 ’
616 629 689 677 27
712 642 761 677 a.
789 621 875 674 Cf.
900 627 1083 672 autem
1106 611 1425 668 infra.—De
1454 610 1577 662 Ant.
1606 607 1763 658 Ebor.
1789 621 1837 656 v,
1864 602 1933 656 ad
1956 620 2008 671 p.
2033 605 2121 653 27.
2147 618 2194 653 a.

689 709 897 769 Venite,
923 722 1027 758 asc.
1053 700 1178 769 δια]
1220 700 1285 752 In
1322 699 1414 751 Br.
1441 697 1597 749 Rom.
1622 698 1655 724 “
1677 693 1847 761 Prope
1881 689 2007 743 &c.’‘
2031 697 2096 741 ut
2117 707 2169 758 p.
2194 693 2265 740 28
2289 689 2341 740 b.
2386 687 2490 739 Pro
2525 687 2634 738 hoc

618 803 797 848 autem
821 795 953 862 Cap.
978 793 1035 843 iu
1063 788 1169 842 Off.
1198 788 1355 839 Ebor.
1383 784 1580 837 dicitur
1614 790 1727 834 tam
1763 780 1820 831 in
1860 776 2161 830 Dominicis
2196 774 2359 844 quam
2395 775 2452 825 in
2489 771 2641 825 feriis

618 898 711 951 per
735 879 868 933 Adv.
896 878 981 946 (cf.
1007 873 1075 930 ad
1100 894 1151 946 p.
1177 879 1248 926 27
1272 874 1324 942 a)
1351 870 1694 939 Capitulum:

694 973 726 998 “
745 968 885 1020 Ecce
926 966 1076 1033 virgo
1123 960 1403 1029 concipiet,
1442 966 1496 1010 et
1542 956 1713 1025 pariet
1756 951 1976 1012 Filium,
2018 957 2073 1003 et
2117 949 2391 1001 vocabitur
2438 963 2636 1000 nomen

618 1061 651 1086 “
679 1056 794 1124 ejus
839 1051 1162 1106 Emmanuel
1185 1071 1197 1101 ε
1236 1049 1491 1116 butyrum
1534 1054 1588 1097 et
1632 1042 1740 1095 mel
1788 1038 2048 1102 comedet,
2084 1045 2148 1090 ut
2189 1037 2323 1089 sciat
2360 1035 2639 1104 reprobare

623 1148 656 1172 “
677 1143 876 1195 malum
902 1150 955 1194 et
979 1140 1174 1208 eligere
1195 1133 1443 1189 bonum.”

696 1225 1067 1297 Hierusalem]
1109 1225 1178 1277 In
1228 1223 1317 1276 Br.
1369 1221 1522 1275 Rom.
1573 1219 1770 1287 ubique
1816 1213 2124 1269 Jerusalem.
2184 1214 2249 1266 In
2300 1210 2639 1264 Hierusalem

625 1326 805 1371 autem
841 1317 927 1369 Hi
970 1332 1077 1368 non
1127 1321 1206 1367 est
1247 1311 1468 1381 syllaba,
1510 1307 1603 1361 sed
1641 1305 1850 1359 tantum
1884 1320 2179 1357 consonans
2221 1302 2465 1370 aspirata.
2539 1301 2639 1351 As-

627 1408 817 1478 piratio
841 1413 1020 1459 autem
1045 1405 1103 1456 in
1126 1401 1289 1455 mutis
1321 1397 1485 1461 aliud,
1501 1394 1659 1448 ,aliud
1681 1395 1739 1446 in
1761 1393 1799 1445 J
1826 1400 1881 1446 et
1902 1391 1954 1442 V
1987 1390 2165 1459 (Angl.
2200 1388 2253 1441 Y
2284 1398 2339 1441 et
2366 1386 2489 1456 W),
2516 1386 2562 1437 L
2588 1395 2643 1439 et

627 1494 695 1558 R,
719 1501 774 1547 et
795 1491 1063 1545 nasalibus
1084 1496 1195 1549 est3
1231 1484 1496 1554 siquidem
1519 1483 1577 1534 in
1600 1481 1764 1533 mutis
1787 1479 2019 1547 aspirare
2040 1476 2177 1529 nihil
2200 1473 2350 1527 aliud
2373 1482 2452 1526 est
2476 1471 2639 1540 quam

626 1597 683 1632 os
706 1577 1013 1647 imperfecte
1039 1573 1299 1636 claudere,
1322 1580 1387 1624 ut
1409 1587 1455 1622 e.
1496 1586 1547 1638 g.
1585 1567 1628 1619 C
1658 1566 1751 1618 fiat
1777 1565 1820 1616 C
1830 1564 1884 1616 H
1925 1563 2045 1627 &c.,
2067 1565 2125 1615 in
2162 1577 2318 1630 supra
2353 1558 2644 1612 nominatis

626 1673 806 1716 autem
822 1663 1056 1731 aspirare
1074 1667 1152 1712 est
1170 1659 1359 1727 spiritu
1378 1656 1487 1708 solo
1509 1655 1619 1706 vice
1636 1653 1779 1705 vocis
1806 1649 2098 1719 (quomodo
2124 1647 2168 1700 F
2188 1665 2221 1700 a
2245 1647 2313 1710 V,
2334 1645 2369 1697 S
2395 1663 2430 1698 a
2456 1643 2507 1696 Z
2529 1645 2639 1695 An-

630 1750 769 1817 glico
811 1754 865 1800 et
912 1743 1368 1805 Franco-Gallim,
1411 1741 1518 1793 &c.-
1558 1733 1989 1806 distinguuntur)
2038 1735 2235 1789 efferre.
2309 1724 2411 1784 Est
2454 1739 2640 1782 autem

629 1835 679 1884 V
699 1829 832 1904 (W)
852 1832 1083 1901 aspirata
1100 1830 1389 1898 Anglicum
1407 1826 1541 1878 WH
1572 1824 1744 1894 (apud
1767 1822 2206 1892 Anglo-Saxones
2225 1817 2407 1887 HW),
2434 1817 2479 1868 L
2504 1818 2645 1886 aspi·

630 1929 747 1972 rata
763 1918 1054 1970 Wallicum
1074 1916 1185 1979 LL,
1203 1915 1255 1968 R
1272 1916 1501 1983 aspirata
1514 1912 1760 1964 Graecum
1780 1910 1909 1963 RH.
1929 1909 2275 1961 Meminerint
2286 1921 2409 1974 ergo
2424 1904 2649 1956 lectores

634 2003 971 2059 Hierusalem
995 2020 1175 2057 revera
1198 2001 1333 2055 nihil
1365 1998 1514 2053 aliud
1546 2014 1657 2050 esse
1690 2014 1854 2065 quam
1887 1993 2270 2048 HJemsalem:
2310 1990 2450 2045 unde
2481 1990 2650 2042 etiam·

635 2093 789 2145 facile
830 2091 1081 2160 explicari
1112 2097 1286 2159 potest
1317 2088 1488 2139 literae
1529 2085 1567 2137 J
1608 2084 1981 2153 pronunciatio
2020 2080 2334 2150 Hispanica,
2365 2080 2422 2130 in
2468 2076 2577 2144 qua
2614 2092 2647 2126 e

635 2179 806 2232 mixto
827 2177 943 2242 HJ,
956 2176 1160 2247 perdito
1177 2175 1342 2227 literae
1360 2173 1398 2225 J
1417 2188 1562 2236 sono,
1579 2170 1637 2222 H
1656 2171 1713 2222 in
1732 2171 2014 2240 aspiratam
2034 2168 2302 2220 fortiorem
2321 2182 2389 2218 ex
2405 2162 2645 2216 Arabicae

636 2265 853 2318 fortasse
876 2264 1078 2333 linguae
1101 2263 1401 2314 imitatione
1423 2264 1697 2313 mutatum
1720 2265 1814 2309 est.

702 2349 772 2402 Ἡ.
799 2350 935 2402 D’ne
960 2350 1111 2401 Deus
1133 2349 1258 2415 δια]
1300 2346 1369 2399 In
1397 2347 1489 2398 Br.
1528 2346 1684 2397 Rom.
1712 2342 1823 2399 “v.
1851 2341 1988 2395 Veni
2017 2341 2169 2404 D’ne,
2197 2339 2295 2392 &m
2330 2341 2404 2395 R.
2438 2336 2648 2389 Relaxa

642 2435 768 2488 &c.”
795 2434 871 2503 (v.
898 2433 1263 2503 Antiphonam
1287 2432 1561 2499 nostram.)

987 2554 1087 2617 De
1114 2551 1457 2614 Matutinis
1486 2555 1547 2613 et
1573 2549 1894 2612 Laudibus
1922 2546 2288 2610 Ferialibua
2389 2494 2393 2498 ἢ

719 2691 780 2744 Ρ.
804 2694 869 2744 31
897 2708 948 2756 a,
971 2707 1065 2761 pro
1091 2688 1525 2752 labascatssscribffi
1551 2703 1676 2739 cum
1711 2685 1804 2738 Br.
1842 2685 2002 2738 Ebor.
2036 2693 2089 2737 et
2128 2682 2315 2736 Heres.
2355 2688 2409 2735 et
2442 2680 2656 2733 duobus

641 2781 793 2833 libris
813 2782 1005 2834 nostris
1034 2778 1106 2832 ad
1136 2797 1190 2849 p.
1229 2782 1330 2831 103
1365 2779 1418 2830 b.
1454 2773 2038 2839 memoratis‚.labescat.
2078 2771 2294 2841 Reliqui
2331 2770 2494 2823 nostri
2529 2786 2657 2822 eum

651 2866 745 2917 Br.
771 2865 924 2918 Rom.
951 2865 1195 2918 labascat.
2506 2867 2515 2876 '

720 2949 815 3021 (Ρ.
854 2954 923 3002 33
956 2951 1032 3019 b.)
1055 2969 1106 3020 p.
1141 2950 1294 3014 xxiii,
1319 2966 1502 3018 parag.
1536 2954 1590 3012 2,
1609 2950 1705 3001 lin.
1740 2953 1793 3012 2,
1816 2954 1932 3016 post
1963 2950 1995 2976 “
2014 2935 2464 3008 Sarisburiensia-‚''
2500 2942 2659 3006 adde,

645 3038 828 3089 “item
862 3036 1019 3088 Ebor.
1047 3036 1244 3105 Gough
1267 3040 1336 3088 59
1371 3035 1441 3100 (v.
1467 3052 1518 3104 p.
1551 3034 1779 3104 xxiv)‚'';
1803 3042 1858 3086 et
1878 3033 1974 3086 lin.
1999 3038 2053 3085 4.
2078 3048 2171 3101 pro
2208 3037 2241 3061 ‘⁴
2260 3030 2416 3083 Ebot.
2444 3029 2529 3082 et''
2556 3045 2657 3080 scr.

652 3121 814 3175 Ebor.
840 3121 1039 3191 Gough
1064 3124 1098 3173 6
1124 3121 1190 3186 (v.
1215 3139 1267 3191 p.
1291 3120 1448 3191 xxiv)
1477 3122 1579 3174 et''.

721 3210 782 3261 P.
808 3213 877 3262 38
902 3226 950 3261 a.
990 3208 1058 3261 In
1083 3208 1244 3261 Psalt.
1271 3208 1426 3261 Rom.
1453 3208 1723 3261 adduntur
1746 3206 2005 3261 Versiculi
2027 3222 2121 3276 pro
2144 3206 2411 3268 Adventu,
2434 3220 2527 3273 pro
2551 3220 2664 3255 uno

651 3296 907 3365 Martyre,
930 3313 1023 3364 pro
1046 3295 1288 3365 pluribus
1321 3293 1665 3365 Martyribus‚
1689 3311 1782 3364 pro
1819 3294 2131 3347 Confessore
2171 3291 2426 3343 Pontifice
2461 3297 2515 3342 et
2551 3305 2662 3340 non

659 3382 930 3446 Pontifice‚
955 3390 1008 3435 et
1025 3398 1118 3452 pro
1141 3379 1250 3434 una
1266 3379 1474 3457 'Sancta
1496 3400 1509 3444 ;
1532 3380 1598 3433 de
1622 3382 1814 3449 quibus
1835 3378 2053 3449 posthac
2077 3377 2148 3431 ad
2173 3378 2360 3431 Officia
2382 3394 2494 3429 sua.

724 3468 790 3521 P.
816 3472 884 3522 38
908 3469 958 3522 b.
987 3468 1054 3522 In
1081 3470 1113 3499 “
1133 3486 1209 3539 sp.
1235 3467 1304 3521 s.’'
1330 3466 1412 3538 (V.
1438 3470 1510 3537 8.)
1536 3476 1590 3519 et
1611 3471 1644 3498 ‘⁴
1665 3484 1741 3536 sp.
1765 3466 1872 3536 pr.''
1896 3466 1962 3533 (v.
1990 3464 2053 3534 9)
2079 3482 2173 3534 pro
2199 3468 2230 3494 “
2248 3465 2307 3517 s”
2332 3482 2429 3517 scr.
2456 3467 2487 3493 “
2508 3462 2599 3515 S'’.
