<?xml version="1.0" encoding="UTF-8"?>
<!DOCTYPE html PUBLIC "-//W3C//DTD XHTML 1.0 Transitional//EN"
    "http://www.w3.org/TR/xhtml1/DTD/xhtml1-transitional.dtd">
<html xmlns="http://www.w3.org/1999/xhtml" xml:lang="en" lang="en">
 <head>
  <title>
</title>
<meta http-equiv="Content-Type" content="text/html;charset=utf-8" />
  <meta name='ocr-system' content='tesseract 3.04.00' />
  <meta name='ocr-capabilities' content='ocr_page ocr_carea ocr_par ocr_line ocrx_word'/>
</head>
<body>
  <div class='ocr_page' id='page_1' title='image "./portiforiiseubr00cathgoog_0397.png"; bbox 0 0 2910 4457; ppageno 0'>
   <div class='ocr_carea' id='block_1_1' title="bbox 209 437 2345 530">
    <p class='ocr_par' dir='ltr' id='par_1_1' title="bbox 209 437 2345 530">
     <span class='ocr_line' id='line_1_1' title="bbox 209 437 2345 530; baseline 0.006 -42"><span class='ocrx_word' id='word_1_1' title='bbox 209 438 288 488; x_wconf 80' lang='lat' dir='ltr'><strong>An</strong></span> <span class='ocrx_word' id='word_1_2' title='bbox 305 438 336 500; x_wconf 65' lang='lat'>5</span> <span class='ocrx_word' id='word_1_3' title='bbox 352 439 432 503; x_wconf 78' lang='lat'><strong>92,</strong></span> <span class='ocrx_word' id='word_1_4' title='bbox 456 437 541 504; x_wconf 84' lang='grc'><strong>93)</strong></span> <span class='ocrx_word' id='word_1_5' title='bbox 883 454 930 492; x_wconf 75' lang='lat' dir='ltr'><strong>m</strong></span> <span class='ocrx_word' id='word_1_6' title='bbox 958 453 1192 494; x_wconf 71' lang='lat' dir='ltr'><strong>commus</strong></span> <span class='ocrx_word' id='word_1_7' title='bbox 1221 454 1431 496; x_wconf 68' lang='lat' dir='ltr'><strong>numum</strong></span> <span class='ocrx_word' id='word_1_8' title='bbox 1461 455 1704 496; x_wconf 77' lang='lat' dir='ltr'><strong>vmmmm.</strong></span> <span class='ocrx_word' id='word_1_9' title='bbox 2191 447 2345 530; x_wconf 78' lang='lat' dir='ltr'><strong>xxxj</strong></span> 
     </span>
    </p>
   </div>
   <div class='ocr_carea' id='block_1_2' title="bbox 171 585 2350 2148">
    <p class='ocr_par' dir='ltr' id='par_1_2' title="bbox 195 585 2350 1235">
     <span class='ocr_line' id='line_1_2' title="bbox 301 585 2349 657; baseline 0.001 -18"><span class='ocrx_word' id='word_1_10' title='bbox 301 586 507 640; x_wconf 71' lang='lat' dir='ltr'><strong>“Lectio</strong></span> <span class='ocrx_word' id='word_1_11' title='bbox 530 587 578 653; x_wconf 86' lang='lat' dir='ltr'><strong>j.</strong></span> <span class='ocrx_word' id='word_1_12' title='bbox 611 585 966 654; x_wconf 81' lang='lat' dir='ltr'><strong>Interrogatus</strong></span> <span class='ocrx_word' id='word_1_13' title='bbox 988 616 1053 626; x_wconf 92' lang='lat'><strong>—-</strong></span> <span class='ocrx_word' id='word_1_14' title='bbox 1076 588 1207 640; x_wconf 84' lang='lat' dir='ltr'><strong>dixit</strong></span> <span class='ocrx_word' id='word_1_15' title='bbox 1242 590 1420 641; x_wconf 88' lang='lat' dir='ltr'><strong>decem</strong></span> <span class='ocrx_word' id='word_1_16' title='bbox 1449 617 1517 628; x_wconf 95' lang='lat'>—</span> <span class='ocrx_word' id='word_1_17' title='bbox 1540 589 1870 657; x_wconf 75' lang='lat' dir='ltr'><strong>signantibus</strong></span> <span class='ocrx_word' id='word_1_18' title='bbox 1890 615 1962 628; x_wconf 94' lang='lat'><strong>·—</strong></span> <span class='ocrx_word' id='word_1_19' title='bbox 1985 589 2349 643; x_wconf 86' lang='lat' dir='ltr'><strong>excluduntur.</strong></span> 
     </span>
     <span class='ocr_line' id='line_1_3' title="bbox 209 670 2350 741; baseline 0.001 -17"><span class='ocrx_word' id='word_1_20' title='bbox 209 670 352 724; x_wconf 81' lang='lat' dir='ltr'><strong>“Lec.</strong></span> <span class='ocrx_word' id='word_1_21' title='bbox 374 672 432 739; x_wconf 64' lang='grc' dir='ltr'><strong>ἢ.</strong></span> <span class='ocrx_word' id='word_1_22' title='bbox 458 671 701 737; x_wconf 83' lang='lat' dir='ltr'><strong>Quinque</strong></span> <span class='ocrx_word' id='word_1_23' title='bbox 723 671 903 738; x_wconf 87' lang='lat' dir='ltr'><strong>itaque</strong></span> <span class='ocrx_word' id='word_1_24' title='bbox 925 673 1156 740; x_wconf 78' lang='lat' dir='ltr'><strong>virg-ines</strong></span> <span class='ocrx_word' id='word_1_25' title='bbox 1178 673 1337 724; x_wconf 89' lang='lat' dir='ltr'><strong>michi</strong></span> <span class='ocrx_word' id='word_1_26' title='bbox 1357 672 1604 725; x_wconf 78' lang='lat' dir='ltr'><strong>videntur</strong></span> <span class='ocrx_word' id='word_1_27' title='bbox 1627 674 1925 740; x_wconf 86' lang='lat' dir='ltr'><strong>significare</strong></span> <span class='ocrx_word' id='word_1_28' title='bbox 1948 674 2177 739; x_wconf 88' lang='lat' dir='ltr'><strong>quinque</strong></span> <span class='ocrx_word' id='word_1_29' title='bbox 2193 676 2350 741; x_wconf 86' lang='lat' dir='ltr'><strong>perti-</strong></span> 
     </span>
     <span class='ocr_line' id='line_1_4' title="bbox 206 754 2349 823; baseline 0 -16"><span class='ocrx_word' id='word_1_30' title='bbox 206 755 346 807; x_wconf 88' lang='lat' dir='ltr'><strong>“cam</strong></span> <span class='ocrx_word' id='word_1_31' title='bbox 381 755 435 823; x_wconf 76' lang='lat' dir='ltr'><strong>[i.</strong></span> <span class='ocrx_word' id='word_1_32' title='bbox 472 771 512 807; x_wconf 83' lang='lat' dir='ltr'><strong>e.</strong></span> <span class='ocrx_word' id='word_1_33' title='bbox 549 754 1041 821; x_wconf 78' lang='lat' dir='ltr'><strong>quinquepertitam]</strong></span> <span class='ocrx_word' id='word_1_34' title='bbox 1077 757 1452 807; x_wconf 78' lang='lat' dir='ltr'><strong>continentiam</strong></span> <span class='ocrx_word' id='word_1_35' title='bbox 1474 784 1545 795; x_wconf 93' lang='lat'><em>-</em></span> <span class='ocrx_word' id='word_1_36' title='bbox 1567 756 1784 819; x_wconf 89' lang='lat' dir='ltr'><strong>aurium,</strong></span> <span class='ocrx_word' id='word_1_37' title='bbox 1819 772 1851 806; x_wconf 88' lang='lat' dir='ltr'><strong>a</strong></span> <span class='ocrx_word' id='word_1_38' title='bbox 1879 785 1951 794; x_wconf 97' lang='lat'><strong>—</strong></span> <span class='ocrx_word' id='word_1_39' title='bbox 1983 754 2103 807; x_wconf 73' lang='lat' dir='ltr'><strong>Leo·</strong></span> <span class='ocrx_word' id='word_1_40' title='bbox 2133 756 2211 822; x_wconf 68' lang='grc' dir='ltr'><strong>ἐϋ.</strong></span> <span class='ocrx_word' id='word_1_41' title='bbox 2245 757 2349 808; x_wconf 83' lang='lat' dir='ltr'><strong>Sed</strong></span> 
     </span>
     <span class='ocr_line' id='line_1_5' title="bbox 202 837 2349 906; baseline 0 -17"><span class='ocrx_word' id='word_1_42' title='bbox 202 840 354 903; x_wconf 88' lang='lat' dir='ltr'><strong>“quia</strong></span> <span class='ocrx_word' id='word_1_43' title='bbox 384 840 489 890; x_wconf 87' lang='lat' dir='ltr'><strong>ista</strong></span> <span class='ocrx_word' id='word_1_44' title='bbox 522 839 894 905; x_wconf 87' lang='lat' dir='ltr'><strong>contingencia</strong></span> <span class='ocrx_word' id='word_1_45' title='bbox 925 839 1114 906; x_wconf 88' lang='lat' dir='ltr'><strong>partim</strong></span> <span class='ocrx_word' id='word_1_46' title='bbox 1145 839 1206 889; x_wconf 85' lang='lat' dir='ltr'><strong>fit</strong></span> <span class='ocrx_word' id='word_1_47' title='bbox 1237 854 1414 890; x_wconf 88' lang='lat' dir='ltr'><strong>coram</strong></span> <span class='ocrx_word' id='word_1_48' title='bbox 1445 840 1561 889; x_wconf 89' lang='lat' dir='ltr'><strong>Deo</strong></span> <span class='ocrx_word' id='word_1_49' title='bbox 1594 844 1646 889; x_wconf 88' lang='lat' dir='ltr'><strong>et</strong></span> <span class='ocrx_word' id='word_1_50' title='bbox 1674 837 1756 888; x_wconf 91' lang='lat' dir='ltr'><strong>illi</strong></span> <span class='ocrx_word' id='word_1_51' title='bbox 1785 837 1991 904; x_wconf 87' lang='lat' dir='ltr'><strong>placeat</strong></span> <span class='ocrx_word' id='word_1_52' title='bbox 2019 840 2254 890; x_wconf 89' lang='lat' dir='ltr'><strong>interiori</strong></span> <span class='ocrx_word' id='word_1_53' title='bbox 2284 868 2349 877; x_wconf 91' lang='lat'>—</span> 
     </span>
     <span class='ocr_line' id='line_1_6' title="bbox 199 920 2348 990; baseline 0 -19"><span class='ocrx_word' id='word_1_54' title='bbox 199 920 346 974; x_wconf 63' lang='lat' dir='ltr'><strong>“Lea</strong></span> <span class='ocrx_word' id='word_1_55' title='bbox 367 922 463 989; x_wconf 74' lang='lat' dir='ltr'><strong>iiij.</strong></span> <span class='ocrx_word' id='word_1_56' title='bbox 489 922 729 987; x_wconf 85' lang='lat' dir='ltr'><strong>Quinque</strong></span> <span class='ocrx_word' id='word_1_57' title='bbox 750 922 1281 973; x_wconf 81' lang='lat' dir='ltr'><strong>dicuntur—fomite</strong></span> <span class='ocrx_word' id='word_1_58' title='bbox 1304 921 1548 990; x_wconf 84' lang='lat' dir='ltr'><strong>gaudeat.</strong></span> <span class='ocrx_word' id='word_1_59' title='bbox 1571 920 1865 988; x_wconf 85' lang='lat' dir='ltr'><strong>Lampades</strong></span> <span class='ocrx_word' id='word_1_60' title='bbox 1884 927 2054 972; x_wconf 88' lang='lat' dir='ltr'><strong>autem</strong></span> <span class='ocrx_word' id='word_1_61' title='bbox 2074 928 2198 974; x_wconf 90' lang='lat' dir='ltr'><strong>sunt</strong></span> <span class='ocrx_word' id='word_1_62' title='bbox 2215 924 2348 988; x_wconf 68' lang='lat' dir='ltr'><strong>que*</strong></span> 
     </span>
     <span class='ocr_line' id='line_1_7' title="bbox 196 1003 2349 1073; baseline 0.001 -18"><span class='ocrx_word' id='word_1_63' title='bbox 196 1006 280 1055; x_wconf 77' lang='lat' dir='ltr'><strong>“in</strong></span> <span class='ocrx_word' id='word_1_64' title='bbox 297 1005 539 1058; x_wconf 87' lang='lat' dir='ltr'><strong>manibus</strong></span> <span class='ocrx_word' id='word_1_65' title='bbox 556 1011 846 1073; x_wconf 87' lang='lat' dir='ltr'><strong>portantur,</strong></span> <span class='ocrx_word' id='word_1_66' title='bbox 864 1022 1023 1072; x_wconf 90' lang='lat' dir='ltr'><strong>opera</strong></span> <span class='ocrx_word' id='word_1_67' title='bbox 1039 1021 1141 1070; x_wconf 89' lang='lat' dir='ltr'><strong>que</strong></span> <span class='ocrx_word' id='word_1_68' title='bbox 1156 1023 1199 1057; x_wconf 88' lang='lat' dir='ltr'><strong>s.</strong></span> <span class='ocrx_word' id='word_1_69' title='bbox 1218 1006 1254 1056; x_wconf 89' lang='lat' dir='ltr'><strong>i.</strong></span> <span class='ocrx_word' id='word_1_70' title='bbox 1274 1021 1318 1057; x_wconf 89' lang='lat' dir='ltr'><strong>c.</strong></span> <span class='ocrx_word' id='word_1_71' title='bbox 1337 1006 1546 1056; x_wconf 74' lang='lat' dir='ltr'><strong>fuerint.</strong></span> <span class='ocrx_word' id='word_1_72' title='bbox 1564 1003 1686 1057; x_wconf 81' lang='lat' dir='ltr'><strong>Lec.</strong></span> <span class='ocrx_word' id='word_1_73' title='bbox 1704 1021 1751 1054; x_wconf 87' lang='lat' dir='ltr'><strong>v.</strong></span> <span class='ocrx_word' id='word_1_74' title='bbox 1770 1005 1983 1055; x_wconf 82' lang='lat' dir='ltr'><strong>Dictum</strong></span> <span class='ocrx_word' id='word_1_75' title='bbox 2000 1011 2080 1057; x_wconf 88' lang='lat' dir='ltr'><strong>est</strong></span> <span class='ocrx_word' id='word_1_76' title='bbox 2092 1006 2243 1070; x_wconf 89' lang='lat' dir='ltr'><strong>enim,</strong></span> <span class='ocrx_word' id='word_1_77' title='bbox 2262 1006 2349 1057; x_wconf 83' lang='lat' dir='ltr'><strong>Sic</strong></span> 
     </span>
     <span class='ocr_line' id='line_1_8' title="bbox 195 1085 2347 1156; baseline 0 -19"><span class='ocrx_word' id='word_1_78' title='bbox 195 1085 436 1138; x_wconf 86' lang='lat' dir='ltr'><strong>“luceant</strong></span> <span class='ocrx_word' id='word_1_79' title='bbox 464 1117 531 1127; x_wconf 90' lang='lat'><em>-</em></span> <span class='ocrx_word' id='word_1_80' title='bbox 562 1106 779 1155; x_wconf 88' lang='lat' dir='ltr'><strong>sponso.</strong></span> <span class='ocrx_word' id='word_1_81' title='bbox 826 1087 947 1140; x_wconf 84' lang='lat' dir='ltr'><strong>Lec.</strong></span> <span class='ocrx_word' id='word_1_82' title='bbox 981 1088 1047 1154; x_wconf 69' lang='grc' dir='ltr'><strong>ιη’.</strong></span> <span class='ocrx_word' id='word_1_83' title='bbox 1078 1087 1482 1156; x_wconf 84' lang='lat' dir='ltr'><strong>Intelligendum</strong></span> <span class='ocrx_word' id='word_1_84' title='bbox 1505 1116 1575 1126; x_wconf 90' lang='lat'><em>-</em></span> <span class='ocrx_word' id='word_1_85' title='bbox 1599 1087 1801 1139; x_wconf 86' lang='lat' dir='ltr'><strong>senseri</strong></span> <span class='ocrx_word' id='word_1_86' title='bbox 1824 1113 1885 1126; x_wconf 94' lang='lat'><em>-</em></span> <span class='ocrx_word' id='word_1_87' title='bbox 1912 1086 2122 1139; x_wconf 81' lang='lat' dir='ltr'><strong>obviam</strong></span> <span class='ocrx_word' id='word_1_88' title='bbox 2153 1089 2347 1140; x_wconf 82' lang='lat' dir='ltr'><strong>venire.</strong></span> 
     </span>
     <span class='ocr_line' id='line_1_9' title="bbox 195 1171 741 1235; baseline 0.005 -14"><span class='ocrx_word' id='word_1_89' title='bbox 195 1171 306 1221; x_wconf 77' lang='lat' dir='ltr'><strong>“Tu</strong></span> <span class='ocrx_word' id='word_1_90' title='bbox 328 1177 503 1221; x_wconf 89' lang='lat' dir='ltr'><strong>autem</strong></span> <span class='ocrx_word' id='word_1_91' title='bbox 525 1171 741 1235; x_wconf 54' lang='lat' dir='ltr'><strong>ntia-w</strong></span> 
     </span>
    </p>

    <p class='ocr_par' dir='ltr' id='par_1_3' title="bbox 284 1253 1435 1321">
     <span class='ocr_line' id='line_1_10' title="bbox 284 1253 1435 1321; baseline 0.002 -18"><span class='ocrx_word' id='word_1_92' title='bbox 284 1254 347 1303; x_wconf 93' lang='lat' dir='ltr'><strong>In</strong></span> <span class='ocrx_word' id='word_1_93' title='bbox 372 1254 418 1318; x_wconf 72' lang='lat' dir='ltr'><strong>Bc</strong></span> <span class='ocrx_word' id='word_1_94' title='bbox 443 1258 490 1319; x_wconf 88' lang='lat'><strong>3,</strong></span> <span class='ocrx_word' id='word_1_95' title='bbox 512 1271 608 1321; x_wconf 85' lang='lat' dir='ltr'><strong>pro</strong></span> <span class='ocrx_word' id='word_1_96' title='bbox 637 1253 922 1306; x_wconf 81' lang='lat' dir='ltr'><strong>“calcavit&#39;’</strong></span> <span class='ocrx_word' id='word_1_97' title='bbox 947 1255 991 1305; x_wconf 90' lang='lat' dir='ltr'>L</span> <span class='ocrx_word' id='word_1_98' title='bbox 1018 1253 1435 1305; x_wconf 86' lang='lat' dir='ltr'><strong>“calcaverunt&#39;&#39;.</strong></span> 
     </span>
    </p>

    <p class='ocr_par' dir='ltr' id='par_1_4' title="bbox 189 1333 2344 1485">
     <span class='ocr_line' id='line_1_11' title="bbox 285 1333 2344 1407; baseline 0 -18"><span class='ocrx_word' id='word_1_99' title='bbox 285 1333 326 1403; x_wconf 66' lang='grc'>5</span> <span class='ocrx_word' id='word_1_100' title='bbox 351 1333 507 1404; x_wconf 75' lang='grc'><strong>98.)</strong></span> <span class='ocrx_word' id='word_1_101' title='bbox 542 1338 607 1387; x_wconf 93' lang='lat' dir='ltr'><strong>In</strong></span> <span class='ocrx_word' id='word_1_102' title='bbox 628 1339 817 1388; x_wconf 68' lang='lat' dir='ltr'><strong>Tertiae</strong></span> <span class='ocrx_word' id='word_1_103' title='bbox 850 1337 965 1402; x_wconf 67' lang='lat' dir='ltr'><strong>ffio,</strong></span> <span class='ocrx_word' id='word_1_104' title='bbox 998 1338 1056 1387; x_wconf 92' lang='lat' dir='ltr'><strong>in</strong></span> <span class='ocrx_word' id='word_1_105' title='bbox 1078 1337 1121 1387; x_wconf 93' lang='lat' dir='ltr'>L</span> <span class='ocrx_word' id='word_1_106' title='bbox 1144 1338 1409 1403; x_wconf 82' lang='lat' dir='ltr'><strong>repetitur,</strong></span> <span class='ocrx_word' id='word_1_107' title='bbox 1442 1352 1554 1388; x_wconf 89' lang='lat' dir='ltr'><strong>non</strong></span> <span class='ocrx_word' id='word_1_108' title='bbox 1589 1338 1748 1388; x_wconf 82' lang='lat' dir='ltr'><strong>“Post</strong></span> <span class='ocrx_word' id='word_1_109' title='bbox 1771 1337 1933 1390; x_wconf 86' lang='lat' dir='ltr'><strong>eam.&#39;’</strong></span> <span class='ocrx_word' id='word_1_110' title='bbox 1956 1337 2048 1389; x_wconf 89' lang='lat' dir='ltr'><strong>sed</strong></span> <span class='ocrx_word' id='word_1_111' title='bbox 2073 1339 2344 1407; x_wconf 85' lang='lat' dir='ltr'><strong>“Virgines</strong></span> 
     </span>
     <span class='ocr_line' id='line_1_12' title="bbox 189 1418 2344 1485; baseline 0.002 -17"><span class='ocrx_word' id='word_1_112' title='bbox 189 1420 341 1483; x_wconf 89' lang='lat' dir='ltr'><strong>“post</strong></span> <span class='ocrx_word' id='word_1_113' title='bbox 361 1418 524 1469; x_wconf 87' lang='lat' dir='ltr'><strong>eam.&#39;&#39;</strong></span> <span class='ocrx_word' id='word_1_114' title='bbox 541 1421 604 1469; x_wconf 93' lang='lat' dir='ltr'><strong>In</strong></span> <span class='ocrx_word' id='word_1_115' title='bbox 623 1418 726 1473; x_wconf 70' lang='lat' dir='ltr'><strong>Vlo</strong></span> <span class='ocrx_word' id='word_1_116' title='bbox 746 1425 932 1484; x_wconf 79' lang='lat' dir='ltr'><strong>autem,</strong></span> <span class='ocrx_word' id='word_1_117' title='bbox 951 1436 1045 1485; x_wconf 90' lang='lat' dir='ltr'><strong>pro</strong></span> <span class='ocrx_word' id='word_1_118' title='bbox 1068 1419 1424 1483; x_wconf 86' lang='lat' dir='ltr'><strong>“afferentur”,</strong></span> <span class='ocrx_word' id='word_1_119' title='bbox 1441 1420 1579 1470; x_wconf 89' lang='lat' dir='ltr'><strong>idem</strong></span> <span class='ocrx_word' id='word_1_120' title='bbox 1595 1419 1802 1471; x_wconf 86' lang='lat' dir='ltr'><strong>MStum</strong></span> <span class='ocrx_word' id='word_1_121' title='bbox 1825 1420 2344 1476; x_wconf 85' lang='lat' dir='ltr'><strong>“offerentur”habet.</strong></span> 
     </span>
    </p>

    <p class='ocr_par' dir='ltr' id='par_1_5' title="bbox 286 1500 2140 1567">
     <span class='ocr_line' id='line_1_13' title="bbox 286 1500 2140 1567; baseline 0.003 -16"><span class='ocrx_word' id='word_1_122' title='bbox 286 1500 507 1552; x_wconf 79' lang='lat' dir='ltr'><strong>“Oratio</strong></span> <span class='ocrx_word' id='word_1_123' title='bbox 529 1510 587 1552; x_wconf 80' lang='lat' dir='ltr'><strong>ut</strong></span> <span class='ocrx_word' id='word_1_124' title='bbox 608 1501 820 1567; x_wconf 71' lang='lat' dir='ltr'><strong>eupra.”</strong></span> <span class='ocrx_word' id='word_1_125' title='bbox 844 1501 911 1551; x_wconf 91' lang='lat' dir='ltr'><strong>ad</strong></span> <span class='ocrx_word' id='word_1_126' title='bbox 934 1503 1177 1565; x_wconf 88' lang='lat' dir='ltr'><strong>Tertiam,</strong></span> <span class='ocrx_word' id='word_1_127' title='bbox 1203 1502 1269 1552; x_wconf 91' lang='lat' dir='ltr'><strong>ad</strong></span> <span class='ocrx_word' id='word_1_128' title='bbox 1294 1502 1519 1567; x_wconf 86' lang='lat' dir='ltr'><strong>Sextam,</strong></span> <span class='ocrx_word' id='word_1_129' title='bbox 1546 1508 1598 1553; x_wconf 91' lang='lat' dir='ltr'><strong>et</strong></span> <span class='ocrx_word' id='word_1_130' title='bbox 1622 1503 1688 1553; x_wconf 86' lang='lat' dir='ltr'><strong>ad</strong></span> <span class='ocrx_word' id='word_1_131' title='bbox 1709 1504 1930 1567; x_wconf 87' lang='lat' dir='ltr'><strong>Nonam,</strong></span> <span class='ocrx_word' id='word_1_132' title='bbox 1957 1520 2056 1555; x_wconf 89' lang='lat' dir='ltr'><strong>om.</strong></span> <span class='ocrx_word' id='word_1_133' title='bbox 2080 1505 2140 1556; x_wconf 91' lang='lat' dir='ltr'><strong>L.</strong></span> 
     </span>
    </p>

    <p class='ocr_par' dir='ltr' id='par_1_6' title="bbox 295 1583 2347 1653">
     <span class='ocr_line' id='line_1_14' title="bbox 295 1583 2347 1653; baseline 0.001 -18"><span class='ocrx_word' id='word_1_134' title='bbox 295 1583 531 1650; x_wconf 68' lang='lat' dir='ltr'><strong>Vesperae</strong></span> <span class='ocrx_word' id='word_1_135' title='bbox 555 1584 807 1636; x_wconf 79' lang='lat' dir='ltr'><strong>Secundae</strong></span> <span class='ocrx_word' id='word_1_136' title='bbox 837 1586 894 1635; x_wconf 90' lang='lat' dir='ltr'><strong>in</strong></span> <span class='ocrx_word' id='word_1_137' title='bbox 925 1586 1073 1635; x_wconf 86' lang='lat' dir='ltr'><strong>festis</strong></span> <span class='ocrx_word' id='word_1_138' title='bbox 1101 1585 1157 1650; x_wconf 87' lang='lat' dir='ltr'><strong>iij</strong></span> <span class='ocrx_word' id='word_1_139' title='bbox 1181 1585 1467 1637; x_wconf 88' lang='lat' dir='ltr'><strong>lectionum</strong></span> <span class='ocrx_word' id='word_1_140' title='bbox 1491 1586 1603 1637; x_wconf 89' lang='lat' dir='ltr'><strong>sine</strong></span> <span class='ocrx_word' id='word_1_141' title='bbox 1626 1587 1878 1653; x_wconf 87' lang='lat' dir='ltr'><strong>regimine</strong></span> <span class='ocrx_word' id='word_1_142' title='bbox 1904 1588 2063 1651; x_wconf 87' lang='lat' dir='ltr'><strong>chori,</strong></span> <span class='ocrx_word' id='word_1_143' title='bbox 2089 1617 2146 1627; x_wconf 88' lang='lat'><strong>-—</strong></span> <span class='ocrx_word' id='word_1_144' title='bbox 2171 1587 2347 1653; x_wconf 89' lang='lat' dir='ltr'><strong>qualia</strong></span> 
     </span>
    </p>

    <p class='ocr_par' dir='ltr' id='par_1_7' title="bbox 171 1665 2347 2148">
     <span class='ocr_line' id='line_1_15' title="bbox 179 1665 2346 1739; baseline 0.002 -23"><span class='ocrx_word' id='word_1_145' title='bbox 179 1672 305 1718; x_wconf 87' lang='lat' dir='ltr'><strong>sunt</strong></span> <span class='ocrx_word' id='word_1_146' title='bbox 324 1683 440 1734; x_wconf 76' lang='lat' dir='ltr'><strong>quae</strong></span> <span class='ocrx_word' id='word_1_147' title='bbox 457 1669 514 1717; x_wconf 91' lang='lat' dir='ltr'><strong>in</strong></span> <span class='ocrx_word' id='word_1_148' title='bbox 534 1666 845 1718; x_wconf 83' lang='lat' dir='ltr'><strong>Calendario</strong></span> <span class='ocrx_word' id='word_1_149' title='bbox 859 1667 1235 1720; x_wconf 85' lang='lat' dir='ltr'><strong>Sarisburiensi</strong></span> <span class='ocrx_word' id='word_1_150' title='bbox 1246 1665 1489 1719; x_wconf 76' lang='lat' dir='ltr'><strong>len‘um</strong></span> <span class='ocrx_word' id='word_1_151' title='bbox 1509 1666 1778 1736; x_wconf 64' lang='lat' dir='ltr'><strong>Virginum</strong></span> <span class='ocrx_word' id='word_1_152' title='bbox 1789 1666 1882 1736; x_wconf 85' lang='lat' dir='ltr'><strong>(cf.</strong></span> <span class='ocrx_word' id='word_1_153' title='bbox 1893 1670 2000 1732; x_wconf 76' lang='lat' dir='ltr'><strong>ad§</strong></span> <span class='ocrx_word' id='word_1_154' title='bbox 2014 1669 2104 1739; x_wconf 81' lang='lat'><strong>92)</strong></span> <span class='ocrx_word' id='word_1_155' title='bbox 2116 1672 2250 1722; x_wconf 85' lang='lat' dir='ltr'><strong>festa</strong></span> <span class='ocrx_word' id='word_1_156' title='bbox 2262 1686 2346 1721; x_wconf 90' lang='lat' dir='ltr'><strong>oc-</strong></span> 
     </span>
     <span class='ocr_line' id='line_1_16' title="bbox 178 1749 2344 1822; baseline 0.002 -23"><span class='ocrx_word' id='word_1_157' title='bbox 178 1756 489 1814; x_wconf 83' lang='lat' dir='ltr'><strong>currunt,-</strong></span> <span class='ocrx_word' id='word_1_158' title='bbox 502 1766 611 1801; x_wconf 91' lang='lat' dir='ltr'><strong>non</strong></span> <span class='ocrx_word' id='word_1_159' title='bbox 630 1749 886 1800; x_wconf 87' lang='lat' dir='ltr'><strong>dicuntur.</strong></span> <span class='ocrx_word' id='word_1_160' title='bbox 912 1750 1212 1800; x_wconf 84' lang='lat' dir='ltr'><strong>Secundum</strong></span> <span class='ocrx_word' id='word_1_161' title='bbox 1230 1750 1529 1818; x_wconf 86' lang='lat' dir='ltr'><strong>analogiam</strong></span> <span class='ocrx_word' id='word_1_162' title='bbox 1547 1768 1689 1815; x_wconf 86' lang='lat' dir='ltr'><strong>vero,</strong></span> <span class='ocrx_word' id='word_1_163' title='bbox 1707 1754 1763 1803; x_wconf 91' lang='lat' dir='ltr'><strong>in</strong></span> <span class='ocrx_word' id='word_1_164' title='bbox 1781 1754 1914 1803; x_wconf 84' lang='lat' dir='ltr'><strong>sesto</strong></span> <span class='ocrx_word' id='word_1_165' title='bbox 1935 1755 2076 1819; x_wconf 89' lang='lat' dir='ltr'><strong>quod</strong></span> <span class='ocrx_word' id='word_1_166' title='bbox 2090 1753 2275 1822; x_wconf 88' lang='lat' dir='ltr'><strong>Vesp&#39;s</strong></span> <span class='ocrx_word' id='word_1_167' title='bbox 2295 1754 2344 1804; x_wconf 95' lang='lat' dir='ltr'><strong>II</strong></span> 
     </span>
     <span class='ocr_line' id='line_1_17' title="bbox 173 1821 2339 1904; baseline 0.003 -22"><span class='ocrx_word' id='word_1_168' title='bbox 173 1821 414 1897; x_wconf 85' lang='lat' dir='ltr'><strong>haberet,</strong></span> <span class='ocrx_word' id='word_1_169' title='bbox 450 1832 650 1883; x_wconf 82' lang='lat' dir='ltr'><strong>Psalmi</strong></span> <span class='ocrx_word' id='word_1_170' title='bbox 682 1833 913 1883; x_wconf 83' lang='lat' dir='ltr'><strong>Fetiales</strong></span> <span class='ocrx_word' id='word_1_171' title='bbox 950 1847 1070 1883; x_wconf 89' lang='lat' dir='ltr'><strong>cum</strong></span> <span class='ocrx_word' id='word_1_172' title='bbox 1102 1831 1222 1884; x_wconf 80' lang='lat' dir='ltr'><strong>Aiia</strong></span> <span class='ocrx_word' id='word_1_173' title='bbox 1261 1833 1515 1899; x_wconf 90' lang='lat' dir='ltr'><strong>Laudum,</strong></span> <span class='ocrx_word' id='word_1_174' title='bbox 1558 1834 1684 1903; x_wconf 86' lang='lat' dir='ltr'><strong>Cap.</strong></span> <span class='ocrx_word' id='word_1_175' title='bbox 1720 1835 1858 1887; x_wconf 90' lang='lat' dir='ltr'><strong>idem</strong></span> <span class='ocrx_word' id='word_1_176' title='bbox 1890 1836 2030 1902; x_wconf 89' lang='lat' dir='ltr'><strong>quod</strong></span> <span class='ocrx_word' id='word_1_177' title='bbox 2062 1839 2119 1887; x_wconf 92' lang='lat' dir='ltr'><strong>in</strong></span> <span class='ocrx_word' id='word_1_178' title='bbox 2142 1838 2339 1904; x_wconf 84' lang='lat' dir='ltr'><strong>Vespe-</strong></span> 
     </span>
     <span class='ocr_line' id='line_1_18' title="bbox 174 1914 2347 1988; baseline 0.001 -22"><span class='ocrx_word' id='word_1_179' title='bbox 174 1915 246 1965; x_wconf 87' lang='lat' dir='ltr'><strong>ris</strong></span> <span class='ocrx_word' id='word_1_180' title='bbox 267 1917 463 1966; x_wconf 85' lang='lat' dir='ltr'><strong>Primis</strong></span> <span class='ocrx_word' id='word_1_181' title='bbox 496 1922 548 1966; x_wconf 90' lang='lat' dir='ltr'><strong>et</strong></span> <span class='ocrx_word' id='word_1_182' title='bbox 564 1915 852 1981; x_wconf 87' lang='lat' dir='ltr'><strong>Laudibus,</strong></span> <span class='ocrx_word' id='word_1_183' title='bbox 881 1917 1126 1983; x_wconf 84' lang='lat' dir='ltr'><strong>Hymnus</strong></span> <span class='ocrx_word' id='word_1_184' title='bbox 1145 1923 1196 1967; x_wconf 89' lang='lat' dir='ltr'><strong>et</strong></span> <span class='ocrx_word' id='word_1_185' title='bbox 1218 1914 1296 1971; x_wconf 68' lang='lat' dir='ltr'><strong>Vs</strong></span> <span class='ocrx_word' id='word_1_186' title='bbox 1317 1932 1382 1967; x_wconf 85' lang='lat' dir='ltr'><strong>ex</strong></span> <span class='ocrx_word' id='word_1_187' title='bbox 1398 1917 1684 1984; x_wconf 85' lang='lat' dir='ltr'><strong>Laudibus,</strong></span> <span class='ocrx_word' id='word_1_188' title='bbox 1708 1919 1828 1971; x_wconf 81' lang='lat' dir='ltr'><strong>Aiia</strong></span> <span class='ocrx_word' id='word_1_189' title='bbox 1851 1920 1917 1971; x_wconf 88' lang='lat' dir='ltr'><strong>ad</strong></span> <span class='ocrx_word' id='word_1_190' title='bbox 1938 1920 2246 1988; x_wconf 70' lang='lat' dir='ltr'><strong>Maqmflcat</strong></span> <span class='ocrx_word' id='word_1_191' title='bbox 2263 1935 2347 1970; x_wconf 90' lang='lat' dir='ltr'><strong>ea·</strong></span> 
     </span>
     <span class='ocr_line' id='line_1_19' title="bbox 171 1996 2344 2070; baseline 0.002 -23"><span class='ocrx_word' id='word_1_192' title='bbox 171 1996 294 2049; x_wconf 89' lang='lat' dir='ltr'><strong>dem</strong></span> <span class='ocrx_word' id='word_1_193' title='bbox 322 1999 553 2050; x_wconf 83' lang='lat' dir='ltr'><strong>fortasse</strong></span> <span class='ocrx_word' id='word_1_194' title='bbox 582 2015 698 2064; x_wconf 74' lang='lat' dir='ltr'><strong>quae</strong></span> <span class='ocrx_word' id='word_1_195' title='bbox 725 2001 780 2049; x_wconf 89' lang='lat' dir='ltr'><strong>in</strong></span> <span class='ocrx_word' id='word_1_196' title='bbox 799 2001 1076 2052; x_wconf 84' lang='lat' dir='ltr'><strong>Communi</strong></span> <span class='ocrx_word' id='word_1_197' title='bbox 1092 2000 1328 2052; x_wconf 91' lang='lat' dir='ltr'><strong>Plurium</strong></span> <span class='ocrx_word' id='word_1_198' title='bbox 1346 2001 1635 2067; x_wconf 87' lang='lat' dir='ltr'><strong>Martyrum</strong></span> <span class='ocrx_word' id='word_1_199' title='bbox 1658 2003 1819 2068; x_wconf 92' lang='lat' dir='ltr'><strong>(unde</strong></span> <span class='ocrx_word' id='word_1_200' title='bbox 1840 2005 1995 2056; x_wconf 87' lang='lat' dir='ltr'><strong>etiam</strong></span> <span class='ocrx_word' id='word_1_201' title='bbox 2014 2003 2344 2070; x_wconf 86' lang='lat' dir='ltr'><strong>supradictus</strong></span> 
     </span>
     <span class='ocr_line' id='line_1_20' title="bbox 171 2079 1096 2148; baseline 0.004 -18"><span class='ocrx_word' id='word_1_202' title='bbox 171 2081 427 2148; x_wconf 84' lang='lat' dir='ltr'><strong>Hymnus</strong></span> <span class='ocrx_word' id='word_1_203' title='bbox 447 2088 500 2132; x_wconf 91' lang='lat' dir='ltr'><strong>et</strong></span> <span class='ocrx_word' id='word_1_204' title='bbox 515 2079 635 2148; x_wconf 67' lang='lat' dir='ltr'><strong>Vs),</strong></span> <span class='ocrx_word' id='word_1_205' title='bbox 664 2082 813 2134; x_wconf 89' lang='lat' dir='ltr'><strong>dicen</strong></span> <span class='ocrx_word' id='word_1_206' title='bbox 821 2084 887 2135; x_wconf 87' lang='lat' dir='ltr'><strong>da</strong></span> <span class='ocrx_word' id='word_1_207' title='bbox 906 2089 1096 2135; x_wconf 81' lang='lat' dir='ltr'><strong>essent.</strong></span> 
     </span>
    </p>
   </div>
   <div class='ocr_carea' id='block_1_3' title="bbox 138 2199 2342 3358">
    <p class='ocr_par' dir='ltr' id='par_1_8' title="bbox 159 2199 2342 2420">
     <span class='ocr_line' id='line_1_21' title="bbox 270 2199 2342 2268; baseline -0.001 -15"><span class='ocrx_word' id='word_1_208' title='bbox 270 2199 412 2252; x_wconf 91' lang='lat' dir='ltr'><strong>Cum</strong></span> <span class='ocrx_word' id='word_1_209' title='bbox 436 2200 539 2253; x_wconf 89' lang='lat' dir='ltr'><strong>hoc</strong></span> <span class='ocrx_word' id='word_1_210' title='bbox 562 2205 734 2253; x_wconf 85' lang='lat' dir='ltr'><strong>autem</strong></span> <span class='ocrx_word' id='word_1_211' title='bbox 755 2199 1000 2252; x_wconf 75' lang='lat' dir='ltr'><strong>Plurium</strong></span> <span class='ocrx_word' id='word_1_212' title='bbox 1027 2199 1297 2268; x_wconf 64' lang='lat' dir='ltr'><strong>Virginum</strong></span> <span class='ocrx_word' id='word_1_213' title='bbox 1320 2200 1522 2264; x_wconf 90' lang='lat' dir='ltr'><strong>Officio,</strong></span> <span class='ocrx_word' id='word_1_214' title='bbox 1547 2203 1887 2254; x_wconf 84' lang='lat' dir='ltr'><strong>terminantur</strong></span> <span class='ocrx_word' id='word_1_215' title='bbox 1908 2202 2030 2255; x_wconf 90' lang='lat' dir='ltr'><strong>libri</strong></span> <span class='ocrx_word' id='word_1_216' title='bbox 2051 2202 2095 2254; x_wconf 93' lang='lat' dir='ltr'><strong>L</strong></span> <span class='ocrx_word' id='word_1_217' title='bbox 2120 2201 2342 2254; x_wconf 83' lang='lat' dir='ltr'><strong>Commu-</strong></span> 
     </span>
     <span class='ocr_line' id='line_1_22' title="bbox 161 2283 2341 2355; baseline 0.001 -21"><span class='ocrx_word' id='word_1_218' title='bbox 161 2283 286 2334; x_wconf 75' lang='lat' dir='ltr'><strong>nia:</strong></span> <span class='ocrx_word' id='word_1_219' title='bbox 314 2288 447 2350; x_wconf 91' lang='lat' dir='ltr'><strong>post</strong></span> <span class='ocrx_word' id='word_1_220' title='bbox 479 2301 609 2351; x_wconf 73' lang='lat' dir='ltr'><strong>quae,</strong></span> <span class='ocrx_word' id='word_1_221' title='bbox 637 2284 1042 2336; x_wconf 87' lang='lat' dir='ltr'><strong>Benedictiones</strong></span> <span class='ocrx_word' id='word_1_222' title='bbox 1067 2283 1134 2334; x_wconf 94' lang='lat' dir='ltr'><strong>ad</strong></span> <span class='ocrx_word' id='word_1_223' title='bbox 1155 2283 1440 2335; x_wconf 89' lang='lat' dir='ltr'><strong>Prandium</strong></span> <span class='ocrx_word' id='word_1_224' title='bbox 1465 2289 1516 2335; x_wconf 89' lang='lat' dir='ltr'><strong>et</strong></span> <span class='ocrx_word' id='word_1_225' title='bbox 1545 2285 1611 2335; x_wconf 90' lang='lat' dir='ltr'><strong>ad</strong></span> <span class='ocrx_word' id='word_1_226' title='bbox 1648 2285 1865 2338; x_wconf 86' lang='lat' dir='ltr'><strong>Coenam</strong></span> <span class='ocrx_word' id='word_1_227' title='bbox 1882 2286 2021 2337; x_wconf 85' lang='lat' dir='ltr'><strong>MSti</strong></span> <span class='ocrx_word' id='word_1_228' title='bbox 2042 2286 2209 2355; x_wconf 85' lang='lat' dir='ltr'><strong>ipsius</strong></span> <span class='ocrx_word' id='word_1_229' title='bbox 2232 2290 2341 2336; x_wconf 85' lang='lat' dir='ltr'><strong>tex—</strong></span> 
     </span>
     <span class='ocr_line' id='line_1_23' title="bbox 159 2367 580 2420; baseline 0.007 -3"><span class='ocrx_word' id='word_1_230' title='bbox 159 2376 277 2418; x_wconf 91' lang='lat' dir='ltr'><strong>tum</strong></span> <span class='ocrx_word' id='word_1_231' title='bbox 302 2367 580 2420; x_wconf 84' lang='lat' dir='ltr'><strong>claudunt.</strong></span> 
     </span>
    </p>

    <p class='ocr_par' dir='ltr' id='par_1_9' title="bbox 144 2450 2342 3103">
     <span class='ocr_line' id='line_1_24' title="bbox 261 2450 2341 2521; baseline 0 -20"><span class='ocrx_word' id='word_1_232' title='bbox 261 2451 330 2502; x_wconf 90' lang='lat' dir='ltr'><strong>In</strong></span> <span class='ocrx_word' id='word_1_233' title='bbox 358 2450 471 2503; x_wconf 87' lang='lat' dir='ltr'><strong>hoc</strong></span> <span class='ocrx_word' id='word_1_234' title='bbox 488 2458 662 2504; x_wconf 84' lang='lat' dir='ltr'><strong>autem</strong></span> <span class='ocrx_word' id='word_1_235' title='bbox 680 2453 862 2504; x_wconf 87' lang='lat' dir='ltr'><strong>codice</strong></span> <span class='ocrx_word' id='word_1_236' title='bbox 881 2451 1262 2516; x_wconf 84' lang='lat' dir='ltr'><strong>Calendarium,</strong></span> <span class='ocrx_word' id='word_1_237' title='bbox 1290 2467 1401 2504; x_wconf 89' lang='lat' dir='ltr'><strong>non</strong></span> <span class='ocrx_word' id='word_1_238' title='bbox 1430 2452 1864 2518; x_wconf 86' lang='lat' dir='ltr'><strong>quemadmodum</strong></span> <span class='ocrx_word' id='word_1_239' title='bbox 1880 2453 1938 2503; x_wconf 93' lang='lat' dir='ltr'><strong>in</strong></span> <span class='ocrx_word' id='word_1_240' title='bbox 1954 2453 2218 2521; x_wconf 75' lang='lat' dir='ltr'><strong>impressis</strong></span> <span class='ocrx_word' id='word_1_241' title='bbox 2233 2452 2341 2520; x_wconf 88' lang='lat' dir='ltr'><strong>ple-</strong></span> 
     </span>
     <span class='ocr_line' id='line_1_25' title="bbox 153 2533 2338 2603; baseline 0 -18"><span class='ocrx_word' id='word_1_242' title='bbox 153 2535 362 2601; x_wconf 85' lang='lat' dir='ltr'><strong>risque,</strong></span> <span class='ocrx_word' id='word_1_243' title='bbox 382 2534 457 2586; x_wconf 86' lang='lat' dir='ltr'><strong>ad</strong></span> <span class='ocrx_word' id='word_1_244' title='bbox 472 2536 694 2600; x_wconf 80' lang='lat' dir='ltr'><strong>initium,</strong></span> <span class='ocrx_word' id='word_1_245' title='bbox 713 2541 836 2587; x_wconf 87' lang='lat' dir='ltr'><strong>ante</strong></span> <span class='ocrx_word' id='word_1_246' title='bbox 857 2535 1142 2602; x_wconf 78' lang='lat' dir='ltr'><strong>Proprium</strong></span> <span class='ocrx_word' id='word_1_247' title='bbox 1164 2534 1229 2587; x_wconf 83' lang='lat' dir='ltr'><strong>de</strong></span> <span class='ocrx_word' id='word_1_248' title='bbox 1261 2533 1521 2602; x_wconf 80' lang='lat' dir='ltr'><strong>Tempore,</strong></span> <span class='ocrx_word' id='word_1_249' title='bbox 1547 2536 1641 2587; x_wconf 86' lang='lat' dir='ltr'><strong>sed</strong></span> <span class='ocrx_word' id='word_1_250' title='bbox 1663 2543 1784 2603; x_wconf 86' lang='lat' dir='ltr'><strong>post</strong></span> <span class='ocrx_word' id='word_1_251' title='bbox 1804 2537 1929 2588; x_wconf 86' lang='lat' dir='ltr'><strong>huic</strong></span> <span class='ocrx_word' id='word_1_252' title='bbox 1950 2536 2247 2601; x_wconf 86' lang='lat' dir='ltr'><strong>subjuncta,</strong></span> <span class='ocrx_word' id='word_1_253' title='bbox 2274 2562 2338 2572; x_wconf 88' lang='lat'><strong>·-—</strong></span> 
     </span>
     <span class='ocr_line' id='line_1_26' title="bbox 153 2616 2341 2685; baseline 0 -18"><span class='ocrx_word' id='word_1_254' title='bbox 153 2633 355 2685; x_wconf 85' lang='lat' dir='ltr'><strong>nempe</strong></span> <span class='ocrx_word' id='word_1_255' title='bbox 379 2624 509 2684; x_wconf 85' lang='lat' dir='ltr'><strong>post</strong></span> <span class='ocrx_word' id='word_1_256' title='bbox 529 2618 892 2671; x_wconf 87' lang='lat' dir='ltr'><strong>Dedicationis</strong></span> <span class='ocrx_word' id='word_1_257' title='bbox 918 2618 1162 2669; x_wconf 89' lang='lat' dir='ltr'><strong>Officium</strong></span> <span class='ocrx_word' id='word_1_258' title='bbox 1196 2616 1284 2682; x_wconf 87' lang='lat' dir='ltr'><strong>(cf.</strong></span> <span class='ocrx_word' id='word_1_259' title='bbox 1308 2619 1371 2682; x_wconf 75' lang='lat'><strong>§§</strong></span> <span class='ocrx_word' id='word_1_260' title='bbox 1398 2622 1494 2670; x_wconf 87' lang='grc'><strong>164</strong></span> <span class='ocrx_word' id='word_1_261' title='bbox 1509 2644 1577 2658; x_wconf 89' lang='lat'><strong>-—-</strong></span> <span class='ocrx_word' id='word_1_262' title='bbox 1601 2619 1716 2685; x_wconf 84' lang='lat'>197)</span> <span class='ocrx_word' id='word_1_263' title='bbox 1741 2635 1860 2670; x_wconf 87' lang='lat' dir='ltr'><strong>cum</strong></span> <span class='ocrx_word' id='word_1_264' title='bbox 1881 2617 2341 2671; x_wconf 86' lang='lat' dir='ltr'><strong>Benedictionibus</strong></span> 
     </span>
     <span class='ocr_line' id='line_1_27' title="bbox 155 2700 2341 2769; baseline -0 -18"><span class='ocrx_word' id='word_1_265' title='bbox 155 2707 283 2752; x_wconf 86' lang='lat' dir='ltr'><strong>ante</strong></span> <span class='ocrx_word' id='word_1_266' title='bbox 303 2702 596 2752; x_wconf 81' lang='lat' dir='ltr'><strong>Lectiones</strong></span> <span class='ocrx_word' id='word_1_267' title='bbox 622 2700 710 2768; x_wconf 85' lang='lat' dir='ltr'><strong>(cf.</strong></span> <span class='ocrx_word' id='word_1_268' title='bbox 735 2703 798 2765; x_wconf 67' lang='lat'><strong>§5</strong></span> <span class='ocrx_word' id='word_1_269' title='bbox 819 2704 913 2754; x_wconf 86' lang='grc'><strong>198</strong></span> <span class='ocrx_word' id='word_1_270' title='bbox 932 2730 995 2739; x_wconf 89' lang='lat'><em>-</em></span> <span class='ocrx_word' id='word_1_271' title='bbox 1014 2700 1134 2769; x_wconf 84' lang='lat'><strong>200)</strong></span> <span class='ocrx_word' id='word_1_272' title='bbox 1153 2705 1205 2750; x_wconf 93' lang='lat' dir='ltr'><strong>et</strong></span> <span class='ocrx_word' id='word_1_273' title='bbox 1219 2700 1461 2753; x_wconf 89' lang='lat' dir='ltr'><strong>Rubricis</strong></span> <span class='ocrx_word' id='word_1_274' title='bbox 1479 2701 1806 2768; x_wconf 88' lang='lat' dir='ltr'><strong>quibusdam,</strong></span> <span class='ocrx_word' id='word_1_275' title='bbox 1824 2729 1889 2740; x_wconf 96' lang='lat'><strong>—</strong></span> <span class='ocrx_word' id='word_1_276' title='bbox 1904 2702 2201 2753; x_wconf 90' lang='lat' dir='ltr'><strong>immediate</strong></span> <span class='ocrx_word' id='word_1_277' title='bbox 2221 2707 2341 2750; x_wconf 87' lang='lat' dir='ltr'><strong>ante</strong></span> 
     </span>
     <span class='ocr_line' id='line_1_28' title="bbox 148 2784 2342 2853; baseline 0 -18"><span class='ocrx_word' id='word_1_278' title='bbox 148 2786 487 2837; x_wconf 88' lang='lat' dir='ltr'><strong>Psalterium</strong></span> <span class='ocrx_word' id='word_1_279' title='bbox 514 2787 807 2838; x_wconf 82' lang='lat' dir='ltr'><strong>invenitur:</strong></span> <span class='ocrx_word' id='word_1_280' title='bbox 841 2794 964 2853; x_wconf 86' lang='lat' dir='ltr'><strong>post</strong></span> <span class='ocrx_word' id='word_1_281' title='bbox 986 2787 1299 2840; x_wconf 86' lang='lat' dir='ltr'><strong>Psalterium</strong></span> <span class='ocrx_word' id='word_1_282' title='bbox 1330 2786 1475 2850; x_wconf 73' lang='lat' dir='ltr'><strong>verb,</strong></span> <span class='ocrx_word' id='word_1_283' title='bbox 1501 2786 1644 2852; x_wconf 89' lang='lat' dir='ltr'><strong>quod</strong></span> <span class='ocrx_word' id='word_1_284' title='bbox 1672 2791 1793 2836; x_wconf 85' lang='lat' dir='ltr'><strong>ante</strong></span> <span class='ocrx_word' id='word_1_285' title='bbox 1826 2784 2024 2836; x_wconf 84' lang='lat' dir='ltr'><strong>Psalmi</strong></span> <span class='ocrx_word' id='word_1_286' title='bbox 2062 2788 2156 2836; x_wconf 85' lang='lat'><strong>102</strong></span> <span class='ocrx_word' id='word_1_287' title='bbox 2185 2784 2342 2835; x_wconf 90' lang='lat' dir='ltr'><strong>finem</strong></span> 
     </span>
     <span class='ocr_line' id='line_1_29' title="bbox 148 2867 2342 2937; baseline -0 -19"><span class='ocrx_word' id='word_1_288' title='bbox 148 2868 465 2921; x_wconf 83' lang='lat' dir='ltr'><strong>mutilando</strong></span> <span class='ocrx_word' id='word_1_289' title='bbox 490 2870 819 2921; x_wconf 85' lang='lat' dir='ltr'><strong>terminatum</strong></span> <span class='ocrx_word' id='word_1_290' title='bbox 846 2875 942 2935; x_wconf 88' lang='lat' dir='ltr'><strong>est,</strong></span> <span class='ocrx_word' id='word_1_291' title='bbox 969 2870 1134 2937; x_wconf 75' lang='lat' dir='ltr'><strong>primo</strong></span> <span class='ocrx_word' id='word_1_292' title='bbox 1154 2869 1438 2937; x_wconf 75' lang='lat' dir='ltr'><strong>Proprium</strong></span> <span class='ocrx_word' id='word_1_293' title='bbox 1465 2869 1529 2921; x_wconf 80' lang='lat' dir='ltr'><strong>de</strong></span> <span class='ocrx_word' id='word_1_294' title='bbox 1556 2867 1777 2932; x_wconf 66' lang='lat' dir='ltr'><strong>Sanctis,</strong></span> <span class='ocrx_word' id='word_1_295' title='bbox 1803 2867 1991 2918; x_wconf 90' lang='lat' dir='ltr'><strong>deinde</strong></span> <span class='ocrx_word' id='word_1_296' title='bbox 2009 2883 2133 2918; x_wconf 83' lang='lat' dir='ltr'><strong>vero</strong></span> <span class='ocrx_word' id='word_1_297' title='bbox 2154 2882 2342 2918; x_wconf 88' lang='lat' dir='ltr'><strong>eorun-</strong></span> 
     </span>
     <span class='ocr_line' id='line_1_30' title="bbox 146 2948 2342 3021; baseline -0.001 -18"><span class='ocrx_word' id='word_1_298' title='bbox 146 2952 276 3005; x_wconf 88' lang='lat' dir='ltr'><strong>dem</strong></span> <span class='ocrx_word' id='word_1_299' title='bbox 319 2952 647 3017; x_wconf 76' lang='lat' dir='ltr'><strong>Communia,</strong></span> <span class='ocrx_word' id='word_1_300' title='bbox 681 2959 733 3004; x_wconf 91' lang='lat' dir='ltr'><strong>et</strong></span> <span class='ocrx_word' id='word_1_301' title='bbox 764 2953 832 3005; x_wconf 83' lang='lat' dir='ltr'><strong>ad</strong></span> <span class='ocrx_word' id='word_1_302' title='bbox 863 2955 1021 3005; x_wconf 86' lang='lat' dir='ltr'><strong>finem</strong></span> <span class='ocrx_word' id='word_1_303' title='bbox 1051 2955 1310 3021; x_wconf 70' lang='lat' dir='ltr'><strong>prsedictae</strong></span> <span class='ocrx_word' id='word_1_304' title='bbox 1341 2953 1746 3006; x_wconf 88' lang='lat' dir='ltr'><strong>Benedictiones</strong></span> <span class='ocrx_word' id='word_1_305' title='bbox 1780 2951 1848 3002; x_wconf 89' lang='lat' dir='ltr'><strong>ad</strong></span> <span class='ocrx_word' id='word_1_306' title='bbox 1880 2950 2166 3002; x_wconf 88' lang='lat' dir='ltr'><strong>Prandium</strong></span> <span class='ocrx_word' id='word_1_307' title='bbox 2199 2956 2253 3002; x_wconf 89' lang='lat' dir='ltr'><strong>et</strong></span> <span class='ocrx_word' id='word_1_308' title='bbox 2276 2948 2342 2999; x_wconf 88' lang='lat' dir='ltr'><strong>ad</strong></span> 
     </span>
     <span class='ocr_line' id='line_1_31' title="bbox 144 3037 790 3103; baseline -0.005 -14"><span class='ocrx_word' id='word_1_309' title='bbox 144 3038 382 3089; x_wconf 80' lang='lat' dir='ltr'><strong>Coenam</strong></span> <span class='ocrx_word' id='word_1_310' title='bbox 408 3037 790 3103; x_wconf 76' lang='lat' dir='ltr'><strong>sequuntur.(⁰)</strong></span> 
     </span>
    </p>

    <p class='ocr_par' dir='ltr' id='par_1_10' title="bbox 138 3119 2339 3358">
     <span class='ocr_line' id='line_1_32' title="bbox 251 3119 2339 3188; baseline -0.002 -14"><span class='ocrx_word' id='word_1_311' title='bbox 251 3121 521 3174; x_wconf 88' lang='lat' dir='ltr'><strong>Ceterum</strong></span> <span class='ocrx_word' id='word_1_312' title='bbox 553 3127 659 3171; x_wconf 89' lang='lat' dir='ltr'><strong>tam</strong></span> <span class='ocrx_word' id='word_1_313' title='bbox 692 3125 814 3171; x_wconf 89' lang='lat' dir='ltr'><strong>ante</strong></span> <span class='ocrx_word' id='word_1_314' title='bbox 847 3122 1012 3188; x_wconf 90' lang='lat' dir='ltr'><strong>ipsius</strong></span> <span class='ocrx_word' id='word_1_315' title='bbox 1046 3121 1167 3175; x_wconf 90' lang='lat' dir='ltr'><strong>libri</strong></span> <span class='ocrx_word' id='word_1_316' title='bbox 1204 3122 1409 3173; x_wconf 89' lang='lat' dir='ltr'><strong>initium</strong></span> <span class='ocrx_word' id='word_1_317' title='bbox 1433 3137 1590 3187; x_wconf 89' lang='lat' dir='ltr'><strong>quam</strong></span> <span class='ocrx_word' id='word_1_318' title='bbox 1621 3125 1743 3187; x_wconf 85' lang='lat' dir='ltr'><strong>post</strong></span> <span class='ocrx_word' id='word_1_319' title='bbox 1777 3119 2009 3186; x_wconf 89' lang='lat' dir='ltr'><strong>ejusdem</strong></span> <span class='ocrx_word' id='word_1_320' title='bbox 2042 3119 2213 3184; x_wconf 90' lang='lat' dir='ltr'><strong>finem,</strong></span> <span class='ocrx_word' id='word_1_321' title='bbox 2249 3120 2339 3169; x_wconf 89' lang='lat' dir='ltr'><strong>eti-</strong></span> 
     </span>
     <span class='ocr_line' id='line_1_33' title="bbox 140 3202 2338 3270; baseline -0.003 -12"><span class='ocrx_word' id='word_1_322' title='bbox 140 3224 232 3258; x_wconf 87' lang='lat' dir='ltr'><strong>am</strong></span> <span class='ocrx_word' id='word_1_323' title='bbox 253 3208 318 3258; x_wconf 90' lang='lat' dir='ltr'><strong>in</strong></span> <span class='ocrx_word' id='word_1_324' title='bbox 348 3204 694 3268; x_wconf 83' lang='lat' dir='ltr'><strong>CalendariO,</strong></span> <span class='ocrx_word' id='word_1_325' title='bbox 718 3205 867 3256; x_wconf 84' lang='lat' dir='ltr'><strong>varia</strong></span> <span class='ocrx_word' id='word_1_326' title='bbox 889 3205 1049 3254; x_wconf 86' lang='lat' dir='ltr'><strong>variis</strong></span> <span class='ocrx_word' id='word_1_327' title='bbox 1076 3204 1317 3256; x_wconf 89' lang='lat' dir='ltr'><strong>manibus</strong></span> <span class='ocrx_word' id='word_1_328' title='bbox 1349 3204 1613 3270; x_wconf 87' lang='lat' dir='ltr'><strong>(omnibus</strong></span> <span class='ocrx_word' id='word_1_329' title='bbox 1636 3207 1812 3254; x_wconf 85' lang='lat' dir='ltr'><strong>tamen</strong></span> <span class='ocrx_word' id='word_1_330' title='bbox 1835 3203 1962 3255; x_wconf 87' lang='lat' dir='ltr'><strong>satis</strong></span> <span class='ocrx_word' id='word_1_331' title='bbox 1988 3202 2243 3270; x_wconf 88' lang='lat' dir='ltr'><strong>antiquis)</strong></span> <span class='ocrx_word' id='word_1_332' title='bbox 2260 3202 2338 3251; x_wconf 89' lang='lat' dir='ltr'><strong>in·</strong></span> 
     </span>
     <span class='ocr_line' id='line_1_34' title="bbox 138 3285 2339 3358; baseline -0.003 -17"><span class='ocrx_word' id='word_1_333' title='bbox 138 3296 289 3343; x_wconf 85' lang='lat' dir='ltr'><strong>serta</strong></span> <span class='ocrx_word' id='word_1_334' title='bbox 303 3285 662 3358; x_wconf 72' lang='lat' dir='ltr'><strong>leguntur.(¹⁵)</strong></span> <span class='ocrx_word' id='word_1_335' title='bbox 682 3285 914 3348; x_wconf 87' lang='lat' dir='ltr'><strong>Quorum</strong></span> <span class='ocrx_word' id='word_1_336' title='bbox 937 3303 1052 3353; x_wconf 79' lang='lat' dir='ltr'><strong>quae</strong></span> <span class='ocrx_word' id='word_1_337' title='bbox 1068 3292 1267 3338; x_wconf 86' lang='lat' dir='ltr'><strong>textum</strong></span> <span class='ocrx_word' id='word_1_338' title='bbox 1287 3288 1463 3353; x_wconf 89' lang='lat' dir='ltr'><strong>ipsum</strong></span> <span class='ocrx_word' id='word_1_339' title='bbox 1478 3286 1794 3354; x_wconf 73' lang='lat' dir='ltr'><strong>praecedunt,</strong></span> <span class='ocrx_word' id='word_1_340' title='bbox 1813 3288 2019 3354; x_wconf 74' lang='lat' dir='ltr'><strong>paginae</strong></span> <span class='ocrx_word' id='word_1_341' title='bbox 2030 3287 2220 3354; x_wconf 81' lang='lat' dir='ltr'><strong>viginti</strong></span> <span class='ocrx_word' id='word_1_342' title='bbox 2230 3301 2339 3348; x_wconf 71' lang='lat' dir='ltr'><strong>seit,</strong></span> 
     </span>
    </p>
   </div>
   <div class='ocr_carea' id='block_1_4' title="bbox 137 3434 2339 3570">
    <p class='ocr_par' dir='ltr' id='par_1_11' title="bbox 137 3434 2339 3570">
     <span class='ocr_line' id='line_1_35' title="bbox 207 3434 2338 3504; baseline -0.003 -14"><span class='ocrx_word' id='word_1_343' title='bbox 207 3440 243 3473; x_wconf 70' lang='lat'><strong>&#39;¹‘</strong></span> <span class='ocrx_word' id='word_1_344' title='bbox 260 3441 396 3492; x_wconf 86' lang='lat' dir='ltr'><strong>Hoc</strong></span> <span class='ocrx_word' id='word_1_345' title='bbox 436 3454 558 3504; x_wconf 81' lang='lat' dir='ltr'><strong>quoe</strong></span> <span class='ocrx_word' id='word_1_346' title='bbox 591 3442 682 3488; x_wconf 88' lang='lat' dir='ltr'><strong>aut</strong></span> <span class='ocrx_word' id='word_1_347' title='bbox 715 3452 835 3487; x_wconf 91' lang='lat' dir='ltr'><strong>cum</strong></span> <span class='ocrx_word' id='word_1_348' title='bbox 876 3435 1205 3502; x_wconf 84' lang='lat' dir='ltr'><strong>“lampades&#39;&#39;</strong></span> <span class='ocrx_word' id='word_1_349' title='bbox 1307 3434 1449 3501; x_wconf 85' lang='lat' dir='ltr'><strong>(vide</strong></span> <span class='ocrx_word' id='word_1_350' title='bbox 1499 3436 1886 3504; x_wconf 82' lang='lat' dir='ltr'><strong>paragraphum</strong></span> <span class='ocrx_word' id='word_1_351' title='bbox 1939 3434 2338 3501; x_wconf 77' lang='lat' dir='ltr'><strong>praecedentem)</strong></span> 
     </span>
     <span class='ocr_line' id='line_1_36' title="bbox 137 3502 2339 3570; baseline -0.004 -12"><span class='ocrx_word' id='word_1_352' title='bbox 137 3507 491 3559; x_wconf 83' lang='lat' dir='ltr'><strong>concordare</strong></span> <span class='ocrx_word' id='word_1_353' title='bbox 516 3510 606 3555; x_wconf 87' lang='lat' dir='ltr'><strong>aut</strong></span> <span class='ocrx_word' id='word_1_354' title='bbox 627 3510 866 3554; x_wconf 86' lang='lat' dir='ltr'><strong>neutrum</strong></span> <span class='ocrx_word' id='word_1_355' title='bbox 882 3518 998 3554; x_wconf 87' lang='lat' dir='ltr'><strong>esse</strong></span> <span class='ocrx_word' id='word_1_356' title='bbox 1016 3508 1203 3570; x_wconf 87' lang='lat' dir='ltr'><strong>potest.</strong></span> <span class='ocrx_word' id='word_1_357' title='bbox 1302 3502 1642 3554; x_wconf 85' lang='lat' dir='ltr'><strong>memoranda</strong></span> <span class='ocrx_word' id='word_1_358' title='bbox 1669 3502 1907 3567; x_wconf 72' lang='lat' dir='ltr'><strong>quaedam</strong></span> <span class='ocrx_word' id='word_1_359' title='bbox 1931 3517 1963 3552; x_wconf 99' lang='lat' dir='ltr'><strong>a</strong></span> <span class='ocrx_word' id='word_1_360' title='bbox 1981 3516 2140 3552; x_wconf 89' lang='lat' dir='ltr'><strong>manu</strong></span> <span class='ocrx_word' id='word_1_361' title='bbox 2158 3515 2339 3551; x_wconf 90' lang='lat' dir='ltr'><strong>recen-</strong></span> 
     </span>
    </p>
   </div>
   <div class='ocr_carea' id='block_1_5' title="bbox 127 3569 2340 3767">
    <p class='ocr_par' dir='ltr' id='par_1_12' title="bbox 127 3569 2340 3767">
     <span class='ocr_line' id='line_1_37' title="bbox 202 3569 2039 3636; baseline -0.004 -11"><span class='ocrx_word' id='word_1_362' title='bbox 202 3574 406 3636; x_wconf 71' lang='lat' dir='ltr'><strong>-x-Vide</strong></span> <span class='ocrx_word' id='word_1_363' title='bbox 434 3569 511 3621; x_wconf 84' lang='lat' dir='ltr'><strong>ad</strong></span> <span class='ocrx_word' id='word_1_364' title='bbox 534 3574 565 3635; x_wconf 66' lang='grc'>5</span> <span class='ocrx_word' id='word_1_365' title='bbox 590 3573 670 3621; x_wconf 84' lang='grc'><strong>28.</strong></span> <span class='ocrx_word' id='word_1_366' title='bbox 1302 3570 1436 3621; x_wconf 84' lang='lat' dir='ltr'><strong>tiore</strong></span> <span class='ocrx_word' id='word_1_367' title='bbox 1462 3570 1660 3635; x_wconf 87' lang='lat' dir='ltr'><strong>scripta</strong></span> <span class='ocrx_word' id='word_1_368' title='bbox 1681 3569 2039 3619; x_wconf 84' lang='lat' dir='ltr'><strong>inveniuntur.</strong></span> 
     </span>
     <span class='ocr_line' id='line_1_38' title="bbox 211 3633 2337 3709; baseline -0.004 -19"><span class='ocrx_word' id='word_1_369' title='bbox 211 3643 262 3709; x_wconf 72' lang='grc' dir='ltr'><strong>ο)</strong></span> <span class='ocrx_word' id='word_1_370' title='bbox 294 3640 477 3690; x_wconf 89' lang='lat' dir='ltr'><strong>Plura</strong></span> <span class='ocrx_word' id='word_1_371' title='bbox 511 3636 576 3686; x_wconf 90' lang='lat' dir='ltr'><strong>de</strong></span> <span class='ocrx_word' id='word_1_372' title='bbox 605 3636 911 3687; x_wconf 82' lang='lat' dir='ltr'><strong>officiorum</strong></span> <span class='ocrx_word' id='word_1_373' title='bbox 937 3637 993 3686; x_wconf 92' lang='lat' dir='ltr'><strong>in</strong></span> <span class='ocrx_word' id='word_1_374' title='bbox 1020 3636 1124 3687; x_wconf 89' lang='lat' dir='ltr'><strong>hoc</strong></span> <span class='ocrx_word' id='word_1_375' title='bbox 1140 3635 1201 3685; x_wconf 90' lang='lat' dir='ltr'><strong>li-</strong></span> <span class='ocrx_word' id='word_1_376' title='bbox 1367 3636 1563 3686; x_wconf 88' lang='lat' dir='ltr'><strong>Eorum</strong></span> <span class='ocrx_word' id='word_1_377' title='bbox 1617 3651 1741 3686; x_wconf 82' lang='lat' dir='ltr'><strong>vero</strong></span> <span class='ocrx_word' id='word_1_378' title='bbox 1800 3649 1915 3700; x_wconf 82' lang='lat' dir='ltr'><strong>quae</strong></span> <span class='ocrx_word' id='word_1_379' title='bbox 1974 3634 2030 3683; x_wconf 92' lang='lat' dir='ltr'><strong>in</strong></span> <span class='ocrx_word' id='word_1_380' title='bbox 2084 3633 2337 3683; x_wconf 85' lang='lat' dir='ltr'><strong>inferiori-</strong></span> 
     </span>
     <span class='ocr_line' id='line_1_39' title="bbox 127 3698 2340 3767; baseline -0.007 -3"><span class='ocrx_word' id='word_1_381' title='bbox 127 3711 229 3763; x_wconf 85' lang='lat' dir='ltr'><strong>bro</strong></span> <span class='ocrx_word' id='word_1_382' title='bbox 251 3704 652 3760; x_wconf 80' lang='lat' dir='ltr'><strong>distributione</strong></span> <span class='ocrx_word' id='word_1_383' title='bbox 667 3703 789 3754; x_wconf 77' lang='lat' dir='ltr'><strong>vide</strong></span> <span class='ocrx_word' id='word_1_384' title='bbox 806 3703 873 3753; x_wconf 84' lang='lat' dir='ltr'><strong>ad</strong></span> <span class='ocrx_word' id='word_1_385' title='bbox 890 3705 921 3764; x_wconf 60' lang='grc' dir='ltr'><strong><em>ὃ</em></strong></span> <span class='ocrx_word' id='word_1_386' title='bbox 942 3705 1053 3754; x_wconf 87' lang='grc'>106.</span> <span class='ocrx_word' id='word_1_387' title='bbox 1300 3700 1399 3753; x_wconf 91' lang='lat' dir='ltr'><strong>bus</strong></span> <span class='ocrx_word' id='word_1_388' title='bbox 1451 3701 1747 3754; x_wconf 75' lang='lat' dir='ltr'><strong>calendarii</strong></span> <span class='ocrx_word' id='word_1_389' title='bbox 1791 3698 2111 3767; x_wconf 84' lang='lat' dir='ltr'><strong>marginibus</strong></span> <span class='ocrx_word' id='word_1_390' title='bbox 2155 3699 2340 3766; x_wconf 88' lang='lat' dir='ltr'><strong>legun—</strong></span> 
     </span>
    </p>
   </div>
   <div class='ocr_carea' id='block_1_6' title="bbox 123 3765 2342 3911">
    <p class='ocr_par' dir='ltr' id='par_1_13' title="bbox 123 3765 2342 3911">
     <span class='ocr_line' id='line_1_40' title="bbox 207 3765 2342 3844; baseline -0.001 -26"><span class='ocrx_word' id='word_1_391' title='bbox 207 3778 258 3844; x_wconf 69' lang='grc' dir='ltr'><strong>ι)</strong></span> <span class='ocrx_word' id='word_1_392' title='bbox 295 3774 395 3826; x_wconf 86' lang='lat' dir='ltr'><strong>Sic</strong></span> <span class='ocrx_word' id='word_1_393' title='bbox 447 3775 507 3820; x_wconf 89' lang='lat' dir='ltr'><strong>et</strong></span> <span class='ocrx_word' id='word_1_394' title='bbox 552 3769 617 3820; x_wconf 88' lang='lat' dir='ltr'><strong>ad</strong></span> <span class='ocrx_word' id='word_1_395' title='bbox 663 3785 841 3821; x_wconf 88' lang='lat' dir='ltr'><strong>eorum</strong></span> <span class='ocrx_word' id='word_1_396' title='bbox 884 3770 1043 3820; x_wconf 88' lang='lat' dir='ltr'><strong>finem</strong></span> <span class='ocrx_word' id='word_1_397' title='bbox 1086 3784 1201 3834; x_wconf 76' lang='lat' dir='ltr'><strong>quae</strong></span> <span class='ocrx_word' id='word_1_398' title='bbox 1297 3773 1398 3832; x_wconf 86' lang='lat' dir='ltr'><strong>tur,</strong></span> <span class='ocrx_word' id='word_1_399' title='bbox 1448 3784 1572 3835; x_wconf 88' lang='lat' dir='ltr'><strong>pars</strong></span> <span class='ocrx_word' id='word_1_400' title='bbox 1606 3767 1842 3834; x_wconf 74' lang='lat' dir='ltr'><strong>quaedam</strong></span> <span class='ocrx_word' id='word_1_401' title='bbox 1881 3765 2106 3834; x_wconf 85' lang='lat' dir='ltr'><strong>Anglice</strong></span> <span class='ocrx_word' id='word_1_402' title='bbox 2146 3767 2342 3832; x_wconf 88' lang='lat' dir='ltr'><strong>scripta</strong></span> 
     </span>
     <span class='ocr_line' id='line_1_41' title="bbox 123 3833 1403 3911; baseline -0.009 -13"><span class='ocrx_word' id='word_1_403' title='bbox 123 3840 384 3911; x_wconf 76' lang='lat' dir='ltr'><strong>Propria</strong></span> <span class='ocrx_word' id='word_1_404' title='bbox 415 3836 490 3890; x_wconf 81' lang='lat' dir='ltr'><strong>de</strong></span> <span class='ocrx_word' id='word_1_405' title='bbox 524 3833 767 3902; x_wconf 78' lang='lat' dir='ltr'><strong>Tempore</strong></span> <span class='ocrx_word' id='word_1_406' title='bbox 784 3836 1062 3901; x_wconf 88' lang='lat' dir='ltr'><strong>subjuncta</strong></span> <span class='ocrx_word' id='word_1_407' title='bbox 1085 3840 1208 3888; x_wconf 86' lang='lat' dir='ltr'><strong>sunt</strong></span> <span class='ocrx_word' id='word_1_408' title='bbox 1307 3842 1403 3887; x_wconf 87' lang='lat' dir='ltr'><strong>est.</strong></span> 
     </span>
    </p>
   </div>
  </div>
 </body>
</html>
