2910 4457
1095 359 1169 400 m
1209 360 1437 403 uuam.
2219 349 2296 411 15

284 472 577 534 surgamus
590 484 712 533 ergo
726 478 934 525 strenue
947 490 959 520 ε

225 533 400 586 Gallus
413 536 643 595 jacentes
662 535 868 595 excitat,

223 594 290 645 Et
303 596 652 645 somnolentos
670 598 922 660 increpat;

223 657 401 707 Gallus
420 663 666 717 negantes
686 660 875 720 arguit.

283 720 430 769 Gallo
445 724 658 769 canente
672 734 786 780 spes
801 723 955 782 redit,

222 782 399 842 AEgris
414 782 557 830 salus
577 782 883 843 refunditur,

222 844 408 893 Mucro
423 844 637 893 latronis
652 846 902 904 conditur,

221 903 405 965 Lapsis
419 905 548 953 fides
569 907 852 956 revertitur.

284 968 410 1016 Jesu
435 968 661 1017 labentes
682 970 891 1029 respice,

221 1027 286 1079 Et
307 1042 405 1078 nos
425 1029 644 1078 videndo
662 1032 888 1091 corrige:

222 1091 275 1140 Si
292 1092 508 1151 respicis
519 1128 533 1149 ‚
558 1092 730 1151 lapsus
750 1094 938 1141 cadunt
951 1129 964 1151 ,

225 1153 473 1213 Fletuque
487 1154 634 1212 culpa
653 1155 883 1204 solvitur.

286 1216 365 1264 Tu
385 1216 473 1263 lux
495 1214 684 1276 refulge
704 1218 964 1275 sensibuS,

222 1277 517 1337 Mentisque
532 1289 770 1326 somnum
792 1280 983 1327 discute
1003 1294 1016 1328 ε

223 1339 293 1388 Te
309 1344 485 1387 nostra
503 1351 595 1387 vox
618 1341 842 1399 primum
859 1346 1000 1391 sonet
1011 1377 1025 1399 ‚

224 1400 288 1450 Et
304 1406 418 1450 vota
435 1401 694 1450 solvamus
714 1403 830 1451 tibi.

285 1498 462 1547 Gloria
479 1499 597 1557 tibi,
621 1500 860 1559 Domine,

151 1611 158 1618 ,
224 1560 328 1621 Qui
347 1566 500 1609 natus
516 1573 569 1609 es
584 1562 645 1609 de
663 1561 900 1622 Virgine,

227 1622 378 1685 [Cum
402 1623 551 1671 Patre
566 1627 614 1671 et
630 1623 813 1671 Sancto
830 1624 1023 1683 Spiritu
1038 1660 1051 1682 ,

224 1685 286 1733 ln
310 1686 620 1743 sempiterna
653 1686 850 1733 saecula.
880 1685 1086 1747 Amen]
1125 1696 1214 1731 us-

222 1759 316 1808 que
339 1746 410 1793 ad
430 1745 603 1807 Puris.
623 1765 637 1793 :
657 1751 776 1807 post
795 1746 968 1808 Puris.
990 1747 1105 1795 vero
1129 1747 1216 1795 di-

228 1808 370 1856 citur

286 1870 391 1917 Deo
407 1870 546 1918 Patri
565 1870 630 1918 sit
648 1870 805 1928 gloria
819 1908 832 1930 ,

224 1930 452 1992 Eiusque
468 1933 559 1980 soli
584 1933 712 1981 Filio
724 1970 738 1992 ,

225 1992 356 2046 Cum
376 1994 571 2053 Spiritu
589 1994 863 2055 ParaclitO,

225 2055 290 2105 Et
306 2068 446 2103 nunc
462 2061 510 2104 et
529 2056 582 2103 in
602 2062 918 2116 perpetuum.
943 2056 1131 2105 Amen.

284 2142 348 2203 ᾧ.
366 2144 618 2191 Dominus
631 2145 877 2205 regnavit.
894 2155 958 2206 13²·
975 2144 1216 2193 Deeorem

226 2205 416 2265 induit,
443 2205 682 2255 Alleluia.

288 2268 393 2315 Iste
412 2280 587 2316 versus
608 2281 723 2315 cum
751 2270 1056 2328 proecedente
1090 2268 1215 2326 Cap.

223 2331 434 2378 dicatur
447 2329 505 2375 in
520 2329 684 2377 Laud.
707 2329 936 2377 omnibus
959 2330 1108 2377 Dom.
1133 2341 1221 2374 us-

225 2404 319 2453 que
332 2392 403 2438 ad
415 2404 538 2449 Lxx,
558 2397 603 2438 el
619 2389 654 2439 ὰ
666 2393 801 2441 Deus
815 2394 1051 2440 omnium
1066 2403 1220 2451 usque

223 2454 296 2502 ad
307 2454 439 2501 Δάυ.
451 2452 575 2513 θῆτ’,
583 2455 785 2514 quando
795 2455 854 2502 de
865 2455 1016 2502 Dom.
1026 2453 1217 2514 ayitur.

225 2513 261 2563 ὰ
286 2528 396 2563 Lxx
410 2527 563 2576 usque
578 2517 647 2563 ad
661 2529 747 2564 xr..

291 2575 355 2637 ψ.
380 2576 487 2624 Dfie
519 2578 774 2638 refugium
800 2578 959 2626 sactus
980 2590 1033 2625 es
1056 2576 1218 2625 nobis·

227 2651 295 2701 ιγ.
321 2638 370 2686 Α
400 2640 718 2698 generatione
739 2645 786 2688 et
808 2639 1063 2699 progenie.

298 2701 401 2748 Per
427 2700 682 2748 AEstatem
707 2702 766 2748 in
791 2701 943 2749 Dom.
971 2705 1020 2747 et
1037 2697 1223 2759 feriali-

231 2760 324 2810 bus
341 2761 512 2810 diebus
534 2776 687 2823 usque
701 2764 770 2811 ad
793 2764 925 2810 Adv.
946 2762 1133 2810 dicitur
1154 2761 1224 2807 ad

231 2823 431 2872 Laudes
445 2823 524 2871 hic
543 2836 749 2885 sequens
765 2824 1010 2884 Hymnus
1021 2823 1223 2884 quando

232 2887 291 2935 de
314 2885 467 2933 Dom.
488 2886 566 2933 vel
589 2886 649 2933 de
672 2884 805 2946 fer-id
828 2886 1020 2946 agitur.

233 2947 358 2997 Ecce
374 2947 483 3007 jam
503 2948 664 2995 noctis
691 2953 928 2996 tenuatur
945 2947 1128 2995 umbra
1148 2963 1161 2997 z

233 3010 385 3059 Lucis
414 3022 599 3058 aurora
642 3010 858 3058 rutilans
894 3014 1122 3058 coruscat
1147 3025 1160 3059 :

235 3072 444 3122 Nisibus
461 3072 579 3119 totis
600 3073 879 3131 rogitemus
895 3082 1072 3120 omnes

297 3133 751 3194 cunctipotentem.

235 3196 303 3247 Ut
314 3196 447 3244 Deus
461 3200 628 3244 noster
643 3197 931 3253 miseratus
943 3206 1025 3241 om
1032 3207 1147 3242 nem

233 3258 393 3306 Pellat
427 3258 742 3318 languorem,
772 3256 963 3305 tribuat
993 3257 1226 3315 salutem,

234 3320 395 3368 Donet
424 3324 474 3368 et
510 3319 657 3368 nobis
683 3320 865 3379 pietate
886 3317 1043 3378 patris

296 3382 472 3441 Regna
494 3382 747 3442 polorum.

234 3444 442 3492 Praestet
467 3445 565 3492 hoc
603 3443 751 3491 nobis
786 3442 957 3490 Deitas
997 3442 1165 3497 beata,

233 3505 401 3553 Patris
437 3518 495 3554 ac
528 3505 648 3554 Nati
680 3504 964 3564 pariterque
997 3503 1166 3552 Sancti

1317 476 1563 539 Spiritus,
1587 479 1737 540 eujus
1760 480 1929 530 reboat
1955 481 2010 530 ln
2034 484 2178 532 omni

1381 540 1555 590 Gloria
1575 544 1787 591 mundo.
1807 543 1997 593 Amen.

1378 600 1437 660 iit.
1451 603 1703 652 Dominus
1720 607 1968 666 regnavit.
1983 618 2048 668 132.
2066 607 2306 657 Decor-em

1318 663 1505 723 induit,
1531 665 1768 715 Alleluia.

1293 738 1316 757 ‘
1380 727 1649 776 Canticum
1676 728 1938 775 Zachan'oe
1955 731 2229 792 prophetoe.

1709 789 1855 836 Luooe
1883 789 1909 837 ‘.

1316 850 1662 960 Benedictus
1680 851 1791 898 Diis
1815 803 1949 899 ugus
1972 853 2125 901 lsrael
2146 869 2159 903 ε
2183 855 2304 914 quia

1399 911 1653 971 visitavit,
1693 917 1741 961 et
1777 911 1890 961 fecit
1912 914 2301 974 redemptionem

1317 973 1477 1034 plebis
1497 985 1620 1021 suae.
1646 991 1655 1000 ¹

1377 1035 1442 1084 Et
1469 1036 1623 1084 erexit
1647 1047 1803 1083 cornu
1829 1036 2012 1084 salutis
2040 1037 2184 1086 nobis
2206 1054 2220 1088 :
2248 1040 2302 1087 in

1314 1097 1465 1145 domo
1486 1098 1648 1146 David
1674 1098 1815 1157 pueri
1837 1098 1938 1146 sui.

1377 1159 1517 1208 Sicut
1554 1160 1750 1210 locutus
1780 1165 1854 1209 est
1896 1173 1984 1220 per
2019 1172 2076 1209 os
2108 1166 2305 1210 sancto-

1316 1232 1460 1269 rum:
1489 1222 1580 1281 qui
1603 1234 1632 1269 a
1658 1223 1839 1271 saeculo
1863 1228 2009 1284 sunt,
2038 1224 2305 1283 propheta-

1316 1294 1432 1329 rum
1455 1284 1499 1343 ej
1508 1296 1585 1332 uS.

1376 1344 1601 1393 Salutem
1629 1357 1684 1393 ex
1698 1345 1922 1394 inimicis
1939 1347 2127 1394 nostris
2147 1362 2160 1395 ε
2177 1352 2226 1394 et
2240 1348 2303 1396 de

1314 1415 1474 1453 manu
1499 1407 1731 1454 omnium
1758 1408 1845 1467 qui
1868 1408 2083 1455 oderunt
2104 1420 2215 1455 nos·

1375 1467 1460 1515 Ad
1474 1467 1752 1516 faciendam
1769 1468 2167 1516 misericordiam
2185 1480 2303 1516 cum

1315 1529 1548 1590 patribus
1572 1529 1757 1576 nostris
1787 1544 1800 1578 ε
1834 1535 1882 1577 et
1909 1530 2183 1578 memorari
2204 1534 2306 1578 tes-

1315 1590 1530 1641 tamenti
1552 1590 1633 1638 sui
1654 1591 1835 1639 sancti.

1377 1653 1750 1712 Jusjurandum
1803 1652 1936 1713 quod
1988 1652 2182 1712 juravit
2238 1654 2301 1702 ad

1315 1715 1577 1763 Abraham
1616 1720 1809 1773 patrem
1853 1719 2086 1764 nostrum
2112 1731 2125 1765 z
2156 1717 2304 1765 datu·

1313 1790 1432 1825 rum
1454 1790 1510 1826 se
1525 1777 1687 1836 nobiS,

1374 1840 1443 1887 Ut
1475 1840 1586 1888 sine
1616 1840 1820 1898 timore,
1855 1839 1917 1887 de
1946 1851 2105 1888 manu
2127 1839 2306 1887 inimi-

1313 1906 1807 2009 corumnnostrorum
1844 1901 2041 1949 liberati
2072 1916 2085 1949 ε
2113 1900 2306 1948 servia—

1315 1974 1433 2010 mus
1458 1976 1474 2009 1
1516 1977 1552 2010 l.

1376 2025 1435 2072 In
1486 2024 1748 2071 sanctitate
1795 2027 1842 2071 et
1879 2022 2080 2082 ,iustitia
2132 2032 2302 2068 coram

1318 2084 1461 2144 ipso:
1484 2084 1725 2131 omnibus
1739 2084 1920 2131 diebus
1941 2082 2147 2130 nostriS.

1377 2146 1441 2194 Et
1479 2149 1534 2192 tu
1573 2157 1713 2202 puer,
1755 2143 2006 2202 Propheta
2047 2142 2310 2191 Altissimi

1315 2207 1572 2255 vocaberis
1591 2221 1604 2254 ε
1621 2205 1821 2265 praeibis
1843 2205 1981 2254 enim
1997 2208 2114 2253 ante
2129 2202 2305 2254 taciem

1316 2268 1419 2316 Dni
1443 2281 1622 2327 parare
1639 2268 1748 2315 vias
1767 2267 1897 2327 ejuS.

1382 2330 1464 2380 Ad
1528 2330 1751 2379 dandam
1812 2329 2075 2378 scientiam
2128 2327 2309 2377 salutis

1320 2392 1448 2452 plebi
1466 2392 1577 2452 cius
1597 2407 1609 2442 :
1633 2392 1686 2439 in
1712 2391 2065 2440 remissionem
2088 2396 2310 2451 peecato-

1319 2467 1434 2502 rum
1454 2466 1650 2503 eorum.

1379 2517 1475 2566 Per
1493 2518 1681 2564 viscera
1708 2515 2066 2564 misericordiae
2083 2515 2176 2564 Dei
2192 2527 2310 2562 nos-

1318 2580 1386 2627 tri
1417 2595 1429 2628 :
1461 2580 1515 2626 in
1548 2574 1735 2639 quibus
1761 2577 1987 2625 visitavit
2019 2588 2110 2624 nos
2138 2576 2311 2624 oriens

1318 2654 1376 2690 ex
1396 2641 1516 2687 alto.

1382 2700 1682 2749 Illuminare
1713 2697 1792 2745 his
1820 2697 1909 2755 qui
1930 2697 1983 2743 in
2014 2695 2234 2743 tenebris
2262 2700 2310 2742 et

1320 2763 1374 2811 in
1404 2761 1588 2808 umbra
1623 2759 1804 2807 mortis
1837 2758 2011 2805 sedent
2042 2772 2055 2806 ς
2089 2758 2151 2805 ad
2182 2756 2313 2805 diri-

1323 2823 1513 2884 gendos
1536 2821 1682 2880 pedes
1704 2825 1903 2869 nostros
1924 2819 1978 2868 in
1996 2820 2135 2868 viam
2153 2818 2308 2879 pacis.

1388 2884 1561 2933 Gloria
1582 2883 1730 2942 patri.

1609 3005 1852 3056 Psalmus
1883 3017 2006 3053 coeoe.

1326 3068 1446 3180 Ad
1467 3072 1514 3117 te
1536 3068 1696 3117 levavi
1716 3069 1887 3116 oculos
1910 3079 2082 3117 meos:
2109 3067 2200 3126 qui
2226 3067 2310 3115 ha—

1417 3131 1547 3179 bitas
1563 3130 1615 3177 in
1640 3130 1794 3178 coelis.

1385 3192 1511 3241 Ecce
1522 3193 1652 3240 sicut
1668 3191 1799 3240 oculi
1821 3201 2083 3238 servorum
2103 3204 2116 3239 t
2134 3189 2188 3238 in
2205 3202 2311 3238 ma-

1329 3253 1480 3302 nibus
1499 3254 1826 3302 dominorum
1842 3263 2073 3299 suorum.

1388 3315 1529 3364 Sicut
1541 3315 1673 3362 oculi
1686 3313 1880 3362 ancillae
1898 3312 1951 3358 in
1966 3312 2206 3359 manibus
2221 3311 2310 3358 do-

1326 3376 1483 3425 minae
1503 3388 1607 3424 suae
1630 3376 1731 3425 :ita
1748 3372 1879 3422 oculi
1903 3374 2063 3420 nostri
2087 3372 2150 3420 ad
2171 3373 2308 3419 Dnm

1328 3439 1492 3487 Deum
1543 3442 1777 3489 nostrum
1821 3435 1976 3484 donec
2013 3434 2309 3493 misereatur

1330 3500 1506 3548 nostri.
