2910 4457
525 405 603 464 132
1150 424 1448 464 nnuonm.
1469 436 1551 451 —
1571 423 1738 464 rema
1778 423 1979 465 'rum

522 538 946 589 intercedentibus
1021 539 1260 588 omnibus
1324 539 1514 588 sanctis

523 602 644 662 tuiS‚
677 602 826 650 celeri
857 601 1003 649 nobis
1038 601 1218 660 pietate
1254 613 1510 651 succurre.

523 664 618 713 Per
638 663 797 713 Dnm.
1204 663 1289 710 Vel
1316 663 1511 712 Oratio.

589 725 800 781 Tribue,
843 736 1138 785 quaesumus
1166 724 1300 784 Due,
1337 737 1514 774 omnes

525 788 732 835 Sanc-tos
760 791 873 833 tuos
907 786 1098 846 jugiter
1118 798 1262 834 orare
1304 798 1391 845 pro
1423 799 1515 836 no-

526 848 632 905 bie,
678 852 728 895 et
775 859 860 897 eos
903 860 1097 907 semper
1131 849 1401 897 clementer
1421 861 1514 898 au-

526 909 637 958 dire
656 909 901 968 digneris,
929 910 1042 958 Per.

583 1032 741 1082 Mnn.
762 1033 822 1080 de
848 1032 1003 1081 Cruce
1023 1035 1094 1083 ad
1122 1033 1270 1092 Vesp.
1286 1036 1348 1082 A.
1365 1033 1514 1083 Salva

528 1106 639 1153 nos,
663 1094 861 1143 Christe
892 1095 1136 1154 Salvator,
1161 1108 1247 1154 per
1269 1096 1510 1143 virtutem

525 1161 710 1205 sanetae
731 1156 907 1205 Crucis
931 1172 943 1205 ε
965 1157 1054 1215 qui
1076 1157 1278 1204 salvasti
1301 1158 1510 1204 Petrum

526 1218 581 1266 in
604 1219 754 1277 mari,
790 1217 1030 1266 miserere
1063 1219 1226 1266 nobis,
1249 1216 1310 1279 iis·
1328 1217 1515 1268 Omnis

526 1285 659 1328 terra
687 1278 764 1340 [ut
791 1280 861 1326 ad
883 1278 1062 1342 Mat.].
1102 1280 1207 1328 Vel.
1232 1281 1296 1328 A.
1321 1281 1415 1329 Per
1449 1281 1515 1328 si-

529 1352 689 1400 gnum
734 1340 913 1389 Crucis
952 1342 1014 1390 de
1055 1342 1282 1390 inimicis
1325 1343 1513 1391 nostris

526 1402 681 1456 libera
705 1414 797 1450 nos
816 1401 970 1451 DeuS.
1013 1403 1102 1452 Vel
1122 1406 1185 1451 A.
1220 1402 1513 1452 Adoramus

526 1469 574 1512 te
616 1463 842 1521 Christe,
886 1470 935 1512 et
974 1465 1321 1514 benedicimus
1380 1466 1509 1538 tibi3

525 1525 646 1586 quia
687 1536 773 1586 per
815 1524 1028 1576 Crucem
1070 1532 1210 1575 tuam
1254 1529 1512 1576 redemisti

527 1588 800 1636 mundum.
835 1586 896 1646 ys,
936 1589 1121 1638 Omnis
1141 1594 1292 1638 terra.
1332 1589 1513 1638 Oratio

527 1654 587 1696 ut
605 1661 768 1709 supra
786 1651 855 1698 ad
875 1649 1011 1700 Mat.

591 1709 748 1759 Mem.
771 1711 830 1759 de
861 1711 916 1759 S.
949 1712 1129 1760 Maria
1163 1712 1410 1772 acl-Vesp.
1446 1715 1510 1761 A.

530 1771 712 1820 Sancta
743 1772 908 1822 Maria
942 1773 1116 1832 virge,
1153 1774 1402 1828 intercede
1423 1772 1513 1833 pfo

446 1850 452 1858 ·
496 1852 500 1857 ·
530 1837 635 1881 toto
674 1833 893 1893 mundo,
928 1835 1047 1893 quia
1090 1835 1311 1895 genuisti
1343 1844 1514 1895 regem

532 1893 687 1942 orbis.
709 1891 770 1956 ils.
793 1894 976 1943 Sancta
997 1896 1092 1944 Dei
1111 1896 1344 1956 genitrix,
1369 1898 1514 1957 virgo

532 1967 730 2015 semper
769 1957 955 2007 Maria.
1003 1956 1085 2020 [132.
1128 1958 1385 2008 Intercede
1424 1972 1515 2020 pro

536 2017 683 2066 nobis
696 2018 758 2066 ad
779 2018 916 2067 Diim
938 2019 1101 2067 Deum
1125 2020 1394 2084 nostrum]

607 2077 694 2130 Vel
713 2082 778 2128 A.
809 2081 990 2130 Sancta
1004 2082 1094 2131 Dei
1112 2082 1345 2142 genitrix,
1369 2083 1515 2144 virgo

533 2152 732 2200 semper
758 2143 925 2194 Maria
941 2181 954 2203 ,
988 2144 1238 2193 intercede
1259 2156 1348 2203 pro
1370 2146 1517 2195 nobis

533 2202 597 2251 ad
618 2203 756 2253 Diim
788 2206 950 2255 Deum
990 2210 1240 2255 nostrum.
1286 2205 1346 2271 §lf-
1394 2207 1517 2258 Post

529 2271 736 2325 partum
759 2269 904 2330 virgo
931 2268 1008 2331 [ur
1025 2268 1229 2331 supra].

604 2327 692 2375 Vel
731 2331 794 2378 A.
829 2333 889 2379 In
921 2332 1059 2389 prole
1086 2336 1265 2392 mater,
1289 2332 1343 2379 in
1367 2337 1515 2391 partu

532 2387 700 2448 vii-gog
751 2393 912 2451 gaude
940 2397 989 2440 et
1029 2393 1212 2448 laetare,
1235 2394 1316 2452 pia
1355 2399 1515 2442 mater

531 2449 652 2499 Dni.
672 2449 734 2510 Ῡ.
757 2453 941 2501 Sancta
961 2454 1053 2501 Dei
1075 2453 1309 2512 genitrix.

600 2512 779 2560 Oratio
798 2519 858 2559 ut
876 2526 1036 2573 supra
1056 2516 1124 2562 ad
1145 2513 1280 2563 Mat.

596 2571 753 2622 Mem.
807 2576 867 2623 de
921 2574 1151 2622 omnibus
1201 2575 1406 2623 Sanctis
1445 2578 1516 2624 ad

547 2632 693 2695 Vesp.
736 2638 798 2685 A.
842 2636 1013 2685 Sancti
1052 2637 1144 2685 Dei
1197 2650 1375 2687 omnes
1424 2639 1514 2698 qui

530 2696 654 2765 estis
672 2704 925 2747 consortes
945 2711 1280 2758 supernorum
1303 2700 1512 2762 civium,

526 2762 823 2810 intercedite
849 2773 938 2821 pro
968 2762 1130 2810 nobis.
1162 2759 1224 2823 ils.
1248 2763 1515 2812 Laetamini

535 2820 607 2883 [in
630 2823 742 2871 1)ῆο
762 2829 811 2871 et
837 2824 1050 2872 exultate
1065 2825 1209 2885 justi.
1234 2834 1298 2885 132.
1322 2825 1391 2874 Et*
1409 2826 1515 2886 glo-

533 2884 740 2932 riamini
771 2885 961 2933 omnes'
995 2886 1116 2934 recti
1159 2886 1342 2948 corde.]
1364 2924 1378 2947 ,
1436 2887 1514 2935 vel

531 2944 770 2993 Exultent
813 2946 963 3006 [justi
1012 2947 1064 2993 in
1099 2953 1366 3006 conspectu
1400 2948 1512 2998 Dei.

532 3016 597 3066 ιγ.
617 3005 681 3053 Et
701 3005 1007 3054 delectentur
1033 3008 1085 3055 in
1111 3008 1322 3069 laetitia].

604 3066 692 3116 Vel
723 3068 786 3114 A.
831 3067 1021 3115 Omnes
1053 3069 1194 3117 electi
1231 3069 1322 3117 Dei
1354 3071 1514 3118 nostri

524 3129 887 3176 memoramini
907 3134 1026 3177 ante
1044 3130 1205 3178 Deum
1229 3136 1313 3179 :ut
1334 3133 1516 3181 vestris

530 3191 761 3249 precibus
780 3191 942 3250 adjuti
965 3203 1250 3240 mereamur
1272 3193 1413 3240 vobis
1433 3195 1517 3242 ad-

526 3251 698 3312 jungi.
720 3251 783 3313 V·
805 3253 1091 3301 Laetamini.
1112 3254 1189 3301 vel
1212 3254 1466 3303 Exultent.

603 3314 690 3362 Vel
709 3316 772 3362 A.
796 3315 1098 3363 Sanctorum
1116 3316 1348 3375 precibus
1363 3329 1518 3366 cunc-

529 3379 697 3436 torum
740 3377 890 3425 redde
938 3378 1154 3426 salutem
1195 3379 1419 3438 corporis
1459 3391 1517 3428 ac

528 3438 731 3498 animae,
747 3438 961 3500 Christe,
978 3440 1080 3488 tuis
1094 3439 1314 3490 famulis.
1332 3439 1393 3503 ψ.
1407 3443 1517 3491 1.ae-

528 3500 729 3549 tamini.

604 3562 690 3611 Vel
710 3564 772 3611 A.
797 3562 842 3612 Ο
862 3575 1016 3625 quam
1043 3562 1319 3624 gloriosum
1341 3569 1415 3615 est
1437 3578 1516 3614 re-

1610 550 1773 599 gnum
1794 539 1849 587 ln
1879 549 1980 599 quo
2006 548 2124 586 cum
2146 536 2346 586 Christo
2375 537 2600 598 gaudent

1609 612 1785 649 omnes
1806 600 1978 649 Sancti
2005 615 2018 650 z
2040 599 2213 648 amicti
2225 599 2371 648 stolis
2385 600 2600 650 albisse-

1643 666 1839 710 uuntur
1862 662 2075 722 Agnum
2111 671 2431 722 quocumque
2461 662 2597 711 ierit.

1662 759 1675 772 .
1701 723 1986 773 Laetamini.

1672 786 1770 833 Isti
1790 787 1890 833 duo
1906 797 2081 832 versus
2096 785 2165 833 ad
2179 783 2337 833 Mem.
2360 785 2420 833 de
2439 785 2599 832 omni-

1611 845 1701 894 bus
1724 847 1929 895 Sanctis
1948 859 2054 895 non
2073 846 2351 894 variantur
2363 846 2468 893 nisi
2479 844 2596 894 mim

1612 905 1672 970 ψ.
1696 908 1964 957 Laetamini
2003 909 2073 956 ad
2149 909 2311 956 rimas
2351 908 2598 968 Vesperas

1609 971 1798 1018 dicitur
1822 989 1832 999 ·
1857 976 1979 1018 tunc
1999 971 2069 1017 ad
2120 970 2247 1017 Iem,
2276 971 2337 1018 de
2366 968 2598 1017 omnibus

1611 1031 1817 1080 Sanctis
1843 1032 2037 1079 dicetur
2065 1029 2127 1093 ψ.
2157 1031 2413 1080 Exultent.
2445 1030 2600 1078 Simi-

1612 1094 1727 1141 liter
1750 1096 1821 1142 ad
1849 1094 1986 1143 Mat.
2016 1094 2220 1154 quando
2249 1091 2310 1153 ils.
2340 1092 2597 1143 Mirabilis

1610 1155 1748 1203 Deus
1766 1157 1956 1203 dicitur
1976 1155 2034 1202 in
2066 1154 2349 1213 Laudibus,
2374 1156 2598 1202 tuncffad

1608 1217 1766 1265 Mem.
1788 1219 1847 1265 de
1867 1216 2098 1264 omnibus
2110 1216 2315 1265 Sanctis
2326 1217 2523 1264 dicetur
2533 1215 2595 1277 53⁷.

1609 1278 1640 1326 J
1643 1283 1874 1327 ustorum
1892 1279 2077 1327 animae
2093 1277 2165 1339 [in
2176 1291 2337 1327 manu
2349 1279 2441 1326 Dei
2457 1283 2597 1326 sunt.

1610 1351 1675 1402 132.
1709 1341 1772 1389 Et
1803 1353 1905 1388 non
1936 1344 2110 1400 tanget
2141 1340 2254 1389 illos
2284 1344 2594 1388 tormentum

1608 1401 1859 1463 malitiae].
1904 1401 2052 1462 Quod
2079 1414 2175 1460 per
2206 1406 2368 1450 totum
2398 1414 2599 1450 annum

1608 1461 1913 1521 observetur,
1934 1463 2039 1510 nisi
2065 1464 2123 1510 in
2151 1464 2282 1512 Ado.
2306 1469 2356 1512 et
2380 1464 2440 1511 in
2470 1468 2600 1511 tem-

1606 1538 1732 1585 pore
1752 1525 2009 1574 Paxo-hali.
2436 1564 2450 1570 ,

1676 1588 1856 1637 Oratio
1876 1593 1938 1636 ut
1955 1599 2118 1648 supra
2136 1587 2206 1634 ad
2226 1587 2362 1635 Mat.

1849 1710 2059 1760 FERIA
2091 1708 2363 1758 TERTIA.

1835 1818 1836 1821 ,
1890 1774 1974 1821 Ad
1994 1772 2307 1822 Matutinus.

1675 1832 2037 1884 Invitatorium
2049 1852 2063 1880 .-
2077 1833 2108 1881 J
2112 1832 2365 1881 ubilemus
2378 1832 2499 1892 Dee,
2512 1833 2602 1882 Sa-

1612 1894 1768 1944 lutari
1791 1901 1979 1945 nostro.
2002 1897 2097 1943 Pa.
2124 1894 2326 1943 Venite.

1674 1958 1719 2004 A
1761 1958 1872 2006 Diie
1901 1970 1964 2005 ne
1993 1957 2045 2005 in
2089 1957 2165 2004 ira
2194 1968 2350 2028 usque
2384 1955 2454 2003 ad
2497 1969 2597 2014 ιι,

1610 2021 1814 2083 wando
1843 2022 1903 2069 de
1931 2019 1993 2080 iij
2021 2017 2155 2078 feria
2183 2022 2374 2078 ayn-ur,
2408 2017 2601 2066 dicitur

1612 2081 1683 2129 ad
1723 2080 1859 2131 Mat.
1891 2093 2100 2142 sequens
2122 2079 2385 2139 Hymnus.

1697 2155 1875 2191 onsors
1893 2142 2099 2192 Paterni
2119 2140 2349 2199 luminiS,

1618 2154 1806 2255 CLux
1829 2206 1934 2265 ipse
1954 2204 2100 2262 lchS,
2121 2208 2170 2252 et
2188 2202 2313 2263 dieS,

1612 2267 1821 2316 Noctem
1842 2267 2067 2315 canendo
2088 2264 2379 2324 rumpimus
2403 2280 2420 2313 t

1613 2329 1812 2378 Assiste
1831 2329 2221 2388 postulantibus.
2243 2327 2250 2334 “

1677 2389 1837 2439 Auser
1858 2390 2089 2438 tenebras
2108 2386 2376 2447 mentium,

1613 2450 1757 2512 Fuga
1778 2457 2003 2500 catervas
2020 2452 2329 2510 daemonum,

1611 2513 1813 2573 Expelle
1834 2513 2243 2571 somnolentiam,

1612 2575 1686 2625 Ne
1706 2576 2004 2635 pigritantes
2023 2576 2220 2623 obruat.

1675 2637 1757 2686 Sic
1780 2636 1979 2686 Christe
2005 2637 2150 2685 nobis
2171 2635 2411 2684 omnibus

1611 2699 1887 2759 Indulgens
1907 2698 2246 2757 credentibus»,

1612 2761 1681 2809 Ut
1704 2761 1863 2819 prosit
1883 2761 2231 2818 exorantibuS‚

1612 2822 1759 2884 Quod
1782 2823 2108 2881 praecinentes
2128 2822 2425 2881 psallimus..

1679 2883 1878 2945 [Gloria
1909 2885 2029 2943 tibi,
2063 2884 2173 2931 Bne
2206 2883 2276 2945 (p.
2300 2883 2365 2942 1.)
2396 2882 2504 3004 vel}

1671 2947 1878 3005 Praesta,
1900 2946 2051 2995 Pater
2070 2944 2314 3004 piissime.
2338 2942 2479 3001 (ibid.

1609 3009 1714 3056 Per
1743 3008 2000 3056 AEstatem
2032 3006 2275 3067 Hymnus
2307 3006 2467 3057 Nocte
2486 3018 2605 3055 sur-

1675 3075 1848 3130 gentes
1868 3075 1959 3118 etc.
1986 3068 2145 3129 (ibid.)

1860 3132 2107 3178 Psalmus
2126 3128 2356 3190 mxxviij.

1613 3193 1790 3303 Dixi,
1813 3193 2105 3242 Custodiam
2116 3192 2225 3239 vias
2237 3202 2377 3240 meas
2397 3194 2596 3239 :utnon

1702 3256 1998 3316 delinquam
2024 3256 2077 3303 in
2100 3253 2275 3313 lingua
2297 3265 2429 3301 mea.

1674 3317 1827 3367 Posui
1867 3317 1943 3365 ori
1983 3328 2094 3364 meo
2127 3315 2406 3363 custodiam
2441 3328 2455 3362 ι
2478 3326 2598 3361 cum

1612 3380 1903 3427 consisteret
1925 3383 2149 3438 peccator
2171 3377 2442 3425 adversum
2465 3388 2566 3423 me.

1675 3439 1941 3497 Obmutui,
1962 3443 2011 3488 et
2039 3438 2342 3487 humiliatus
2360 3449 2477 3485 sum
2496 3473 2509 3495 ,
2551 3439 2602 3484 et

1612 3502 1735 3551 silui
1754 3514 1783 3549 a
1817 3501 1964 3550 bonis
1986 3516 2000 3550 t
2022 3506 2071 3550 et
2090 3500 2230 3550 dolor
2266 3510 2412 3548 meus
2453 3510 2600 3548 reno-

1613 3568 1760 3614 vatus
1779 3567 1870 3612 est.
