2910 4457
564 367 647 430 88
966 387 1255 429 noumcis
1295 385 1524 441 nictus,
1570 384 1697 427 nu.
1740 383 1816 441 u,
1858 385 1929 425 m·
1969 385 2097 425 run.
2143 385 2251 440 m,

630 500 727 551 sed
746 512 841 549 nos
851 501 944 561 qui
955 501 1199 561 vivimuS,
1218 500 1568 550 benedicimus

570 562 715 671 Βῑίοε
750 575 809 612 ex
834 563 927 613 hoc
964 575 1103 613 nunc
1125 568 1176 613 et
1198 575 1362 624 usque
1399 563 1453 612 iu
1476 576 1571 612 sae-

572 636 635 673 cu
657 637 767 672 um.

632 685 804 733 Gloria
821 686 981 734 Patri.
1005 687 1068 735 Α.
1090 687 1194 736 Nos
1209 688 1299 748 qui
1320 686 1563 746 vivimuS,

571 747 919 796 benedicimus
938 749 1069 796 Duo,

718 809 1013 869 Capitulum
1037 828 1050 857 .-
1073 810 1117 871 ij
1153 809 1321 858 Thess.
1353 807 1432 870 iij.

663 871 870 918 ominus
907 876 1075 920 autem
1105 872 1294 932 dirigat
1331 871 1482 919 corda
1520 873 1570 918 et

665 944 870 991 corpora
899 938 1069 981 nostra
1091 934 1144 982 in
1163 934 1405 981 charitate
1420 932 1510 980 Dei
1523 935 1572 979 et

576 994 815 1053 patientia
843 994 1049 1043 Christi.
1079 995 1162 1057 [ῳ.
1186 996 1288 1043 Deo
1307 992 1533 1056 gratiaS.]

639 1055 752 1101 Hoc
803 1056 927 1116 Cap.
972 1057 1160 1103 dicitur
1197 1058 1267 1104 ad
1328 1058 1469 1116 Vesp.
1510 1056 1571 1101 in

576 1116 809 1164 omnibus
824 1117 975 1165 Dom.
1005 1124 1054 1166 et
1069 1117 1217 1177 feriis
1237 1117 1272 1165 ὰ
1300 1118 1409 1165 Dne
1432 1130 1495 1164 ne
1515 1118 1569 1164 in

579 1178 655 1225 ira
672 1192 826 1239 usque
846 1180 915 1225 ad
927 1192 1050 1236 Lxx,
1069 1184 1118 1226 et
1131 1178 1166 1226 ὰ
1182 1179 1318 1227 Deus
1334 1179 1570 1226 omnium

575 1252 730 1299 usque
761 1241 830 1287 ad
850 1241 980 1288 Adv.
1017 1240 1150 1301 Dat,
1173 1242 1573 1302 quandocunque

575 1301 636 1347 de
664 1302 928 1360 temporali
959 1302 1151 1362 aqitur.
1182 1303 1385 1350 Dicitur
1419 1302 1573 1349 etiam

574 1361 632 1407 in
651 1360 796 1420 feriis
820 1360 855 1409 ὰ
873 1376 978 1412 Lxx
999 1377 1152 1425 usque
1170 1365 1240 1412 ad
1259 1377 1346 1424 ιιι,
1367 1364 1573 1425 quando

579 1423 640 1470 de
662 1421 796 1481 ferm
812 1425 1004 1484 aqitur.

638 1485 712 1531 Et
735 1485 969 1534 similiter
987 1499 1196 1548 sequens
1221 1486 1467 1547 Hymnus
1491 1485 1574 1534 di-

578 1545 714 1593 citur
738 1549 808 1594 ad
842 1548 989 1609 Vesp.
1019 1548 1077 1595 in
1103 1548 1334 1596 omnibus
1366 1548 1518 1595 Dom.
1539 1545 1575 1594 ὰ

580 1606 693 1655 Bne
711 1621 773 1656 ne
786 1610 840 1656 in
863 1610 937 1657 ira
960 1623 1113 1672 usque
1133 1612 1203 1658 ad
1224 1623 1310 1669 xz,
1329 1616 1378 1658 et
1391 1608 1425 1656 ὰ
1438 1610 1575 1657 Deus

577 1670 813 1718 omnium
828 1685 982 1732 usque
993 1674 1064 1719 ad
1080 1673 1211 1720 Adv.
1232 1672 1407 1719 tamin
1420 1671 1572 1718 Dom.

578 1729 749 1776 diebus
789 1745 943 1794 quam
975 1734 1035 1779 in
1067 1732 1239 1792 seriis,
1272 1734 1479 1794 quando
1512 1733 1575 1779 de

580 1794 846 1851 temporali
864 1794 1056 1853 ayitur.

579 1854 775 1963 Lucis
796 1854 1000 1903 Creator
1022 1854 1227 1914 optime,

665 1915 849 1963 Lucem
866 1916 1066 1964 dierum
1082 1916 1354 1977 proferens,

578 1975 1024 2026 Primordiislucis
1041 1990 1198 2036 novae,

581 2037 767 2089 Mundi
791 2051 978 2099 parans
996 2041 1250 2100 originem
1265 2054 1279 2101 3

645 2099 749 2160 Qui
766 2102 1169 2161 maneJuiictum
1194 2101 1388 2164 vesperi

581 2160 731 2211 Diem
752 2164 921 2212 vocari
944 2164 1200 2223 praecipis:

582 2222 793 2275 Tetrum
810 2227 963 2275 chaos
978 2226 1231 2289 illabitur3

582 2283 725 2336 Audi
746 2301 915 2348 preces
930 2301 1049 2337 cum
1073 2288 1293 2338 fletibus,

645 2350 719 2399 Ne
735 2362 881 2398 mens
894 2355 1102 2412 gravata
1122 2352 1356 2412 crimine,

582 2409 714 2459 Vitae
734 2412 802 2459 sit
822 2413 934 2460 exul
953 2423 1184 2469 munere,

582 2471 719 2520 Dum
738 2473 809 2519 nil
830 2485 1047 2531 perenne
1059 2474 1260 2534 cogitat,

582 2532 798 2591 seseque
813 2534 977 2592 culpis
999 2534 1178 2592 illigat.

645 2592 898 2642 Coelorum
924 2594 1086 2654 pulset
1109 2595 1387 2645 intimum:

584 2653 751 2704 Vitale
771 2657 913 2704 tollat
934 2657 1233 2717 praemium:

582 2717 818 2767 vitemus
839 2731 989 2768 omne
1006 2720 1243 2767 noxium:

581 2778 869 2841 Purgemus
886 2794 1037 2830 omne
1061 2782 1359 2841 pessimum.

648 2877 856 2937 Praesta,
874 2879 1023 2927 Pater
1047 2879 1294 2940 piissime,

580 2934 823 2997 Patrique
834 2951 1038 2997 compar
1057 2941 1233 3001 Unice,

582 2997 712 3045 Cum
732 2999 923 3057 Spiritu
942 3000 1193 3048 Paraclito

582 3059 824 3118 Regnans
841 3071 925 3119 per
942 3072 1092 3108 omne
1106 3062 1367 3110 saeculum.
1385 3061 1577 3111 Amen.

678 3122 837 3182 Usque
860 3123 929 3168 ad
953 3121 1128 3181 Puris.
1162 3123 1350 3170 dicitur

696 3182 817 3231 loria
846 3184 935 3231 tibi
958 3184 1188 3243 Domine,

583 3245 687 3305 Qui
706 3251 857 3293 natus
876 3258 929 3293 cs
957 3244 1035 3307 [de
1065 3245 1295 3306 Virgine,

583 3307 715 3356 Cum
753 3308 902 3355 Patre
938 3314 985 3356 et
1019 3308 1203 3356 Sancto
1240 3306 1451 3368 Spiritu,

583 3370 647 3418 ln
663 3369 970 3429 sempiterna
991 3369 1191 3419 saecula.
1215 3369 1449 3432 Amen.])

644 3452 707 3517 Ῠ.
722 3455 988 3516 Dirigatur
1000 3456 1110 3503 Dne
1127 3456 1189 3504 ad
1208 3460 1256 3504 te
1270 3457 1430 3505 oratio
1444 3468 1577 3506 mea.

583 3527 650 3579 132.
667 3518 809 3568 Sicut
825 3518 1094 3568 incensum
1109 3518 1162 3567 in
1187 3524 1454 3579 conspectu
1472 3525 1576 3568 tuo.

1307 1793 1573 1856 Hymnus.

1730 497 1831 547 Iste
1849 496 1913 560 Ῡ.
1938 498 2129 548 dicitur
2149 499 2220 547 ad
2243 497 2392 572 Vesp.
2411 498 2473 546 in
2489 487 2669 547 omns*-

1663 558 1935 609 bus=Dom.
1966 558 2137 609 diebus
2160 565 2212 608 et
2228 560 2375 620 serim
2395 559 2431 608 ἀ
2461 562 2577 610 Diie
2598 574 2669 612 ne

1665 623 1720 671 in
1752 624 1829 671 ira
1861 636 2015 684 usque
2045 623 2115 669 ad
2135 635 2231 681 xL,
2255 627 2304 670 et
2326 622 2361 670 ὰ
2380 622 2520 670 Deus
2550 635 2668 673 om-

1666 685 1812 732 nium
1836 696 1990 746 usque
2003 685 2073 731 ad
2086 685 2217 732 Adv.
2241 685 2446 745 quando
2461 686 2522 734 de
2536 689 2669 734 tem-

1659 746 1834 808 porali
1847 747 2039 807 ayitur.

1885 868 2095 917 FERIA
2128 867 2440 918 SECUNDA

1970 932 2052 978 Ad
2094 930 2357 990 Vesperas.

1977 992 2222 1039 Psalmus
2253 990 2419 1052 caeit'ij.

1665 1052 1891 1163 Dilexi‚
1911 1054 2153 1113 quoniam
2170 1054 2400 1102 exaudiet
2417 1052 2528 1102 Diis
2546 1067 2560 1103 ε
2584 1066 2668 1104 vo·

1759 1126 1863 1163 cem
1882 1116 2127 1163 orationis
2141 1127 2284 1163 meae.

1730 1175 1863 1236 Quia
1880 1177 2143 1224 inclinavit
2154 1188 2329 1224 aurem
2341 1187 2490 1225 suam
2503 1177 2662 1230 mibi:

1667 1241 1715 1286 et
1737 1238 1788 1285 in
1806 1239 1983 1286 diebus
2004 1240 2133 1285 meis
2153 1238 2410 1285 invocabo·

1730 1299 2167 1348 circundederunt
2197 1312 2279 1347 me
2298 1300 2495 1348 dolores
2527 1311 2668 1349 mor-

1665 1360 1735 1409 tis
1764 1376 1777 1410 :
1808 1366 1857 1409 et
1888 1361 2109 1421 pericula
2148 1361 2336 1410 inferni
2360 1360 2668 1410 invenerunt

1668 1435 1768 1471 me.

1731 1483 2133 1532 'tribulationem
2151 1487 2200 1530 et
2217 1484 2441 1532 dolorem
2464 1482 2666 1535 inveni:

1665 1550 1717 1595 et
1739 1558 1923 1593 nomen
1943 1546 2042 1593 1)ῇί
2067 1546 2315 1593 invocavi.

1733 1607 1775 1656 Ο
1820 1608 1958 1665 Dne,
1999 1607 2154 1655 libera
2188 1607 2417 1654 animam
2462 1618 2664 1668 meam;

1668 1668 1958 1717 misericors
1979 1669 2113 1727 Dim,
2146 1672 2195 1718 et
2221 1669 2419 1730 justus:
2450 1673 2500 1718 et
2530 1669 2667 1719 Deus

1669 1736 1837 1779 noster
1859 1731 2149 1779 miseretur.

1731 1792 2032 1841 Custodicns
2055 1791 2291 1851 parvulos
2320 1791 2461 1841 Dus:
2493 1791 2667 1841 humi-

1670 1853 1824 1903 liatus
1841 1865 1976 1912 sum,
2001 1860 2049 1901 et
2064 1853 2296 1901 liberavit
2312 1864 2411 1901 me.

1731 1914 2030 1963 Convertere
2043 1916 2212 1963 anima
2232 1927 2342 1963 mea
2366 1914 2418 1962 in
2439 1914 2664 1976 requiem

1671 1981 1813 2025 tuam
1834 1992 1847 2024 ε
1871 1977 1990 2036 quia
2012 1977 2123 2024 Diis
2137 1976 2378 2025 benefecit
2397 1976 2508 2024 tibi.

1735 2038 1868 2097 Quia
1904 2038 2092 2097 eripuit
2132 2038 2362 2086 animam
2397 2049 2564 2085 meam
2603 2039 2668 2088 de

1667 2106 1860 2158 morte,
1897 2100 2069 2148 oculos
2109 2111 2248 2148 meos
2286 2112 2317 2148 a
2351 2099 2663 2159 lachrymis:

1672 2162 1820 2223 pedes
1836 2174 1974 2209 meos
1992 2175 2021 2209 a
2045 2161 2209 2220 lapsu.

1735 2223 1946 2274 Placebo
1959 2223 2071 2272 1)ῆο
2086 2238 2099 2270 z
2117 2224 2171 2272 in
2192 2222 2395 2283 regione
2411 2222 2665 2273 vivorum.

1735 2285 1908 2335 Gloria
1943 2286 2105 2335 Patri.
2147 2288 2212 2334 A.
2249 2286 2524 2335 Inclinavit
2557 2286 2668 2335 Dus

1672 2359 1850 2396 aurem
1867 2359 2014 2396 suam
2033 2347 2181 2395 mibi.

1973 2410 2216 2457 Psalmus
2246 2420 2362 2456 caev.

1679 2471 1937 2584 credidi,
1950 2475 2149 2530 propter
2160 2471 2292 2530 quod
2309 2471 2506 2518 locutus
2520 2481 2637 2520 sum
2647 2487 2666 2523 ι

1758 2538 2025 2592 egoautem
2044 2533 2342 2580 humiliatus
2357 2544 2471 2580 sum
2490 2531 2666 2582 nimis·

1736 2594 1843 2654 Ego
1874 2594 1977 2642 dixi
2002 2595 2054 2642 in
2084 2606 2286 2643 excffisu
2316 2606 2458 2643 meo:
2481 2593 2672 2644 Omnis

1673 2656 1825 2704 homo
1840 2656 2073 2704 mendax.

1737 2717 1874 2778 Quid
1903 2718 2183 2766 retribuam
2213 2717 2358 2765 Dno:
2381 2728 2474 2776 pro
2500 2717 2671 2766 omni·-

1674 2780 1773 2829 bus
1788 2791 1900 2839 quae
1923 2780 2158 2828 retribuit
2180 2778 2329 2827 mibi.

1737 2841 1952 2890 Calicem
2000 2841 2240 2890 salutaris
2285 2840 2532 2900 accipiam
2564 2855 2580 2890 z
2619 2845 2673 2890 et

1675 2916 1861 2952 nomen
1889 2904 1988 2951 Dni
2013 2903 2276 2952 invocabo.
2477 2952 2489 2962 ,

1737 2965 1866 3014 Vota
1919 2978 2030 3013 mea
2075 2965 2188 3012 Dno
2240 2964 2447 3012 reddam
2494 2974 2673 3013 coram

1674 3027 1817 3075 omni
1847 3027 2028 3085 populo
2052 3027 2195 3086 eJus:
2226 3027 2443 3085 pretiosa
2471 3024 2525 3072 in
2553 3038 2678 3074 cou-

1675 3094 1845 3149 spectu
1863 3089 1962 3135 Dni
1984 3101 2122 3136 mors
2138 3093 2429 3136 sanctorum
2443 3087 2575 3146 ejus·

1737 3148 1781 3197 Ο
1801 3150 1926 3207 Dnc,
1954 3151 2073 3210 quia
2096 3162 2187 3210 ego
2209 3161 2385 3198 servus
2411 3153 2561 3197 tuus:
2581 3160 2677 3210 ego

1673 3223 1853 3261 servus
1868 3216 2004 3269 tuuS‚
2023 3217 2072 3259 et
2093 3212 2232 3259 iilius
2247 3210 2442 3259 ancillae
2457 3214 2580 3259 tuae.

1737 3274 1988 3333 Dirupisti
2007 3273 2206 3321 vincula
2234 3285 2375 3333 mea3
2401 3272 2495 3320 tibi
2517 3271 2683 3321 sacri-

1673 3334 1833 3408 iicabo
1851 3335 2070 3445 ffisuam
2089 3334 2282 3384 laudis:
2299 3340 2348 3383 et
2365 3346 2553 3382 nomen
2571 3334 2681 3384 Dni

1673 3409 1851 3445 invoca
1921 3431 1934 3444 .

1740 3459 1865 3507 Vota
1900 3470 2013 3507 mea
2058 3459 2174 3507 Dfio
2209 3457 2418 3506 reddam
2457 3455 2514 3504 in
2552 3468 2680 3506 con-

1674 3524 1845 3581 spectu
1872 3520 2044 3569 omnis
2068 3520 2241 3580 populi
2271 3518 2413 3578 eius:
2439 3518 2497 3567 iu
2527 3519 2682 3569 atriis
