2910 4457
510 311 586 372 1ιὸ
1333 329 1502 369 mm
1545 327 1748 369 rum

498 441 638 551 θεοῦ
655 445 794 502 tuuS,
817 441 923 491 oleo
938 441 1120 491 loetitiae
1136 453 1236 503 proe
1249 441 1494 491 consorti-

539 515 600 551 us
622 504 742 552 tuis.

562 565 791 625 Myrrha,
815 567 863 612 et
884 568 1042 624 gutta,
1066 569 1114 613 et
1135 565 1268 613 casia
1288 577 1321 614 a
1341 565 1495 616 vesti-

501 627 690 675 mentis
712 626 829 685 tuiS,
848 637 876 673 a
900 627 1136 675 domibus
1152 628 1388 677 eburneis
1407 640 1492 677 :ex

500 687 687 747 quibus
707 688 1078 737 delectaverunt
1098 693 1145 737 te
1165 689 1282 737 filiae
1311 701 1493 750 regum

503 749 558 797 in
580 749 769 798 honore
790 755 895 798 tuo.

562 807 987 872 AstititReginaa
1001 811 1190 862 dextris
1206 812 1371 860 tuisin
1390 825 1493 862 ves-

501 871 598 920 titu
619 873 890 922 deaurato:
913 874 1208 922 circundata
1232 874 1489 924 varietate.

561 933 704 983 Audi
736 935 860 995 filia,
894 940 942 983 et
965 935 1095 994 vide,
1119 940 1168 984 et
1188 936 1377 984 inclina
1398 949 1492 984 au-

499 1007 607 1045 rem
638 1000 814 1046 tuam:
844 1000 893 1045 et
925 996 1215 1045 obliviscere
1245 997 1489 1057 populum

498 1061 665 1117 tuum,
689 1063 737 1107 et
751 1059 962 1106 domum
979 1059 1139 1116 patris
1160 1059 1255 1106 tui.

560 1119 625 1168 Et
696 1119 1012 1178 concupiscet
1082 1121 1188 1168 Rex
1258 1120 1510 1169 decorem-

496 1185 678 1230 tuum:
707 1181 949 1241 quoniam
983 1180 1089 1240 ipse
1108 1186 1184 1230 est
1214 1181 1326 1230 Diis
1352 1183 1490 1232 Deus

497 1246 635 1299 tuuS,
653 1246 702 1289 et
722 1242 1003 1293 adorabunt
1023 1255 1160 1290 eum.

547 1302 929 1364 EtfiiiaeTyriin
944 1304 1244 1353 muneribus
1261 1306 1487 1354 :vultum

494 1369 644 1475 tiliugn
665 1366 1067 1425 deprecabuntur
1099 1379 1277 1415 omnes
1305 1368 1490 1417 divites

494 1438 528 1486 p
548 1440 574 1476 e
609 1439 673 1475 is,

557 1488 741 1538 Omnis
769 1488 927 1550 gloria
947 1490 1060 1550 elus
1090 1490 1207 1539 filiae
1237 1491 1394 1550 Regis
1420 1491 1487 1539 ab

494 1549 652 1610 intus,
686 1551 739 1599 in
771 1553 990 1601 fimbriis
1017 1553 1488 1602 aureiszcircuma-

493 1613 649 1660 mieta
671 1615 1016 1661 varietatibus

555 1674 888 1722 Adducentur
937 1675 1067 1734 Regi
1104 1674 1328 1734 virgines
1374 1679 1487 1734 post

490 1746 603 1782 eam
622 1749 636 1783 :
653 1735 892 1793 proximae
907 1736 1020 1795 eJ'us
1034 1737 1308 1786 afferentur
1324 1737 1436 1786 tibi.

554 1795 851 1844 Afferentur
893 1797 946 1845 in
992 1798 1162 1846 loetitia
1205 1803 1253 1848 et
1293 1799 1485 1847 exulta-

490 1857 626 1929 tione
651 1873 663 1907 ε
692 1859 1007 1906 adducentur
1035 1859 1089 1907 in
1117 1859 1362 1920 tempium
1384 1862 1486 1909 Re-

489 1929 589 1978 gis.

552 1981 652 2030 Pro
689 1980 919 2040 patribus
950 1982 1052 2030 tuis
1088 1983 1193 2030 nati
1231 1987 1352 2031 sunt
1389 1985 1484 2033 tibi

490 2042 615 2092 filii:
645 2044 918 2092 constitues
948 2057 1032 2093 eos
1053 2044 1306 2105 principes
1331 2058 1483 2106 super

489 2116 694 2153 omnem
716 2110 926 2153 terram.

550 2166 804 2216 Memores
825 2173 975 2215 erunt
998 2166 1223 2216 nominis
1239 2168 1315 2215 tui
1340 2168 1481 2218 Dr‘ie:

488 2227 544 2275 in
583 2231 725 2277 omni
765 2232 1086 2289 generatione
1114 2235 1162 2279 et
1202 2232 1483 2291 generatio-

490 2302 627 2338 nem.

550 2351 820 2409 Propterea
873 2350 1044 2411 populi
1107 2352 1481 2401 confitebuntur

488 2410 588 2519 tibli¹
610 2411 663 2458 in
683 2415 929 2461 arternum
951 2413 1107 2461 :etin
1125 2414 1366 2462 saeculum
1390 2427 1482 2464 sae-

488 2484 550 2519 cu
595 2506 609 2519 .

547 2532 721 2583 Gloria
761 2533 922 2582 Patri.
963 2536 1028 2582 Δ.
1081 2534 1344 2585 Eructavit
1394 2549 1479 2587 cor

486 2605 661 2644 meum
686 2596 895 2645 verbum
920 2597 1128 2645 bonum.

790 2658 1035 2706 Psalmus
1064 2660 1174 2707 cclv.

488 2727 668 2825 Deus
704 2724 873 2768 noster
903 2719 1160 2780 refugium
1198 2724 1247 2771 et
1279 2720 1478 2770 virtus:

489 2838 500 2848 ·
577 2779 777 2837 adiutor
821 2782 874 2827 in
920 2782 1334 2831 tribulationibus
1365 2795 1478 2844 quae

486 2845 792 2887 invenerunt
812 2854 904 2889 nos
926 2842 1100 2890 nimiS.

548 2900 816 2957 Propterea
870 2914 971 2950 non
1019 2904 1315 2953 timebimus
1350 2906 1475 2954 dum

487 2960 775 3008 turbabitur
808 2966 942 3009 terra
975 2977 989 3011 ε
1027 2969 1076 3011 et
1111 2966 1477 3014 transferentur

488 3027 684 3071 montes
699 3022 753 3070 in
771 3035 854 3071 cor
877 3024 1053 3071 maris.

549 3085 840 3135 Sonuerunt
867 3089 915 3134 et
944 3086 1155 3134 turbatae
1182 3092 1303 3135 sunt
1332 3098 1476 3146 aquae

483 3159 660 3200 eorum
686 3162 699 3196 ε
732 3147 1016 3195 conturbati
1051 3152 1172 3196 sunt
1202 3154 1399 3197 montes
1421 3149 1474 3197 in

489 3208 785 3259 fortitudine
798 3209 842 3269 ej
850 3222 928 3257 uS.

547 3269 806 3319 Fluminis
826 3273 1045 3331 impetus
1061 3270 1278 3320 laetiflcat
1297 3271 1477 3321 civita-

484 3339 584 3382 tem
605 3332 696 3382 Dei
716 3333 1078 3382 :sanctificavit
1091 3332 1473 3385 tabernaculum

482 3408 636 3444 suum
656 3394 974 3443 Altissimus.

546 3458 683 3506 Deus
712 3457 765 3506 in
786 3457 953 3506 medio
974 3456 1106 3518 ejus3
1129 3469 1228 3507 non
1252 3470 1476 3508 commo-

1590 441 1790 550 gelbituf
1811 456 1824 491 :
1846 441 2109 501 adjuvabit
2126 452 2239 492 eam
2268 442 2406 493 Deus
2435 454 2595 495 mane

1627 517 1644 551 1
1665 515 1763 550 ucu
1785 516 1832 551 o.

1653 564 1973 615 Conturbatae
1992 569 2116 613 sunt
2134 565 2346 626 GenteS‚
2370 571 2419 616 et
2438 567 2593 616 incli-

1592 632 1709 674 nata
1727 632 1847 675 sunt
1868 639 2023 687 regna
2042 642 2055 676 ε
2075 627 2213 678 dedit
2227 640 2399 678 vocem
2416 641 2589 689 suam,

1591 693 1726 736 mota
1742 694 1818 737 est
1837 694 1990 737 terra.

1652 749 1759 798 Diis
1782 751 2032 799 virtutum
2056 749 2318 799 nobiscum
2346 766 2360 801 t
2382 763 2594 813 suscep-

1590 816 1668 858 tor
1688 818 1855 861 noster
1872 814 2009 862 Deus
2024 811 2193 860 Jacob.

1654 873 1833 923 Venite
1862 880 1911 923 et
1939 875 2102 922 videte
2132 885 2279 933 opera
2307 874 2410 922 Dni
2437 889 2450 922 t
2473 887 2591 936 quae

1589 935 1755 994 posuit
1777 935 2007 996 prodigia
2028 948 2177 994 super
2200 940 2409 984 terram.

1650 996 1907 1046 Auferens
1952 997 2078 1045 bella
2122 1009 2283 1056 usque
2325 996 2387 1046 ad
2426 997 2588 1047 finem

1589 1061 1738 1108 terrae
1750 1074 1763 1109 ς
1777 1071 1953 1107 arcum
1972 1062 2209 1117 conteret,
2234 1063 2282 1106 et
2298 1058 2591 1122 confringet

1586 1130 1731 1167 arma
1747 1134 1761 1181 ς
1778 1126 1826 1169 et
1841 1125 1982 1169 scuta
1999 1121 2260 1168 comburet
2275 1120 2404 1180 igni.

1652 1181 1862 1241 Vacate,
1906 1187 1955 1231 et
1995 1182 2159 1231 ‘videte
2201 1183 2447 1241 quoniam
2494 1196 2589 1244 ego

1586 1253 1703 1290 sum
1720 1244 1856 1293 Deus
1875 1259 1888 1294 :
1910 1242 2158 1292 exaltabor
2174 1243 2228 1291 in
2246 1243 2515 1304 GentibuS,
2538 1252 2590 1294 et

1586 1306 1835 1354 exaltabor
1857 1306 2079 1358 interra.

1652 1367 1761 1416 Diis
1801 1367 2053 1416 virtutum
2097 1366 2364 1414 nobiscum
2401 1381 2415 1416 ε
2458 1379 2589 1417 sus-

1585 1433 1750 1490 ceptor
1769 1433 1935 1479 noster
1951 1428 2089 1477 Deus
2102 1427 2275 1476 Jacob.

1876 1491 2122 1542 psalmus
2147 1489 2280 1550 xlvj.

1684 1565 1831 1600 mnes
1846 1552 2031 1601 Gentes
2053 1551 2275 1611 plaudite
2305 1551 2586 1603 manibus:

1592 1561 1892 1672 Ojubilate
1912 1614 2014 1662 Deo
2033 1613 2085 1661 in
2102 1625 2218 1662 voce
2240 1612 2585 1662 exultationis.

1648 1676 1903 1735 Quoniam
1926 1675 2036 1723 Diis
2055 1675 2275 1722 excelsus
2306 1675 2583 1725 terribilis:

1584 1736 1689 1785 Rex
1712 1749 1933 1796 magnus
1964 1748 2113 1795 super
2135 1748 2339 1784 omnem
2367 1740 2582 1786 terram.

1647 1798 1871 1856 Subjecit
1897 1799 2106 1857 populos
2129 1797 2303 1846 nobis:
2325 1802 2373 1845 et
2405 1802 2583 1857 gentes

1582 1860 1678 1908 sub
1700 1861 1912 1919 pedibus
1932 1860 2135 1907 nostris.

1645 1921 1812 1981 Elegit
1847 1921 1993 1968 nobis
2023 1920 2363 1970 haereditatem
2386 1932 2536 1969 suam
2564 1937 2577 1971 ε

1582 1983 1796 2043 speciem
1813 1983 1968 2030 Jacob
1983 1995 2136 2042 quam
2157 1981 2347 2030 dilexit.

1645 2044 1891 2093 Ascendit
1911 2044 2048 2093 Deus
2076 2045 2130 2092 in
2161 2043 2356 2102 jubilo:
2389 2049 2438 2093 et
2466 2044 2582 2094 Diis

1583 2106 1640 2154 in
1660 2118 1777 2154 voce
1798 2107 1947 2154 tubae.

1646 2168 1851 2217 Psallite
1866 2167 1969 2216 Deo
1992 2170 2180 2223 nostro,
2205 2165 2402 2224 psallite
2419 2182 2433 2216 ι
2450 2169 2581 2227 psal·

1583 2228 1668 2278 lite
1688 2231 1818 2291 Regi
1842 2235 2029 2288 nostro,
2047 2227 2259 2287 psallite.

1644 2291 1901 2352 Quoniam
1922 2293 2025 2340 Rex
2048 2290 2217 2339 omnis
2238 2294 2385 2339 terrae
2404 2290 2579 2343 Deus:

1582 2354 1779 2412 psallite
1800 2354 2070 2411 sapienter.

1643 2415 1896 2476 Regnabit
1946 2415 2084 2462 Deus
2134 2424 2286 2472 super
2332 2412 2523 2463 Gentes
2565 2431 2581 2466 ι

1579 2476 1718 2524 Deus
1757 2477 1895 2526 sedet
1936 2488 2086 2535 super
2129 2476 2300 2523 sedem
2341 2480 2578 2525 sanctam

1577 2549 1744 2585 suam.

1642 2598 1906 2657 Principes
1939 2597 2241 2657 populorum
2281 2601 2578 2658 congregati

1579 2664 1702 2708 sunt
1722 2672 1840 2708 cum
1873 2661 1976 2707 Deo
2006 2658 2270 2707 Abrabam
2290 2673 2302 2707 ε
2326 2661 2579 2717 quoniam

1578 2721 1650 2769 dii
1686 2720 1838 2770 fortes
1867 2726 2012 2770 terrae
2042 2720 2363 2770 vehementer
2394 2720 2577 2770 elevati

1578 2788 1718 2831 sunt.

1638 2844 1812 2893 Gloria
1827 2843 1988 2892 Patri.
2003 2845 2066 2891 A.
2090 2842 2192 2902 Λᾶ]
2201 2846 2312 2890 utor
2334 2842 2389 2890 in
2407 2843 2580 2892 tribu-

1579 2905 1869 2954 lationibus.

1857 2966 2099 3014 Psalmus
2134 2964 2285 3025 xlvij.

1677 3040 1842 3089 agnus
1861 3028 1988 3086 DnS,
2019 3032 2067 3077 et
2083 3026 2353 3076 laudabilis
2380 3027 2576 3079 nimis:

1679 3090 1730 3138 in
1759 3090 1961 3138 civitate
1986 3089 2080 3138 Dei
2101 3088 2279 3148 nostri,
2310 3088 2365 3136 in
2398 3096 2578 3140 monte

1574 3157 1747 3200 sancto
1767 3151 1897 3211 eJuS.

1638 3212 1905 3261 Fundatur
1962 3211 2266 3261 exultatione
2318 3213 2576 3263 universae

1575 3278 1720 3323 terrae
1752 3286 1906 3323 mons
1930 3274 2085 3323 Sion:
2116 3274 2270 3323 latera
2291 3275 2576 3335 aquiloniS,

1575 3335 1750 3384 civitas
1772 3336 1926 3395 Regis
1946 3335 2139 3396 magni.

1635 3397 1837 3445 Deusin
1847 3397 2081 3447 domibus
2090 3398 2202 3457 ejus
2210 3405 2542 3458 cognoscetur
2559 3415 2573 3449 ε

1574 3457 1693 3507 eum
1713 3459 1951 3519 suscipiet
1963 3470 2094 3509 eam.
