2910 4457
551 354 631 417 10
1225 376 1362 416 noar.
1404 375 1427 416 1
1472 374 1601 415 ων.
1643 375 1720 414 sn
1761 375 1957 416 noum.

611 493 681 543 Ut
701 504 822 543 cum
843 493 951 543 dies
974 493 1287 552 abscesserit,

550 555 860 616 Noctemque
888 568 998 604 sors
1018 555 1288 615 reduxerit,

551 617 739 669 Mundi
758 630 843 677 per
864 618 1242 677 abstinentiam,

548 680 653 740 Ipsi
674 691 919 728 canamus
941 680 1173 741 gloriam.

609 741 712 790 Deo
732 741 873 790 Patri
894 741 960 790 sit
983 743 1161 815 gloria,

613 814 773 863 usque
792 805 885 852 soli
908 805 1056 862 Fine,

545 863 677 914 Cum
699 865 892 926 Spiritu
914 867 1182 926 Paraclito,

544 925 610 976 Et
630 938 769 976 nunc
790 928 909 976 etin
930 935 1248 989 perpetuum.
1273 927 1462 977 Amen.

608 991 673 1037 Δ.
696 990 758 1038 ln
771 989 855 1039 illa
868 991 949 1039 die
966 992 1031 1051 (p.
1049 991 1123 1050 8).
1149 991 1240 1040 Ps.
1253 991 1387 1039 Deus
1404 990 1541 1037 Deus

546 1060 694 1100 meus
702 1052 892 1113 respice
903 1052 1021 1114 etc.[
1039 1054 1091 1101 V.
1107 1054 1162 1101 P.
1175 1052 1254 1101 16.
1266 1052 1302 1100 i.
1314 1065 1357 1100 e.
1369 1052 1536 1099 Psalt.

545 1123 596 1172 p.
629 1113 729 1176 16.]
751 1114 844 1163 Pe.
876 1115 985 1163 Dus
1013 1116 1159 1174 regit.
1181 1115 1350 1163 Gloria
1377 1113 1536 1161 Patri.

542 1173 636 1224 Ps.
660 1176 760 1224 nni
784 1181 858 1224 est
875 1181 1026 1225 terra.
1051 1177 1143 1225 Ps.
1163 1176 1245 1225 Ad
1271 1181 1318 1224 te
1338 1176 1446 1224 Due
1472 1176 1539 1223 le-

545 1238 679 1285 vavi.
691 1237 863 1286 Gloria
871 1239 1127 1288 Patri.Ps.
1145 1239 1175 1286 J
1181 1239 1327 1287 udica
1340 1237 1537 1285 me.Ps.

543 1298 707 1357 Beue,
732 1300 787 1348 in
811 1302 1017 1350 nomine
1047 1307 1152 1350 tuo.
1178 1301 1350 1349 Gloria
1373 1299 1534 1348 Patri.

543 1359 637 1410 Ps.
662 1361 1006 1412 confitemini.
1026 1363 1124 1425 iiij.
1148 1363 1240 1410 Ps.
1264 1363 1404 1411 Beati
1432 1362 1535 1409 im-

542 1423 801 1473 maculati.
833 1425 1008 1474 Gloria
1039 1426 1200 1475 Patri.
1239 1424 1332 1472 Ps.
1363 1423 1535 1472 Retri—

543 1484 658 1534 bue.
685 1485 859 1535 Gloria
883 1488 1043 1537 Patri.

606 1547 683 1595 Hi
706 1550 942 1609 proedicti
973 1549 1167 1611 psalmi
1200 1549 1269 1596 ad
1303 1546 1535 1609 primam

544 1609 790 1658 dicamur
808 1613 1105 1672 supradicto
1136 1611 1282 1658 modo
1302 1606 1535 1656 omnibus

542 1669 693 1719 Dom.
738 1671 909 1720 diebus
983 1687 1037 1721 er
1079 1678 1241 1720 totum
1267 1672 1397 1718 Adv.
1430 1669 1535 1716 nisi

539 1731 591 1778 in
602 1732 702 1792 viq.
720 1734 923 1782 Natalis
993 1735 1063 1792 sti,
1084 1734 1287 1795 quando
1301 1733 1358 1778 in
1377 1732 1529 1778 Dom.

540 1795 822 1854 contiyerit,
854 1800 903 1843 et
927 1794 961 1843 ὰ
983 1797 1092 1843 Dne
1115 1808 1178 1842 ne
1201 1795 1253 1842 in
1279 1794 1356 1842 ira
1377 1806 1533 1853 usque

539 1856 610 1903 ad
624 1856 835 1917 pascha,
858 1855 950 1905 etd
971 1858 1111 1907 Deus
1122 1857 1354 1906 omnium
1377 1867 1533 1916 usque

539 1918 609 1965 ad
645 1919 777 1967 Adv.
810 1921 1016 1981 quando
1049 1920 1108 1968 de
1139 1918 1289 1966 Dom.
1321 1917 1531 1978 ayitur:

538 1980 615 2028 ita
657 1985 828 2029 tamen
868 1983 1002 2043 quod
1055 1980 1088 2030 ὰ
1126 1994 1232 2030 Lxx
1274 1992 1428 2040 usque
1462 1979 1533 2027 ad

532 2043 728 2102 pascha
761 2044 966 2092 dicatur
1002 2045 1094 2092 Ps.
1125 2045 1236 2092 Diis
1272 2041 1528 2103 regnavit,

442 2143 447 2148 .
537 2104 788 2154 decorem.
813 2104 917 2154 loco
938 2106 1029 2155 Ps.
1052 2105 1376 2156 confitemini
1397 2103 1528 2151 Dino.

614 2172 646 2220 ἵ
684 2167 1098 2231 Quamcunque
1178 2167 1364 2216 dicitur
1434 2165 1530 2213 Ps.

535 2227 674 2278 Deus
703 2230 841 2279 Deus
882 2244 1029 2280 meus
1069 2232 1260 2291 respice
1292 2242 1407 2277 cum
1445 2241 1531 2276 re-

537 2290 687 2352 liquis
724 2293 943 2353 psalmis
984 2295 1054 2342 ad
1088 2294 1343 2354 primam,
1378 2303 1532 2350 super

535 2353 671 2400 hune
702 2354 795 2402 Ps.
833 2354 1139 2415 Quicunque
1174 2354 1285 2401 vult
1314 2353 1391 2411 (P.
1424 2352 1527 2406 20).

536 2414 726 2462 dicitur
744 2416 807 2463 A.
831 2417 902 2463 Te
922 2417 1084 2465 Deum
1107 2417 1309 2465 Patrem
1329 2415 1404 2473 (P.
1420 2413 1527 2471 21).

541 2475 607 2522 In
637 2477 826 2524 caeteris
849 2488 967 2525 vero
996 2477 1164 2526 diebus
1195 2477 1396 2525 dicatur
1420 2488 1530 2523 una

538 2540 666 2595 αῆα,
679 2542 842 2599 prout
859 2544 1071 2587 notatur
1091 2539 1148 2586 in
1172 2538 1442 2586 Psalterio.

604 2600 816 2662 Require
829 2614 943 2663 cap.
968 2602 1047 2664 [et]
1069 2601 1322 2663 requlares
1336 2612 1533 2660 preces,

537 2668 657 2723 post
686 2663 779 2712 Ps.
813 2663 1120 2725 Quicunque
1145 2664 1255 2712 vult
1286 2662 1346 2710 in
1374 2662 1530 2710 Psal-

544 2724 695 2782 ter-io,
720 2731 783 2773 ut
798 2724 868 2773 ibi
890 2732 1125 2775 notatum
1153 2731 1244 2773 est.

602 2785 688 2834 An
708 2787 978 2837 Taurum.
1002 2789 1164 2849 Hym.
1187 2788 1337 2838 Nunc
1357 2791 1529 2834 sancte

539 2848 704 2896 nohiS.
720 2850 854 2896 utin
867 2849 1137 2898 Psalterio.
1156 2850 1219 2898 Α.
1243 2849 1528 2897 Jocundare

540 2909 613 2970 (p.
654 2910 720 2966 8).
755 2910 849 2957 Ps.
885 2911 1070 2971 Legem
1103 2924 1246 2970 pone.
1276 2911 1385 2973 [Ps.
1416 2911 1528 2959 Me-

537 2982 649 3018 mor
664 2975 786 3019 ssio,
803 2971 897 3018 Ps.
920 2973 1204 3020 Bonitatem
1229 2971 1426 3031 fecisti]

602 3032 728 3092 Cap.
757 3033 895 3081 Hora
915 3036 991 3081 est
1018 3033 1124 3092 ,iam
1158 3034 1227 3092 (p.
1267 3034 1341 3095 9).
1381 3032 1528 3094 [Cho-

534 3106 627 3141 rus
646 3094 784 3144 dicat
801 3095 905 3144 Deo
934 3093 1159 3156 gratias]

600 3157 820 3206 Clericus
859 3158 998 3206 dicat
1029 3167 1093 3220 132.
1138 3155 1265 3205 Veni
1301 3155 1364 3204 ad
1405 3155 1527 3204 libe-

535 3219 755 3268 randum
796 3232 903 3279 nos,
939 3221 1050 3268 Due
1087 3220 1223 3268 Deus
1252 3218 1522 3266 virtutum.

536 3282 726 3330 Chorus
743 3282 876 3330 idem
895 3296 923 3329 r
984 3287 1106 3330 etat.

599 3344 729 3392 Cler.
758 3344 898 3392 dicat
977 3379 991 3393 .
1024 3344 1091 3393 Ει
1119 3343 1322 3391 ostende
1343 3342 1522 3391 faciem

532 3411 692 3465 tuam,
715 3411 764 3455 et
783 3406 909 3455 salvi
924 3407 1136 3458 erimuS.
1159 3405 1246 3454 ΟΙι.
1263 3406 1373 3454 Due
1387 3406 1524 3454 Deus

530 3469 799 3517 virtutum.

597 3531 727 3581 Cler.
741 3530 915 3581 Gloria
926 3531 1086 3590 Patri,
1108 3530 1170 3593 [et
1187 3529 1336 3588 Filio,
1352 3534 1400 3577 et
1417 3529 1527 3589 Spi-

1641 491 1765 540 ritui
1786 490 2011 556 Sancto].
2037 492 2124 543 ch.
2154 492 2287 544 Veni
2311 495 2374 544 ad
2398 494 2630 545 liberan-

1638 554 1763 602 dum
1814 553 1952 617 [noS‚
1999 556 2110 604 Duc
2149 556 2285 605 Deus
2329 557 2627 621 virtutum].

1705 617 1836 665 Cler.
1868 617 2006 665 dicat
2041 615 2102 676 V.
2136 618 2411 668 Time-bunt
2454 626 2631 679 gentes

1639 689 1823 727 nomen
1847 682 2022 738 tuum,
2046 680 2173 729 Dine.
2204 681 2394 728 Chorus
2415 695 2631 744 respon-

1637 741 1752 787 deat
1766 739 1857 787 sub
1871 742 2035 790 eodem
2058 747 2191 800 tono,
2205 742 2269 791 Et
2285 756 2463 792 omnes
2483 756 2630 804 reges

1637 807 1781 850 terrae
1802 803 2015 864 gloriam
2041 809 2203 853 tuam.

1698 864 1800 911 Hic
1841 865 1965 913 orde
2011 872 2241 914 servetur
2285 869 2344 916 in
2392 866 2628 915 omnibus

1635 926 1967 986 responsoriis
1982 940 2097 974 cum
2112 929 2218 976 suis
2232 928 2457 976 versibus
2470 942 2628 990 super

1635 987 1786 1036 horas
1827 989 2050 1037 dicendis
2088 1004 2183 1052 per
2220 995 2380 1038 totum
2422 1005 2626 1039 annum

1634 1055 1784 1098 eoetra
1805 1063 1891 1109 n,
1911 1057 2096 1111 praeter
2128 1053 2321 1100 namin
2344 1053 2626 1101 Dominicis

1633 1125 1741 1160 Lxx
1766 1117 1816 1160 et
1838 1126 1907 1161 Lx
1929 1118 1978 1161 et
1997 1126 2046 1162 1..
2132 1114 2272 1162 einde
2297 1115 2436 1162 dicat
2455 1128 2628 1164 sacer-

1631 1175 1720 1221 dos
1754 1175 2034 1222 orationem
2054 1189 2170 1224 cum
2190 1177 2301 1225 Dus
2335 1177 2623 1226 vobiscum.

1638 1235 1718 1296 [ψ.
1743 1235 1807 1284 Et
1835 1249 1952 1284 cum
1988 1249 2063 1297 sp.
2090 1238 2212 1299 tu0.]
2252 1237 2491 1287 OremuS.
2529 1240 2625 1288 Ex-

1630 1298 1753 1354 cita‚
1793 1311 2087 1357 quaesumus
2104 1301 2216 1348 Due
2238 1302 2303 1360 (p.
2325 1298 2399 1361 2).

1692 1359 1816 1407 Hoec
1835 1361 2001 1409 oratio
2022 1362 2225 1410 dicatur
2249 1364 2320 1411 ad
2341 1375 2513 1410 omnes
2534 1364 2624 1411 Ιιο-

1631 1433 1719 1468 ras
1741 1421 1893 1482 hujus
1924 1423 2049 1481 diei,
2070 1429 2119 1471 et
2149 1425 2302 1472 etiam
2324 1425 2478 1472 totius
2508 1426 2624 1473 heb-

1631 1485 1884 1541 domadoe,
1906 1487 2109 1545 quando
2132 1487 2191 1534 de
2220 1487 2488 1547 temporali
2508 1489 2623 1547 aqi-

1634 1550 1738 1593 tur.
1773 1546 1887 1592 Hoc
1914 1552 2084 1595 autem
2100 1561 2194 1608 per
2224 1552 2384 1597 totum
2416 1561 2620 1597 annum

1625 1607 1930 1667 veneranter
1952 1607 2262 1667 observetur,
2284 1610 2387 1656 sive
2406 1611 2465 1657 de
2500 1615 2622 1658 tem-

1623 1669 1811 1728 porali,
1832 1669 1934 1717 sive
1958 1672 2017 1719 de
2037 1671 2204 1732 aliquo
2217 1677 2394 1719 sancto
2410 1670 2504 1734 fiat
2517 1686 2621 1720 ser-

1627 1730 1824 1789 vilium,
1839 1734 1970 1792 quod
1987 1746 2181 1794 semper
2196 1734 2360 1781 oratio
2372 1747 2482 1794 quae
2493 1734 2620 1782 dici-

1630 1798 1714 1840 tur
1736 1793 1806 1840 ad
1825 1795 2130 1856 matutinas,
2153 1796 2337 1843 dicit-ur
2357 1797 2427 1844 ad
2445 1795 2524 1856 iii,
2544 1797 2616 1857 vj,

1626 1861 1676 1903 et
1691 1855 1773 1914 iat,
1802 1862 1851 1904 et
1878 1858 1948 1904 ad
1978 1859 2223 1905 secundas
2246 1869 2383 1916 vesp.
2403 1864 2618 1918 prseter-

1625 1931 1778 1979 quam
1790 1919 1848 1965 in
1869 1918 1948 1979 iiij
1963 1923 2012 1965 et
2022 1918 2077 1978 vj
2093 1918 2236 1978 feriis
2254 1919 2370 1966 etin
2383 1918 2517 1967 sabb.
2535 1920 2619 1980 iiii

1635 1984 1728 2026 tem
1768 1993 1916 2026 orum
1952 1981 2211 2028 Adventus
2238 1980 2345 2027 Dm·
2358 2016 2371 2037 ,
2397 1985 2445 2027 et
2474 1981 2534 2027 in
2558 1983 2619 2042 vj

1625 2041 1703 2089 die
1785 2041 1959 2091 Nativ.
1984 2041 2116 2100 Diii,
2150 2043 2277 2090 etin
2307 2041 2348 2101 ij
2382 2040 2518 2100 feria
2551 2043 2615 2091 in

1629 2102 2003 2165 Royationibus‚
2028 2109 2075 2152 et
2107 2105 2210 2151 nisi
2219 2105 2276 2150 in
2294 2104 2372 2165 iiij
2399 2102 2533 2162 seria
2553 2106 2613 2150 in

1626 2167 1789 2227 capite
1826 2164 2018 2227 jejunii
2064 2180 2218 2227 usque
2261 2167 2331 2214 ad
2377 2171 2613 2214 octavam

1619 2230 1857 2292 paschoe:
1898 2242 2023 2275 nam
2056 2234 2177 2276 tunc
2211 2230 2279 2277 ad
2304 2241 2442 2289 vesp.
2487 2242 2613 2277 sem-

1619 2306 1716 2354 per
1757 2289 2034 2338 variantm·
2079 2292 2332 2339 orationes
2347 2329 2361 2347 ‚
2410 2291 2514 2338 nisi
2551 2291 2612 2338 in

1626 2352 1904 2402 Dominicis
1930 2365 2019 2401 xr..
2041 2353 2282 2401 Similiter
2304 2351 2465 2414 fiatin
2479 2351 2611 2411 festo

1624 2415 1953 2465 dedicationis
1998 2415 2224 2472 ecclesiae,
2255 2420 2303 2462 et
2329 2415 2387 2461 in
2428 2419 2612 2462 octava

1624 2478 1864 2540 ejusdem,
1887 2477 1957 2524 ad
1976 2478 2221 2525 secundas
2241 2488 2379 2537 vesp.

1686 2538 1771 2588 An
1785 2538 2025 2587 Saxum.
2044 2539 2204 2599 Hym.
2220 2540 2399 2587 Rector
2417 2543 2609 2597 potem,

1623 2605 1684 2648 ut
1717 2601 1776 2647 in
1810 2598 2064 2647 Psallerio
2091 2605 2322 2649 notatur.
2354 2602 2417 2648 Α.
2455 2599 2608 2664 Ecce,

1623 2663 1733 2712 Diis
1750 2663 1816 2721 (p.
1837 2660 1932 2720 8.).
1949 2661 2040 2710 Ps.
2057 2663 2263 2710 Defecit..
2280 2662 2371 2710 Ps.
2391 2663 2614 2721 Quomo-

1623 2726 1704 2775 do.
1727 2724 1819 2772 Ps.
1835 2723 2062 2784 1niquos,
2087 2725 2211 2783 Cap.
2234 2725 2379 2772 Rom.
2406 2724 2523 2784 oeiij.
2551 2724 2611 2772 C.

1622 2799 1784 2898 Nox
1816 2787 2087 2845 praecessit,
2111 2785 2218 2834 dies
2236 2790 2406 2834 autem
2430 2797 2616 2845 appro-

1623 2889 1632 2897 .
1715 2848 2005 2908 pinquabitz
2028 2847 2329 2908 ainciamus
2359 2860 2479 2907 crgo
2499 2860 2615 2906 ope-

1620 2924 1675 2960 ra
1709 2911 2050 2967 tenebrarum,
2083 2916 2130 2958 ct
2150 2910 2426 2957 induamur
2461 2921 2613 2958 arma

1622 2974 1768 3022 luciS.
1799 2971 1917 3031 [Deo
1948 2971 2043 3032 gn]
2087 2982 2149 3029 132.
2188 2969 2405 3017 Ostende
2444 2971 2613 3029 nobiS‚

1621 3036 1730 3083 Due
1744 3070 1757 3092 ‚
1792 3032 2190 3083 Misericordiam
2208 3036 2367 3078 tuam.
2394 3023 2617 3095 [Osten-

1620 3091 1721 3163 dcx]
1747 3093 1807 3156 7&-
1833 3095 1895 3142 Et
1924 3094 2143 3141 salutare
2173 3098 2320 3145 tuum
2352 3093 2416 3140 da
2440 3094 2611 3144 nobiS.

1619 3156 2020 3210 Misericordiam
2062 3155 2262 3218 [tuam.]
2308 3154 2478 3203 Gloria
2517 3157 2614 3205 Pa·

1618 3222 1703 3280 tri,
1728 3220 1792 3282 [et
1813 3219 1967 3278 Filio,
2001 3223 2050 3266 et
2079 3219 2165 3279 Sp.
2190 3219 2387 3268 Sancto.
2433 3218 2614 3267 Osten-

1620 3285 1698 3332 de.
1739 3280 1799 3342 ᾧ.
1845 3282 2101 3332 Memento
2142 3279 2327 3338 nostri,
2423 3285 2500 3338 ue,
2553 3283 2606 3328 in

1620 3345 1928 3404 beneplacito
1945 3344 2111 3404 populi
2130 3343 2222 3390 tui.
2239 3353 2303 3403 132.
2331 3341 2489 3391 Visita
2515 3356 2611 3390 nos

1617 3406 1670 3455 in
1687 3406 1899 3454 salutari
1918 3411 2023 3454 tuo·

1682 3467 1766 3516 An
1802 3468 2020 3517 ΝοΝΑΜ.
2044 3465 2205 3526 Hym.
2229 3466 2423 3514 Rerum
2448 3466 2606 3515 Deus,

1614 3530 1739 3577 utin
1755 3529 1990 3578 Psalt.A.
2006 3528 2147 3583 Ecce,
2166 3528 2405 3587 venietm.
2419 3527 2604 3586 8.).Ps.
