2910 4457
908 356 981 394 Αυ
1024 353 1155 395 mr.
1200 354 1270 393 nr
1311 352 1536 393 uenas,
2082 394 2094 402 „
2172 332 2253 392 65

184 479 244 522 tu
319 477 408 521 tuo
470 470 691 534 gemitus
758 468 1172 528 compeditorum.

248 535 538 585 Secundum
558 530 965 592 magnitudinem
982 528 1174 577 brachii

185 597 261 645 tui
279 597 507 657 :posside
528 595 660 643 filios
681 592 1118 641 mortificatorum.

244 659 307 708 Et
348 659 503 708 redde
554 655 737 705 vicinis
788 653 974 702 nostris
1003 658 1173 712 septu-

183 721 323 780 plum
347 720 401 768 in
427 720 547 768 sinu
568 730 743 766 eorum
766 732 778 765 :
806 713 1170 775 improperium

178 785 430 892 {asor-um,
453 781 589 842 quod
619 780 1047 840 exprobraverunt
1077 776 1171 824 tibi

254 857 416 892 mine.

239 906 345 956 Nos
373 909 547 954 autem
579 902 793 962 populus
824 905 943 948 tuus
975 904 1022 948 et
1053 912 1169 948 oves

177 980 376 1027 pascuae
421 971 522 1015 tuae
557 981 571 1013 ε
605 962 955 1013 confitebimur
989 962 1082 1011 tibi
1112 961 1166 1010 in

177 1029 441 1080 saeculum.

239 1093 300 1140 In
314 1089 637 1151 generatione
691 1092 738 1134 et
749 1085 1122 1146 generationem
1152 1101 1165 1134 ε

175 1152 603 1201 annuntiabimus
625 1150 826 1198 laudem
851 1152 1010 1195 tuam.

445 1214 690 1260 Psalmus
719 1210 892 1257 loexiae.

261 1275 316 1324 ui
348 1275 485 1334 regis
506 1274 679 1331 lsrael,
702 1272 935 1320 intende:
959 1270 1048 1331 qui
1077 1271 1165 1320 de-

175 1281 408 1407 Qducis
428 1338 567 1385 velut
585 1347 729 1383 ovem
752 1333 954 1391 Joseph.

236 1400 340 1461 Qui
354 1401 502 1448 sedes
520 1410 670 1456 super
691 1394 946 1444 Cherubin
966 1408 978 1439 t
997 1393 1165 1442 mani-

174 1462 350 1511 festare
372 1473 546 1510 eoram
574 1459 837 1520 Ephraim,
868 1456 1158 1517 Benjamin,

169 1530 218 1573 et
237 1525 500 1576 Manasse.

225 1586 401 1635 Exeita
435 1583 710 1644 potentiam
731 1586 891 1639 tuam,
925 1584 972 1628 et
1005 1579 1119 1628 veni
1145 1594 1157 1628 :

170 1653 225 1696 ut
246 1649 418 1696 salvos
439 1644 594 1693 facias
615 1655 725 1691 noS.

232 1711 374 1758 Deus
395 1710 629 1756 converte
648 1716 741 1752 nos
765 1717 778 1748 ι
801 1707 849 1751 et
869 1705 1072 1753 ostende
1087 1703 1159 1752 sa-

168 1772 300 1820 eiem
323 1775 487 1828 tuam,
512 1774 559 1816 et
582 1766 706 1815 salvi
727 1765 937 1814 erimuS.

232 1833 344 1881 Due
389 1833 529 1880 Deus
568 1829 816 1876 virtutum
855 1840 868 1872 ι
899 1837 1159 1885 quousque

167 1893 406 1943 irasceris
426 1904 579 1951 super
601 1888 877 1937 orationem
893 1887 1024 1935 servi
1047 1887 1156 1937 tui?

231 1954 440 2005 Cibabis
464 1966 557 2001 nos
579 1964 707 2011 pane
735 1950 1111 2008 lachrymarum
1141 1964 1153 1998 :

165 2023 214 2068 et
230 2023 408 2078 potum
425 2015 572 2064 dabis
587 2012 731 2061 nobis
746 2012 799 2059 in
816 2011 1087 2070 lachrymis
1101 2011 1154 2059 in

166 2085 412 2128 mensura
427 2080 455 2126 Τ

229 2139 459 2190 Posuisti
489 2150 582 2186 nos
612 2137 665 2184 in
709 2133 1153 2183 contradictionem

165 2201 352 2253 vicinis
366 2200 559 2251 nostris
571 2206 641 2249 :et
655 2195 852 2247 inimici
869 2195 1027 2245 nostri
1041 2197 1156 2245 sub-

161 2269 519 2315 sannaverunt
544 2275 653 2310 n05.

231 2328 368 2376 Deus
397 2325 650 2373 x’irtutum
684 2326 915 2371 converte
947 2332 1039 2367 nos
1070 2335 1082 2367 ι
1107 2325 1156 2369 et

163 2390 371 2438 ostende
382 2386 561 2437 faciem
580 2392 738 2443 tuam,
751 2389 797 2433 et
807 2381 1151 2432 salvierimuS.

230 2451 448 2499 Vineam
481 2449 545 2497 de
569 2448 787 2507 AEgypto
809 2443 1115 2493 transtulisti
1140 2458 1153 2492 :

162 2513 354 2574 ejecisti
375 2512 583 2569 GenteS‚
607 2515 656 2557 et
677 2506 917 2567 plantasti
936 2519 1068 2555 eam.

233 2576 345 2623 Dux
374 2571 578 2621 itineris
620 2569 762 2618 suisti
798 2570 851 2616 in
886 2573 1153 2626 conspectu

163 2638 277 2696 ejus
295 2642 370 2685 :et
386 2633 629 2696 plantasti
644 2632 834 2681 radices
846 2630 973 2691 eJuS‚
992 2635 1039 2678 et
1054 2629 1154 2677 im-

162 2698 317 2759 plevit
346 2704 556 2747 terram.

229 2760 442 2820 Operuit
452 2762 650 2807 montes
666 2756 846 2818 umbra
862 2753 973 2813 ejus
986 2768 999 2803 ε
1012 2758 1059 2801 et
1071 2764 1154 2800 ar-

160 2823 309 2871 busta
331 2823 446 2883 ejus
474 2820 647 2869 cedros
669 2817 777 2866 Dei.

225 2884 462 2933 Extendit
493 2882 727 2941 palmites
754 2891 873 2926 suos
900 2890 1072 2938 usque·
1088 2878 1151 2925 ad

162 2959 303 3068 nilare
318 2962 331 2995 ε
345 2951 566 3005 etusque
580 2943 640 2991 ad
653 2942 840 2989 ssumcn
853 2940 1153 3000 propagines

159 3021 187 3056 e
214 3021 289 3057 us,

225 3072 292 3119 Ut
355 3069 479 3131 quid
535 3064 825 3116 destruxisti
878 3062 1149 3112 maceriam

160 3132 270 3191 eius
294 3148 307 3181 ε
331 3138 379 3182 ct
428 3128 748 3178 vindemiant
791 3139 905 3175 eam
948 3137 1148 3182 omnes,

160 3194 250 3255 qui
280 3190 765 3255 praetergrediuntur
798 3188 969 3236 viam?

222 3254 594 3306 Exterminavit
614 3265 725 3301 eam
758 3263 876 3310 aper
900 3250 962 3297 de
983 3247 1109 3296 silva
1136 3264 1149 3296 :

161 3323 209 3367 et
227 3318 508 3381 singularis
522 3315 660 3363 serus
673 3314 914 3372 depastus
927 3315 1002 3359 est
1017 3323 1148 3358 eam.

221 3382 353 3430 Deus
370 3381 626 3429 virtutum
638 3378 925 3425 convertere
937 3388 949 3420 ι
961 3372 1149 3431 respice

159 3442 218 3492 de
244 3445 391 3502 coelo‚
425 3447 478 3493 et
507 3440 651 3498 vide,
685 3441 736 3485 et
770 3435 918 3484 visita
947 3434 1146 3483 vineam

156 3505 321 3557 istam.

1335 466 1400 515 Et
1442 466 1621 526 perfice
1654 476 1768 514 eam
1814 473 1971 525 quarn
2012 463 2258 523 plautavit

1270 527 1470 577 dextera
1504 534 1588 576 tua
1614 533 1692 577 :et
1714 540 1865 587 super
1896 525 2060 575 filium
2092 525 2257 574 homi-

1273 590 1354 637 nis
1375 602 1526 650 quem
1549 590 1859 638 confirmasti
1882 587 1992 636 tibi.

1333 653 1543 700 Incensa
1577 651 1687 711 igni
1717 656 1765 700 et
1796 651 2008 699 suffossa
2041 650 2143 698 :ab
2174 648 2255 697 in-

1270 712 1553 771 crepatione
1573 713 1744 760 vultus
1767 712 1843 760 tui
1865 712 2120 771 peribunt.

1331 774 1444 822 Fiat
1466 786 1651 822 manus
1672 779 1758 820 tua
1774 786 1923 831 super
1947 774 2115 821 virum
2137 775 2254 822 dex-

1269 840 1384 885 terae
1417 841 1551 884 tuae:
1587 839 1634 881 et
1666 847 1816 891 super
1847 835 2008 883 filium
2029 835 2255 884 hominis

1268 909 1419 957 quem
1443 895 1756 944 confirmasti
1778 895 1886 943 tibi.

1326 959 1390 1007 Et
1414 971 1513 1006 non
1524 957 1868 1006 discedimusa
1882 961 1927 1003 te
1942 971 1956 1017 3
1971 956 2251 1007 vivificabis

1268 1033 1360 1069 nos
1385 1035 1397 1067 ε
1423 1025 1472 1069 et
1505 1032 1689 1068 nomen
1713 1024 1858 1067 tuum
1881 1017 2248 1068 invocabimus·

1324 1084 1435 1131 Dr‘ie
1451 1084 1588 1131 Deus
1604 1081 1854 1129 virtutum
1873 1085 2104 1129 converte
2126 1093 2218 1129 nos
2235 1097 2246 1128 ε

1261 1148 1309 1191 et
1337 1146 1541 1194 ostende
1555 1143 1730 1192 faciem
1756 1148 1914 1201 tuam,
1938 1148 1986 1191 et
2006 1141 2249 1190 salxieri-

1265 1218 1399 1255 mus.

1324 1267 1499 1317 Gloria
1541 1267 1701 1317 Patri.
1743 1269 1807 1315 Α.
1850 1265 2109 1326 Propitius
2139 1269 2244 1314 esto

1260 1332 1473 1388 peccatis
1506 1329 1717 1385 nostriS‚
1752 1329 1985 1377 Domine.

1324 1390 1365 1451 Ῡ
1388 1392 1691 1440 Gaudebunt
1707 1391 1834 1438 labia
1854 1403 1965 1438 mea
1983 1391 2108 1438 dum
2126 1402 2246 1436 can-

1258 1457 1427 1501 tavero
1449 1454 1561 1501 tibi.
1584 1464 1631 1514 13²
1662 1452 1727 1500 Et
1755 1452 1928 1499 anima
1950 1463 2060 1498 mea
2086 1462 2240 1511 quam

1256 1514 1533 1564 redemisti.

1307 1637 1465 1686 ANTE.
1481 1639 1694 1687 munes
1710 1635 1768 1694 ψ.
1790 1635 1902 1684 Fiat
1924 1635 2042 1684 mis,
2061 1635 2127 1694 (p.
2145 1632 2241 1688 38.)

1317 1700 1381 1746 In
1404 1699 1660 1748 Laudibus
1681 1703 1743 1749 A.
1768 1698 1883 1748 Tibi
1897 1697 1988 1747 soli
2012 1695 2241 1757 peccavi:

1255 1762 1364 1810 Due
1416 1764 1656 1811 miserere
1694 1762 1812 1811 mei.
1860 1762 1952 1810 Ps.
1998 1760 2242 1812 Miserere

1255 1824 1358 1874 mei
1375 1825 1529 1875 Deus.
1543 1824 1694 1885 (ibid.)

1511 1887 1755 1934 Psalmus
1774 1885 1986 1934 loeoean‘oe.

1254 1950 1529 2056 Domine,
1546 1947 1797 2008 refugium
1821 1947 1980 1994 iactus
1993 1958 2047 1993 es
2063 1943 2207 1993 nobis
2225 1957 2238 1990 ε

1343 2023 1369 2057 a
1389 2009 1707 2070 generatione
1721 2008 1772 2055 in
1792 2007 2184 2067 generationem.

1317 2072 1624 2130 Priusquam
1670 2075 1868 2116 montes
1907 2068 2099 2122 fierent,
2148 2067 2237 2112 aut

1253 2131 1555 2180 formaretur
1577 2137 1708 2179 terra
1730 2135 1778 2177 et
1798 2128 1935 2176 orbis
1961 2143 1973 2174 :
1996 2140 2023 2175 a
2056 2125 2237 2175 saeculo

1251 2199 1300 2243 et
1318 2206 1477 2254 usque
1499 2193 1549 2241 in
1574 2191 1815 2241 saeculum
1837 2195 1892 2238 tu
1914 2202 1967 2238 es
1987 2189 2140 2237 Deus·

1315 2256 1390 2305 Ne
1424 2261 1620 2304 avertas
1650 2252 1908 2302 hominem
1939 2252 1993 2299 in
2026 2248 2238 2299 humili-

1254 2323 1407 2366 tatem
1431 2333 1443 2365 :
1469 2321 1517 2366 et
1546 2316 1737 2375 dixisti,
1763 2312 2120 2364 convertimini
2141 2310 2234 2361 filii

1249 2379 1537 2428 hominum.

1315 2442 1571 2503 Quoniam
1605 2441 1744 2489 mille
1774 2438 1899 2488 anni
1929 2442 2046 2487 ante
2065 2436 2235 2486 oculos

1252 2509 1364 2553 tuos
1389 2510 1669 2565 :tanquam
1700 2502 1807 2552 dies
1837 2503 2089 2560 hesterna,
2121 2511 2233 2560 quae

1252 2566 1516 2626 praeteriit,
1795 2581 1804 2590 ’

1313 2629 1376 2676 Et
1396 2628 1621 2676 custodia
1638 2626 1691 2673 in
1715 2630 1856 2674 nocte
1875 2641 1887 2671 t
1906 2637 2017 2683 quoe
2041 2635 2129 2681 pro
2154 2621 2234 2669 ni·-

1250 2689 1353 2738 hilo
1371 2690 1637 2746 habentur,
1661 2699 1834 2734 eorum
1858 2685 1981 2733 anni
2004 2687 2171 2731 erunt.

1312 2751 1467 2801 Mane
1487 2750 1617 2797 sicut
1646 2749 1799 2796 herba
1821 2750 2060 2803 transeat,
2085 2756 2235 2793 mane

1250 2812 1423 2860 floreat
1443 2815 1492 2860 et
1512 2815 1734 2858 transeat
1757 2824 1770 2857 :
1794 2820 1994 2868 vespere
2012 2806 2229 2866 decidat,

1247 2874 1469 2932 induret,
1488 2878 1536 2921 et
1554 2875 1761 2921 arescat.

1313 2934 1446 2995 Quia
1478 2934 1752 2983 defecimus
1774 2932 1827 2982 in
1860 2932 1936 2981 ira
1958 2937 2045 2980 tua
2071 2946 2084 2981 ι
2107 2930 2232 2980 etin

1249 2997 1415 3046 surore
1436 3003 1521 3046 tuo
1542 2995 1732 3045 turbati
1752 3007 1950 3044 sumuS.

1310 3059 1532 3109 Posuisti
1586 3057 1879 3119 iniquitates
1929 3061 2129 3105 nostras
2177 3055 2231 3103 in

1246 3128 1511 3182 conspectu
1528 3127 1613 3170 tuo
1639 3121 1906 3169 :saeculum
1929 3122 2161 3166 nostrum
2177 3117 2231 3163 in

1246 3183 1618 3232 illuminatione
1632 3184 1803 3231 vultus
1824 3181 1918 3228 tui.

1311 3245 1567 3305 Quoniam
1590 3257 1767 3294 omnes
1788 3242 1896 3291 dies
1916 3241 2075 3290 nostri
2098 3240 2232 3289 dese-

1246 3313 1423 3357 cerunt
1447 3324 1460 3355 ε
1484 3307 1598 3355 etin
1622 3307 1697 3354 ira
1711 3312 1796 3353 tua
1817 3303 2107 3353 defecimus

1309 3369 1455 3418 Anni
1477 3369 1634 3417 nostri
1656 3367 1785 3416 sicut
1808 3379 1992 3415 aranea
2013 3363 2231 3413 medita-

1245 3432 1438 3479 buntur
1464 3446 1476 3479 :
1502 3431 1608 3480 dies
1622 3442 1878 3478 annorum
1908 3432 2195 3476 nostrorum
2212 3459 2226 3482 ,

1246 3492 1298 3541 in
1322 3492 1444 3554 ipsis
1466 3491 1780 3555 septuaginta
1802 3489 1945 3539 anni.

2843 66 2897 247 ...ὦ
