2910 4457
187 445 272 496 An
292 447 322 508 ς
346 445 453 510 152,
480 445 595 512 153)
768 462 912 503 mrsu
938 462 1091 504 romu.
1115 462 1177 501 Ετ
1201 462 1330 512 Anv,
1355 463 1515 501 Exrnl
1542 463 1728 503 rsmrus
1755 460 2018 502 Piscium.
2218 446 2356 514 lxix

191 594 542 647 “verterentur
562 596 617 645 in
636 596 862 663 linguas,
890 612 1005 646 eam
1020 595 1237 646 laudare
1257 595 1521 646 sufficeret
1538 594 1751 645 nullus?
1775 595 1958 646 Alcior
1983 596 2046 661 (⁵)
2073 597 2187 648 celo
2209 597 2310 664 est(
2310 599 2352 663 ὃ)

190 677 282 727 “de
319 693 423 742 qua
460 678 606 742 loqui
644 679 873 741 nitimur,
916 677 1159 742 abisso(⁷)
1184 677 1492 744 profundior
1517 678 1604 726 cui
1624 677 1807 729 laudes
1833 679 2005 730 dicere
2029 681 2354 747 cupimus(8).

190 761 280 825 “B-
308 761 504 811 Sancta
528 765 580 810 et
600 761 936 812 immaculata
961 760 1009 826 [5
1037 758 1169 826 148].

287 840 437 893 “Lec.
460 842 504 909 ij
535 841 683 909 [quae,
720 858 838 893 cum
861 843 1029 904 tertia,
1053 842 1111 893 in
1133 841 1396 908 Legendis
1419 842 1616 891 nost-ris
1641 858 1748 892 non
1770 843 2075 911 invenitur].
2102 845 2206 897 Sed
2231 863 2359 912 quo-

188 923 360 972 “niam
389 923 489 973 hec
523 929 603 975 est
625 925 786 990 Virgo
822 941 922 989 que
956 923 1071 974 sola
1101 926 1363 974 interemit
1394 925 1696 975 universam
1717 925 2001 977 hereticam
2031 931 2358 995 pravitatem,

189 1005 336 1056 “sola
360 1008 429 1057 sit
463 1013 585 1074 post
608 1009 780 1057 Deum
814 1023 913 1072 que
938 1024 1037 1057 nos
1064 1008 1335 1058 confirmet
1356 1009 1414 1057 in
1438 1009 1580 1057 omni
1603 1010 1835 1071 veritate,
1861 1009 2074 1074 suisque
2099 1027 2359 1064 commen-

189 1089 312 1139 “det
335 1090 548 1153 meritis,
581 1094 635 1158 et
655 1090 899 1156 precibus
924 1089 1218 1154 auxilietur,
1258 1095 1318 1139 ut
1339 1090 1442 1156 ipsi
1478 1089 1531 1156 [i.
1556 1106 1614 1153 e.,
1640 1091 1686 1140 si
1707 1090 1841 1142 nihil
1864 1092 2099 1144 omissam
2121 1103 2208 1158 est,
2240 1096 2357 1163 nos]

193 1171 374 1237 “digni
406 1173 735 1223 inveniamur
769 1172 823 1222 in
859 1173 970 1237 ejus
1004 1172 1267 1223 laudibuS.
1298 1173 1489 1222 Merito
1525 1174 1703 1237 itaque
1725 1174 1890 1222 Beata
1912 1174 2080 1225 Maria
2104 1178 2362 1244 singulari

190 1254 470 1320 “preconio
496 1270 528 1304 a
551 1254 703 1305 nobis
729 1255 1008 1318 extollitur,
1044 1271 1144 1318 que
1178 1255 1443 1321 singulare
1469 1256 1834 1306 commercium
1859 1254 1923 1322 [v.
1949 1255 2021 1307 ad
2048 1259 2077 1319 5
2107 1259 2216 1326 150]
2242 1277 2360 1327 pre-

195 1337 343 1388 “buit
365 1337 576 1387 mundo,
601 1338 663 1401 R.
687 1338 852 1387 Beata
876 1354 930 1388 es
957 1336 1006 1403 [5
1035 1336 1165 1403 148].

292 1418 442 1471 “Lea
461 1420 538 1486 iij.
564 1419 668 1470 Sed
688 1420 813 1484 quid
835 1420 1085 1483 dicamus,
1106 1438 1135 1472 o
1155 1417 1293 1483 Dfia,
1319 1434 1436 1470 cum
1457 1420 1520 1471 de
1543 1425 1594 1471 te
1621 1421 1868 1487 quiequid
1886 1423 2167 1474 dixerimus
2191 1425 2360 1476 minor

191 1503 303 1553 “est
326 1502 443 1553 laus
470 1518 625 1567 quam
648 1503 877 1569 dignitas
902 1509 994 1553 tua
1016 1508 1257 1553 meretur.
1285 1503 1342 1553 Si
1366 1503 1549 1554 Celum
1573 1509 1626 1554 te
1648 1520 1850 1568 vocem,
1885 1508 2050 1557 alcior
2074 1522 2146 1557 es.
2174 1507 2231 1557 Si
2248 1507 2359 1570 Ma-

190 1585 356 1635 “trem
380 1586 551 1636 dicam
574 1587 845 1651 Gencium,
876 1586 1137 1653 procellis.
1174 1586 1231 1636 Si
1253 1586 1497 1635 Formam
1530 1588 1630 1636 Dei
1665 1587 1939 1653 appellem,
1976 1588 2137 1655 digna
2161 1592 2358 1642 existis.

187 1668 273 1717 “Si
296 1666 472 1718 Dfiam
495 1668 819 1735 Angelorum
851 1685 1052 1733 vocem,
1087 1684 1181 1735 per
1216 1669 1392 1718 omnia
1416 1684 1531 1720 esse
1556 1670 1928 1737 comprobaris.
1953 1672 2016 1736 R.
2040 1673 2191 1724 Felix
2213 1690 2358 1724 nam—

189 1751 323 1815 “que
350 1749 399 1817 [5
428 1749 593 1817 148].”

282 1833 350 1881 In
373 1833 603 1897 ejusdem
625 1850 750 1884 vero
773 1834 894 1886 libri
911 1832 1154 1901 Praefioeie
1171 1833 1422 1900 Legenda
1437 1837 1501 1899 V,
1527 1841 1586 1886 ut
1609 1851 1766 1902 supra
1791 1836 1879 1902 (ad
1898 1840 1928 1901 ξ
1952 1837 2066 1903 148)
2089 1837 2212 1900 dixi,
2239 1853 2359 1888 cum

182 1921 372 1966 nostra
390 1914 459 1978 et,
492 1920 680 1981 praeter
711 1918 991 1968 verborum
1024 1918 1359 1980 variationeS,
1395 1918 1574 1969 eadem
1602 1924 1697 1983 est,
1724 1919 1978 1970 eteoclem
2001 1920 2156 1970 modo
2183 1920 2358 1970 divisa

178 2001 393 2067 legitur.
428 1999 581 2061 Quod
615 1989 788 2051 autem
823 2000 891 2050 ad
923 2001 1200 2051 verborum
1235 2002 1554 2052 variationes
1580 2003 1778 2066 attinet,
1812 2007 1933 2067 post
1957 2016 2072 2051 eam
2095 2002 2358 2069 Legendae

179 2088 388 2149 partem
412 2098 527 2147 quae
549 2083 604 2132 in
627 2088 774 2132 textu
796 2083 839 2131 L
863 2083 1044 2133 Lectio
1070 2088 1149 2132 est
1169 2083 1335 2149 prima
1353 2079 1443 2146 (de
1463 2099 1566 2147 qua.
1589 2099 1638 2131 v.
1664 2083 1731 2133 ad
1747 2083 2089 2149 praecedentis
2111 2089 2161 2133 et
2179 2084 2246 2133 ad
2262 2085 2359 2134 hu·

173 2167 266 2231 jus
286 2165 499 2233 paginae
517 2164 754 2228 calcem),
775 2166 831 2215 in
852 2164 1039 2214 iisdem
1057 2165 1291 2215 Praefixis
1308 2165 1579 2228 habemus,
1604 2167 1805 2215 “Deum
1822 2167 1960 2215 enim
1980 2167 2174 2233 —ipsa
2191 2168 2246 2216 in
2264 2168 2357 2216 im-

183 2248 481 2300 “maculato
505 2252 652 2298 utero
678 2273 739 2283 -
758 2248 927 2298 Mater
951 2263 1082 2311 esse,
1109 2251 1161 2297 et
1185 2248 1393 2315 Sponsa
1417 2247 1613 2298 Christi
1634 2249 2084 2299 vocari.—Mater
2110 2250 2247 2299 enim
2268 2266 2358 2315 ge-

183 2333 358 2382 “neris
399 2329 509 2396 [pro
536 2346 638 2394 quo
663 2330 712 2379 A
740 2328 991 2396 “genetis]
1026 2331 1194 2379 nostri
1226 2345 1418 2395 penam
1438 2330 1619 2379 intulit
1649 2330 1870 2380 mundo:
1907 2332 2135 2397 genitrix
2166 2331 2361 2381 Christi

184 2412 328 2463 “Di‘ii
351 2412 532 2463 Nostri
554 2412 778 2464 salutem
802 2412 964 2462 edidit
986 2411 1197 2462 mundo·
1223 2441 1287 2449 —
1309 2412 1480 2462 Maria
1515 2412 1750 2462 sanando
1782 2414 1993 2479 profuit.
2016 2440 2082 2450 —-
2105 2414 2361 2467 ineffabili

183 2496 375 2548 “modo
410 2524 476 2533 —
496 2496 699 2560 peperit
724 2493 1097 2546 Salvatorem.‘’

282 2576 322 2645 ἓ
356 2574 564 2644 153.)
589 2578 651 2626 In
674 2578 909 2628 Praefixis
942 2578 987 2627 L
1011 2576 1131 2627 Leo.
1162 2582 1183 2626 1
1215 2581 1317 2628 est:
1358 2577 1553 2627 “Beata
1575 2606 1640 2614 —
1662 2578 1832 2628 Mater
1856 2582 1935 2628 est
1955 2607 2022 2617 -
2045 2578 2110 2630 de
2132 2580 2272 2630 tribu
2295 2606 2359 2617 ·—-

183 2660 622 2726 “Jherusalem(⁰)
638 2688 699 2697 —
716 2659 1180 2726 SanctispiritusG')
1200 2660 1537 2711 sacrarium.'’
1554 2660 1674 2713 Leo.
1699 2667 1750 2711 2:
1772 2663 1959 2727 “Virgo
1980 2669 2178 2725 sancta,
2196 2664 2358 2730 Virgo

181 2746 468 2813 “prudenS,
505 2744 668 2810 Virgo
693 2743 914 2809 pudica3
939 2771 1004 2780 —
1027 2743 1113 2792 Ad
1139 2743 1488 2794 obediendum
1513 2750 1708 2809 parata,
1743 2746 2029 2796 ministerio
2054 2775 2116 2783 -—
2143 2752 2298 2811 atque
2328 2762 2360 2796 a

183 2825 678 2892 “Sanctospiritu(b)
703 2825 1000 2888 fecundata,
1034 2829 1085 2874 et
1107 2825 1172 2877 ab
1198 2826 1381 2875 eodem
1406 2825 1763 2877 obumbrata.”
1787 2827 1906 2879 Lec.
1933 2833 1988 2879 3:
2013 2829 2274 2894 “Autor(c)
2294 2857 2358 2865 —

183 2911 426 2978 “potavit
463 2908 574 2975 [pro
609 2925 711 2974 quo
745 2906 880 2957 male
914 2907 963 2956 A
1000 2906 1274 2973 “portavit]
1299 2934 1364 2943 —-
1387 2909 1595 2958 frondet
1619 2908 1848 2971 frondes»,
1883 2910 2094 2962 frondes
2121 2912 2168 2977 q'
2196 2912 2265 2980 [v.
2291 2913 2360 2963 ad

182 2998 244 3056 “5
275 2993 391 3059 151]
421 2994 533 3042 eius
557 3019 622 3027 —
643 2991 759 3039 Hec
784 2990 921 3039 enim
946 2996 1193 3053 operante
1215 2990 1572 3054 prouidencia,
1600 3007 1666 3040 ex
1682 2991 1858 3040 radice
1876 2991 2070 3044 viciata
2088 2996 2200 3045 sine
2218 2996 2356 3045 uicio

184 3079 417 3146 “prodiit
447 3077 624 3141 Uirga,
658 3090 759 3139 que
792 3073 1105 3139 intelligitur
1133 3073 1437 3124 beatissima
1472 3075 1632 3140 Virgo
1667 3075 1849 3125 Maria.
1884 3077 1966 3127 Tu
2001 3082 2190 3139 autem,
2223 3075 2358 3141 Dfie,

184 3165 469 3213 “miserere
492 3156 715 3208 nostri.''

283 3245 547 3305 Ceterum,
571 3248 629 3292 ut
646 3241 773 3292 alibi
788 3240 843 3289 in
861 3239 965 3290 hoc
990 3239 1142 3290 Msto
1161 3240 1498 3290 Praefixorum
1522 3255 1639 3290 cum
1658 3240 1830 3291 textus
1855 3242 1967 3292 sive
1989 3241 2358 3308 orthographia

181 3328 296 3378 sive
323 3326 679 3391 cacographia
696 3326 803 3374 sere
823 3339 1026 3388 semper
1046 3323 1345 3386 concordat,
1377 3325 1453 3373 sic
1483 3326 1605 3373 etin
1622 3324 1723 3374 hac
1740 3324 1921 3375 ultima
1937 3326 2205 3388 Lectione,
2229 3341 2358 3389 prae-

179 3416 261 3460 ter
285 3410 334 3460 ci
355 3425 454 3475 pro
480 3408 521 3457 ti
539 3405 612 3474 (v.
644 3407 710 3457 ad
736 3408 765 3467 5
794 3407 861 3469 3),
891 3405 1404 3469 “01·bemterrarum'',
1434 3406 1705 3469 “cotidie’',
1742 3413 1794 3457 et
1821 3406 2061 3472 “pulcra''
2085 3408 2359 3457 habemus.

283 3492 346 3541 In
381 3492 723 3556 sequentibus
760 3503 902 3550 ver0,
929 3515 991 3523 -—
1021 3492 1065 3539 1.
1093 3496 1216 3553 post
1252 3487 1501 3557 “posita'',
1537 3490 1582 3539 si
1613 3506 1721 3539 non
1750 3489 2093 3539 omittendum
2122 3489 2356 3554 “atque'’,

181 3615 226 3659 5)
254 3615 297 3652 ln
326 3616 389 3652 Pr.
420 3615 463 3661 L,
492 3623 530 3652 ut
556 3616 594 3652 in
623 3618 670 3662 Α,
697 3616 878 3653 insertum
906 3621 963 3654 est
990 3613 1171 3652 “enim''.
1274 3614 1317 3663 b)
1344 3615 1385 3653 ln
1414 3615 1475 3653 Pr.
1506 3616 1547 3663 L,
1574 3614 1671 3652 “est
1697 3613 1807 3654 ina'u
1932 3611 1978 3664 7)
2007 3615 2072 3653 Sic
2100 3621 2137 3654 et
2162 3616 2200 3653 in
2227 3615 2293 3655 Pr:
2319 3617 2358 3653 Ι..

180 3662 224 3713 8)
255 3665 298 3702 ln
327 3665 385 3703 Pr.
414 3664 456 3711 L,
482 3671 522 3703 ut
548 3667 586 3702 in
613 3667 660 3713 A,
689 3663 947 3703 “conamini-'E

260 3740 305 3789 n)
335 3740 434 3778 vide
463 3739 508 3777 ad
534 3738 562 3791 ᾖ
588 3739 629 3786 3,
656 3751 740 3777 cum
768 3740 895 3778 notula
924 3739 970 3776 nd
998 3739 1145 3788 pagina
1174 3739 1332 3779 calcem.
1435 3737 1519 3788 bb)
1546 3739 1587 3776 ln
1616 3741 1643 3779 Α
1673 3750 1825 3789 quoque
1840 3741 2060 3787 frequenter
2086 3739 2123 3776 in
2151 3750 2261 3777 unam
2289 3751 2362 3777 vo-

180 3802 266 3829 cem
308 3792 556 3836 conjunctum
596 3792 759 3827 occurrit
797 3789 1186 3836 “spuitussanctus't
1312 3789 1353 3838 c)
1380 3790 1498 3839 Supra
1536 3796 1675 3838 tamen,
1715 3793 1753 3828 in
1782 3790 1968 3840 Legenda·
1997 3791 2027 3827 V
2058 3789 2141 3828 Lec.
2167 3789 2207 3838 3,
2235 3790 2364 3828 “auc-

177 3838 323 3880 “trix''
349 3846 512 3888 utroque
537 3841 624 3878 loeo
650 3841 690 3878 in
716 3839 774 3877 his
801 3838 966 3878 Praeflxis
995 3840 1195 3879 invenitur.
