2910 4457
559 429 667 518 xvj
938 442 986 483 m
1014 443 1163 483 con.
1189 443 1395 483 nusum
1420 443 1680 483 minuam!
1705 443 1864 484 sxm
1890 444 2026 484 rsnr.
2051 442 2221 483 usca.
2340 424 2457 496 (An
2474 428 2507 490 ξ
2525 428 2724 480 55-57

562 579 909 643 “dubitamus,
932 584 984 630 et
1005 577 1317 629 admiramur
1342 576 1430 644 [sic
1452 575 1848 645 corrigendum:
1870 578 2028 646 igitur
2050 594 2159 629 non
2182 592 2321 645 pena
2350 578 2408 629 in
2431 577 2615 641 laude,
2639 578 2729 630 sed

565 663 725 715 “fides
759 661 913 733 est.'')
948 663 1067 713 Non
1091 663 1229 712 enim
1250 663 1339 726 ita,
1374 667 1433 712 ut
1453 676 1640 728 passos
1665 661 1951 726 credamus,
1973 667 2183 728 propter
2207 677 2362 727 quem
2384 668 2568 712 autem
2590 663 2732 729 passi

562 748 671 798 sint
699 746 1014 811 dubitemus,
1055 747 1391 810 admiramur3
1432 746 1657 812 ideoque
1701 761 1810 796 non
1848 761 2020 813 poena,
2060 744 2153 796 sed
2192 745 2324 796 fides
2357 759 2390 795 a
2423 746 2590 798 nobis
2621 745 2729 798 lau·

564 830 898 965 dattggoemm
918 927 1014 979 pro
1042 911 1189 963 “Non
1214 909 1381 963 enim''
1407 910 1523 963 cod.
1550 910 1711 962 “Nam
1735 908 1935 974 enim'’;
1962 915 2014 961 et
2034 910 2090 960 in
2115 910 2462 976 sequentibus
2491 910 2634 962 “sub
2657 912 2729 961 ia-

567 999 748 1050 “cuere
774 1025 840 1036 —
862 996 1174 1048 tolleravere
1196 1022 1262 1033 —
1285 994 1447 1046 nichil
1482 999 1564 1046 est
1596 995 1671 1047 eis
1705 992 1984 1063 prosunt”;
2020 999 2073 1045 et
2104 1009 2200 1061 pro
2236 992 2589 1058 “scelestos'’,
2619 993 2731 1044 “ce-

567 1081 593 1109 “
759 1079 788 1104 ’9

596 1080 910 1229 ιθῗὶθιίτίοωοο
936 1161 1308 1214 sceleratorum
1333 1160 1539 1228 peiores
1564 1175 1727 1229 penas
1754 1158 1980 1211 vidimus
2006 1175 2122 1211 esse
2147 1160 2449 1229 perpessos]
2474 1160 2734 1212 Permulti

564 1246 803 1298 scelerati
840 1246 959 1312 plus
998 1261 1153 1312 quam
1187 1243 1397 1312 quidam
1422 1244 1682 1310 Martyres
1728 1243 2079 1310 (nequaquam
2108 1246 2248 1295 enim
2272 1243 2377 1297 hoc
2406 1244 2475 1297 de
2502 1245 2735 1298 omnibus

564 1329 946 1396 accipiendum)
965 1327 1307 1395 proculdubio
1326 1327 1562 1394 perpessi
1581 1333 1720 1378 sunt.

666 1425 896 1475 SUMMO
927 1422 1086 1488 igitur
1103 1427 1153 1471 et
1168 1420 1416 1486 precipuo
1433 1417 1575 1485 loco]
1603 1419 1814 1470 Summe
1835 1419 1997 1487 igitur
2016 1423 2069 1469 et
2089 1420 2366 1485 praecipue.

661 1509 699 1579 β
728 1508 884 1579 56.)
911 1509 1204 1564 Secundum
1225 1509 1521 1577 Matheum]
1556 1510 1706 1562 Adde
1729 1508 1932 1579 ‘⁴((Cap.
1957 1512 2002 1562 5.
2026 1509 2169 1580 A.))”

661 1595 859 1647 Videns
894 1595 1091 1660 turbas,
1122 1594 1160 1645 J
1163 1611 1283 1647 esus
1316 1591 1572 1660 ascendit]
1607 1595 1671 1646 In
1702 1594 1859 1661 Vulg.
1893 1594 2125 1647 “Videns
2150 1599 2324 1645 autem
2343 1595 2381 1646 J
2384 1610 2513 1646 esus
2539 1595 2731 1658 turbas,

568 1676 882 1730 “ascendit''.

663 1759 867 1813 Omelia
897 1760 1049 1811 Beati
1081 1760 1322 1827 Gregorii
1352 1761 1515 1828 Pape.
1554 1758 1645 1826 (V.
1679 1758 1916 1828 Annum]
1949 1760 2052 1813 Pro
2094 1761 2218 1829 “(V.
2257 1759 2528 1827 Amtot.)”
2565 1761 2731 1813 scribe

565 1842 919 1911 «Lavernium,
935 1843 1219 1910 Augustini
1240 1844 1552 1911 Episcopi.»
1565 1842 1621 1894 '':
1645 1861 1699 1896 v.
1721 1844 1873 1894 infra.

662 1931 873 1976 sanctos
896 1924 1196 1992 prophetas]
1223 1925 1351 1978 Cod.
1376 1929 1712 1978 “sanctorum
1732 1926 2026 1995 proph'as”.

663 2025 794 2077 Cum
816 2031 987 2076 autem
1009 2027 1211 2077 minora
1231 2026 1535 2090 minoribus,
1566 2026 1848 2092 maj0ribus
1883 2024 2088 2092 dantur]
2122 2025 2413 2091 Sententia,
2447 2026 2729 2095 dupliciter

564 2109 814 2174 mutilata,
854 2109 930 2159 ita
961 2109 1239 2161 inserendo
1278 2110 1433 2162 simul
1473 2110 1816 2176 addendoque
1848 2108 2159 2176 complenda
2197 2114 2299 2160 est:
2344 2110 2519 2162 “Cum
2561 2119 2729 2163 autem

565 2193 801 2244 “minora
821 2193 1127 2259 minoribus,
1149 2195 1348 2260 majora
1369 2193 1653 2261 majoribus
1679 2193 1883 2259 dantur,
1909 2195 1974 2247 ab
1998 2210 2060 2245 eo
2085 2193 2276 2246 dantur
2298 2193 2392 2260 qui
2413 2192 2568 2246 solus
2586 2194 2729 2246 novit

566 2278 974 2344 “congruentem
1006 2278 1116 2328 suis
1157 2278 1481 2345 temporibus
1515 2280 1701 2345 generi
1722 2278 1951 2329 humano
1976 2278 2219 2330 exhibere
2250 2277 2652 2329 medicinam.”:
2683 2294 2728 2327 v.

569 2360 725 2411 Brev.
747 2360 921 2422 Rom.;
956 2361 1012 2409 in
1037 2376 1139 2426 quo
1163 2367 1330 2412 totum
1350 2362 1472 2425 hoc,
1501 2362 1597 2411 “In
1620 2361 1712 2412 illo
1736 2365 1995 2427 tempore:
2019 2360 2218 2411 Videns
2240 2361 2279 2411 J
2282 2375 2403 2410 esus
2425 2359 2635 2424 turbae,
2655 2376 2731 2411 as·

572 2441 778 2505 “cendit
792 2470 863 2480 —
879 2443 1111 2493 Homilia
1134 2443 1188 2494 S.
1206 2445 1493 2511 Augustini
1511 2444 1778 2511 Episcopi.
1796 2444 1854 2494 Si
1872 2444 2117 2510 quaeritur
2134 2443 2258 2509 quid
2276 2443 2546 2508 significet
2562 2459 2731 2506 mons,

569 2526 730 2578 “bene
769 2525 1075 2592 intelligitur
1107 2527 1401 2593 significare
1434 2528 1634 2592 majora
1655 2556 1720 2565 —
1743 2527 1915 2578 adhuc
1946 2528 2129 2577 timore
2158 2555 2231 2564 —
2252 2526 2510 2577 charitate
2532 2555 2607 2566 —
2630 2543 2731 2578 me-

568 2607 889 2674 “dicinam.'‘,
920 2614 1042 2675 post
1075 2616 1382 2661 consuetum
1404 2610 1684 2679 Euangelii
1706 2609 1931 2675 titulum,
1964 2611 2185 2679 septima
2215 2611 2272 2660 in
2295 2610 2454 2661 Festo
2483 2610 2735 2663 Omnium

568 2692 878 2745 Sanctorum
894 2692 1052 2745 lectio
1078 2698 1171 2745 est.

796 2838 856 2907 6.
938 2838 1036 2925 &a
1079 2844 1384 2909 Commune
1422 2841 1621 2909 Unius
1669 2844 2043 2925 Causennis
2085 2852 2142 2907 et
2182 2842 2504 2927 'antistitis

1244 2954 1398 3009 etita
1439 2943 1689 3025 &empus
1734 2943 2037 3027 vastbale.

667 3051 705 3121 θ
732 3050 889 3123 ῧῚ.)
912 3054 1097 3123 major]
1121 3056 1163 3107 Ι.
1197 3072 1242 3107 e.
1272 3072 1387 3122 quse
1410 3057 1623 3108 duarum
1649 3057 2068 3123 Antiphonarum
2089 3056 2263 3108 verbis
2285 3054 2493 3107 Jzoetum
2514 3056 2740 3111 deduxit

567 3136 928 3204 incipientium
948 3139 1113 3203 major
1137 3143 1238 3189 est:
1275 3141 1340 3190 cf.
1364 3139 1431 3191 ad
1454 3140 1486 3201 ἓ
1513 3144 1557 3190 1.
1592 3139 1897 3205 Antiphona
1928 3144 2101 3190 autem
2133 3138 2374 3190 “Justum
2399 3138 2630 3192 deduxit
2649 3141 2741 3192 mi-

568 3220 700 3271 neo-'²
716 3223 773 3272 in
786 3220 1061 3272 Communi
1072 3222 1240 3274 Unius
1260 3222 1588 3275 Confessoris
1604 3223 1843 3288 Abbatis,
1862 3222 1929 3273 ad
1938 3222 2162 3286 Laudes,
2180 3220 2507 3289 adPrimam,
2526 3232 2583 3277 et
2603 3226 2676 3278 ad
2691 3226 2743 3276 ΙΙ

570 3302 772 3372 Vesp's,
792 3301 879 3371 (ἐξ
905 3309 966 3356 70
991 3310 1042 3356 et
1064 3305 1169 3374 71,)
1189 3306 1390 3359 dicitur.

664 3404 833 3453 Ecca:
864 3395 1119 3448 Sacerdos
1140 3426 1212 3436 —
1232 3396 1626 3466 reconciliatio]
1661 3399 1724 3449 In
1747 3398 1910 3450 Eccl'i
1929 3401 2011 3450 44.
2034 3397 2075 3449 C
2108 3398 2478 3450 inveniuntur:
2504 3400 2612 3454 “16
2635 3401 2742 3453 He·

568 3490 739 3540 “noch
769 3488 966 3556 placuit
992 3486 1158 3553 Deo,”
1193 3494 1245 3538 et
1274 3504 1411 3550 mox,
1438 3490 1549 3539 “17.
1571 3490 1684 3540 Noe
1706 3491 1950 3541 inventus
1975 3495 2056 3541 est
2077 3490 2353 3557 perfectus,
2378 3490 2585 3556 justus,
2612 3499 2670 3544 et
2689 3494 2743 3543 in

569 3572 832 3637 “tempore
853 3570 1135 3621 iracundiae
1156 3571 1326 3621 factus
1351 3576 1432 3622 est
1450 3570 1857 3622 reconciliatio.”

674 3652 894 3714 Quando
915 3653 973 3703 ix
994 3652 1229 3704 lectiones
1251 3652 1332 3704 vel
1352 3652 1428 3719 iij,
1462 3669 1574 3703 cum
1586 3653 1814 3719 propria
1834 3653 2065 3719 historia,
2097 3655 2177 3707 vel
2199 3671 2310 3707 cum
2324 3657 2575 3722 propriis
2599 3658 2743 3710 Lau·

571 3735 734 3798 olibae,
765 3734 1035 3804 habentur]
1068 3737 1131 3788 In
1161 3737 1248 3788 “ix
1270 3736 1508 3788 lectiones
1538 3738 1619 3788 vel
1638 3737 1703 3804 iij
1712 3736 1740 3759 '‘
1769 3738 2165 3806 intelligendum
2188 3743 2269 3788 est
2295 3738 2354 3789 ἕω
2386 3739 2471 3790 vel
2502 3741 2575 3808 ἐϋ
2607 3742 2742 3795 lecti·

570 3834 719 3882 ones,-
749 3818 805 3869 id
830 3819 970 3884 quod
1002 3835 1035 3870 a
1063 3820 1168 3874 fine
1190 3819 1510 3888 paragraphi
1533 3820 1730 3872 clarum
1751 3820 1825 3873 fit.
1850 3819 2140 3874 Historiam
2159 3837 2283 3873 vero
2304 3824 2603 3888 propriam
2636 3840 2741 3877 non
