2910 4457
511 283 592 345 98
1432 300 1672 342 sunno

512 415 624 527 {⁰³³
659 419 749 487 :et
771 419 978 465 sanctus
997 414 1052 464 in
1072 414 1310 464 omnibus
1334 416 1502 477 operi-

550 489 752 526 ussuis.

577 539 775 587 Allevat
789 536 899 585 Diis
913 549 1091 585 omnes
1108 537 1200 598 qui
1220 542 1469 586 corruunt
1485 553 1501 588 ε

514 605 564 651 et
582 601 734 661 erigit
752 612 928 648 omnes
946 600 1113 647 elisos·

577 661 724 711 Oculi
741 661 973 708 omnium
991 661 1044 707 in
1062 667 1109 708 te
1124 665 1344 721 sperant,
1358 660 1500 710 Dine:

513 727 563 775 et
581 728 638 771 tu
670 723 761 771 das
786 734 952 771 escam
973 722 1180 771 illorum
1200 722 1254 770 in
1280 727 1503 781 tempore

514 789 815 845 opportuno.

578 845 764 906 Aperis
796 850 851 893 tu
872 856 1086 893 manum
1119 849 1262 893 tuam
1293 849 1377 893 :et
1397 844 1505 892 im-

513 908 622 970 ples
644 919 795 956 omne
813 907 1005 955 animal
1030 907 1393 956 benedictione.

577 970 607 1019 J
612 975 756 1018 ustus
774 969 884 1017 Diis
904 970 957 1016 in
980 969 1218 1016 omnibus
1238 968 1336 1017 viis
1354 967 1465 1016 suis
1485 979 1500 1014 ε

515 1036 565 1081 et
582 1036 790 1080 sanctus
801 1031 855 1078 in
873 1031 1112 1078 omnibus
1124 1030 1359 1089 operibus
1374 1030 1502 1080 suiS.

576 1093 739 1153 Prope
758 1096 832 1140 est
855 1091 965 1139 nas
988 1092 1228 1139 omnibus
1254 1091 1504 1139 invocan-

512 1155 653 1203 tibus
689 1165 807 1202 eum
843 1153 1118 1202 :omnibus
1150 1153 1504 1202 invocantibus

514 1228 633 1265 eum
651 1216 703 1263 in
726 1214 953 1262 veritate.

576 1277 902 1325 Voluntatem
924 1276 1217 1324 timentium
1242 1287 1296 1324 se
1318 1272 1499 1324 faciet:

513 1343 563 1387 et
598 1339 994 1397 deprecationem
1037 1351 1213 1387 eorum
1242 1338 1502 1398 exaudiet,

513 1405 564 1451 et
583 1402 749 1449 salvos
771 1399 915 1447 saciet
934 1412 1035 1449 eos,

576 1461 808 1511 Custodit
860 1462 967 1510 Diis
1022 1472 1198 1509 omnes
1240 1460 1507 1521 diligentes

513 1536 569 1574 se
602 1539 617 1574 ι
648 1529 698 1573 et
726 1535 903 1572 omnes
922 1529 1201 1583 peccatores
1230 1523 1505 1581 disperdet.

577 1585 944 1634 Laudationem
999 1585 1100 1633 1)ῇί
1164 1584 1395 1644 loquetur
1448 1596 1505 1632 os

515 1660 689 1696 meum
733 1662 747 1696 :
788 1652 837 1696 et
877 1647 1138 1694 benedicat
1180 1646 1350 1693 omnis
1389 1657 1506 1694 caro

518 1710 717 1757 nomini
728 1712 902 1757 sancto
917 1708 1027 1765 ejus
1042 1708 1095 1756 in
1112 1708 1373 1766 saeculum,
1384 1711 1433 1756 et
1448 1708 1505 1755 in

516 1772 759 1820 saeculum
784 1769 973 1818 saeculi.

580 1833 755 1882 Gloria
792 1830 952 1880 Patri.
984 1832 1047 1878 Δ.
1083 1829 1144 1878 In
1174 1834 1422 1879 aeternum
1455 1834 1506 1879 et

514 1892 573 1942 in
594 1894 835 1944 saeculum
859 1892 1048 1940 saeculi.

808 1954 1049 2002 Psalmus
1072 1952 1209 2002 cmlv.

598 2016 730 2065 auda
750 2017 922 2065 anima
955 2027 1067 2064 mea
1098 2015 1265 2076 Diim3
1290 2013 1506 2063 laudabo

601 2080 737 2126 Diim
760 2079 814 2126 in
844 2078 947 2126 vita
972 2089 1083 2125 mea
1122 2091 1135 2123 t
1168 2077 1381 2137 psallam
1403 2077 1507 2125 Deo

518 2152 630 2188 meo
646 2141 876 2201 quandiu
894 2140 1052 2187 suem.

581 2202 745 2252 Nolite
776 2202 1023 2251 confidere
1054 2200 1107 2249 in
1139 2198 1458 2261 principibus
1491 2213 1505 2248 ε

516 2264 571 2312 in
605 2263 727 2311 filiis
758 2264 1056 2322 hominum,
1094 2263 1148 2311 in
1181 2262 1371 2323 quibus
1402 2273 1506 2310 non

517 2329 592 2374 oet
611 2326 768 2373 saluS.

576 2386 747 2433 Exibit
767 2385 979 2445 spiritus
999 2384 1128 2443 eiuS‚
1155 2390 1204 2433 et
1227 2388 1505 2433 revertetur

515 2447 571 2494 in
592 2451 780 2495 terram
797 2457 942 2494 suam
962 2461 976 2494 ε
995 2447 1047 2492 in
1067 2446 1153 2492 illa
1168 2446 1250 2493 die
1269 2445 1508 2505 peribunt

517 2520 695 2557 omnes
713 2508 1040 2568 cogitationes
1059 2519 1256 2555 eorum.

578 2571 765 2620 Beatus
795 2569 944 2629 cujus
963 2570 1099 2618 Deus
1129 2569 1283 2617 Jacob
1302 2568 1508 2627 adjutor

514 2632 652 2693 eius,
690 2645 804 2692 spes
821 2632 933 2692 ejus
964 2631 1017 2681 in
1048 2632 1162 2680 Dno
1183 2632 1286 2680 Deo
1318 2631 1506 2691 ipsiuS,

517 2695 605 2755 qui
632 2694 746 2744 fecit
770 2696 950 2743 coelum
986 2698 1034 2743 et
1055 2699 1270 2744 terram:
1293 2705 1433 2743 mare
1460 2697 1510 2742 et

518 2758 690 2805 omnia
713 2770 824 2818 quae
845 2757 898 2804 in
921 2757 994 2805 eis
1014 2761 1153 2804 sunt.

578 2819 683 2879 Qui
713 2819 931 2866 custodit
965 2818 1228 2867 veritatem
1262 2817 1316 2865 in
1352 2828 1511 2866 saecu-

512 2879 654 2937 lum3
689 2879 805 2926 facit
842 2879 1093 2936 judicium
1132 2880 1375 2938 iniuriam
1417 2891 1508 2937 pa-

515 2939 788 2989 tientibus:
822 2940 908 2987 dat
944 2951 1107 2987 escam
1145 2940 1507 2988 esurientibuS.

579 3001 690 3048 Diis
709 3000 859 3048 solvit
890 3001 1195 3059 compeditos
1220 3015 1234 3050 t
1256 3001 1365 3049 Diis
1386 3001 1509 3048 illu-

525 3063 693 3112 minat
713 3073 884 3111 caecoS.

580 3124 690 3173 Diis
745 3124 898 3186 erigit
941 3121 1089 3171 elisos
1135 3137 1150 3171 ι
1190 3122 1299 3170 Diis
1338 3122 1509 3182 diligit

547 3191 706 3235 ustoS.

521 3187 542 3248 j
581 3249 691 3296 Diis
719 3247 937 3296 custodit
972 3246 1216 3306 advenas3
1256 3244 1506 3306 pupillum

518 3315 568 3361 et
590 3310 795 3359 viduam
822 3308 1062 3368 suscipiet
1085 3322 1098 3357 ε
1131 3312 1179 3357 et
1199 3308 1308 3356 vias
1329 3320 1509 3368 pecca-

520 3379 691 3423 torum
714 3372 987 3432 disperdet.

582 3433 833 3496 Regnabit
877 3435 985 3481 Diis
1022 3432 1076 3481 in
1117 3430 1325 3492 saecula3
1370 3432 1507 3482 Deus

1596 417 1720 461 tuus
1739 411 1860 462 Sion
1885 425 1899 461 ε
1922 411 1977 461 in
2004 410 2322 471 generatione
2352 415 2403 461 et
2436 424 2594 474 gene-

1597 474 1868 523 rationem.

1661 535 1835 584 Gloria
1866 533 2028 582 Patri.
2049 535 2113 582 A.
2148 534 2389 584 Laudabo
2420 535 2594 587 Deum

1598 609 1772 646 meum
1790 597 1843 644 in
1865 597 1969 644 vita
1988 607 2117 644 mea.

1880 657 2123 705 Psalmus
2148 656 2305 717 cxlvj.

1681 719 1861 767 audate
1880 720 2016 767 Dum
2033 755 2046 778 ,
2066 719 2310 779 quoniam
2330 719 2496 770 bonus
2515 726 2601 770 est

1684 781 1909 840 psalmus
1933 796 1945 829 :
1967 781 2070 829 Deo
2093 785 2262 829 nostro
2282 781 2599 841 sitJucunda

1597 842 1874 903 decoraque
1894 842 2132 890 laudatio.

1663 905 1943 952 AEdificans
1971 903 2292 953 Hierusalem
2312 904 2423 953 Dfis
2446 906 2597 956 :dis-

1599 966 1859 1027 persiones
1880 966 2083 1014 Israelis
2100 967 2440 1026 congregabit.

1663 1027 1768 1088 Qui
1789 1033 1935 1076 sanat
1954 1027 2195 1075 contritos
2210 1029 2383 1078 corde:
2406 1033 2456 1077 et
2476 1029 2600 1079 alli-

1599 1094 1684 1149 gat
1705 1090 2029 1137 contritiones
2049 1100 2243 1137 eorum.

1662 1149 1766 1210 Qui
1788 1156 2024 1199 numerat
2055 1150 2435 1199 multitudinem
2467 1153 2599 1202 stel-

1600 1212 1766 1260 larum
1782 1217 1854 1261 :et
1865 1212 2107 1261 omnibus
2119 1213 2194 1261 eis
2207 1214 2414 1261 nomina
2425 1220 2595 1264 vocat.

1660 1274 1886 1334 Magnus
1897 1275 2006 1322 Diis
2023 1279 2207 1332 noster,
2223 1279 2270 1322 et
2286 1287 2471 1335 magna
2486 1277 2599 1325 vir-

1599 1339 1683 1383 tus
1703 1335 1814 1394 ejus
1838 1351 1851 1386 :
1879 1341 1929 1385 et
1955 1336 2216 1396 sapientiae
2245 1336 2356 1396 eius
2387 1350 2490 1386 non
2514 1344 2600 1388 oet

1602 1409 1870 1445 numeruS.

1663 1459 1955 1519 Suscipiens
1984 1462 2275 1507 mansuetos
2304 1459 2415 1508 Diis
2440 1474 2454 1509 ε
2490 1459 2599 1510 bu-

1602 1520 1811 1569 milians
1828 1527 1998 1571 autem
2033 1525 2310 1580 peccatores
2338 1534 2502 1582 usque
2525 1525 2596 1573 ad

1601 1586 1808 1631 terram.

1663 1644 1929 1692 Praecinite
1967 1644 2082 1691 1)ῆο
2124 1643 2177 1691 in
2220 1644 2534 1695 consessione
2576 1663 2591 1697 ε

1600 1706 1798 1765 psallite
1812 1706 1914 1753 Deo
1934 1710 2105 1753 nostro
2127 1706 2180 1752 in
2202 1706 2411 1755 cithara.

1664 1767 1768 1827 Qui
1808 1768 1970 1827 operit
2008 1768 2191 1815 coelum
2226 1768 2451 1817 nubibus
2491 1784 2505 1818 :
2543 1776 2597 1819 et

1602 1834 1746 1888 parat
1770 1834 1914 1877 terrae
1937 1829 2182 1888 pluviam.

1666 1890 1768 1951 Qui
1786 1891 2015 1951 producit
2028 1892 2080 1938 in
2097 1890 2358 1940 montibus
2367 1891 2565 1941 soenum
2584 1908 2599 1943 ι

1601 1955 1650 2001 et
1671 1952 1876 2001 herbam
1900 1953 2135 2001 servituti
2155 1953 2445 2002 hominum.

1664 2013 1765 2074 Qui
1780 2015 1867 2062 dat
1882 2014 2132 2073 jumentis
2148 2027 2316 2063 escam
2333 2014 2597 2073 ipsorum:

1601 2078 1651 2124 et
1707 2076 1862 2136 pullis
1915 2087 2183 2125 corvorum
2237 2075 2599 2127 invocantibus

1602 2148 1739 2185 eum.

1666 2199 1777 2249 Non
1817 2199 1870 2247 in
1898 2198 2193 2248 fortitudine
2221 2198 2338 2260 equi
2359 2199 2599 2249 volunta-

1602 2265 1702 2310 tem
1725 2259 1928 2310 habebit
1954 2277 1967 2310 z
1989 2274 2080 2310 nec
2099 2261 2154 2310 in
2170 2262 2311 2309 tibiis
2331 2262 2430 2310 viri
2451 2262 2600 2311 bene·

1606 2323 1846 2382 placitum
1867 2323 1964 2371 erit
1983 2324 2048 2372 ei.

1667 2385 2043 2444 Beneplacitum
2077 2389 2154 2433 est
2199 2384 2312 2432 Dfio
2343 2396 2496 2444 super
2523 2386 2601 2433 ti-

1605 2453 1798 2494 mentes
1819 2460 1936 2495 eum
1971 2462 1985 2496 ι
2014 2451 2064 2495 et
2093 2447 2146 2494 in
2175 2446 2250 2493 eis
2276 2447 2366 2507 qui
2385 2452 2602 2506 sperant

1603 2519 1754 2567 super
1777 2508 2123 2557 misericordia
2139 2507 2182 2567 ej
2191 2520 2268 2555 uS.

1668 2570 1840 2618 Gloria
1875 2570 2035 2618 Patri.
2073 2571 2136 2618 Δ.
2169 2570 2272 2618 Deo
2306 2573 2478 2618 nostro
2509 2571 2604 2631 ju-

1599 2622 1771 2680 cunda
1791 2631 1859 2680 sit
1873 2631 2116 2681 laudatio.

1895 2693 2137 2740 Psalmus
2168 2691 2345 2752 cxlvij.

1688 2754 1817 2803 auda
1854 2755 2175 2803 Hierusalem
2216 2754 2354 2802 Dfim
2392 2765 2408 2799 ι
2444 2753 2604 2804 lauda

1689 2816 1851 2865 Deum
1879 2821 2027 2864 tuum
2052 2817 2196 2865 Sion.

1667 2878 1920 2937 Quoniam
1946 2876 2246 2926 confortavit
2267 2887 2405 2924 seras
2429 2882 2608 2935 porta-

1606 2950 1721 2987 rum
1762 2944 1967 2987 tuarum
2001 2955 2014 2987 ε
2054 2938 2306 2988 benedixit
2341 2937 2460 2986 filiis
2495 2940 2609 2989 tuis

1607 3000 1660 3048 in
1693 3005 1760 3048 te.

1668 3061 1773 3121 Qui
1804 3060 1971 3121 posuit
2001 3061 2126 3110 fines
2160 3066 2274 3110 tuos
2298 3073 2471 3121 pacem
2503 3076 2519 3111 ε
2555 3068 2610 3111 et

1605 3123 1751 3183 adipe
1773 3123 2014 3171 frumenti
2036 3125 2187 3172 satiat
2221 3129 2285 3171 te.

1667 3185 1770 3245 Qui
1785 3185 1971 3233 emittit
1979 3186 2236 3245 eloquium
2260 3195 2414 3233 suum
2425 3189 2576 3234 terrae
2592 3201 2607 3235 z

1607 3247 1838 3295 velociter
1856 3248 2018 3294 currit
2039 3259 2204 3295 sermo
2221 3246 2348 3304 eJuS.

1667 3309 1770 3369 Qui
1787 3310 1873 3356 dat
1890 3309 2057 3358 nivem
2074 3309 2208 3357 sicut
2225 3309 2396 3356 lanam
2418 3322 2432 3356 z
2451 3308 2611 3357 nebu-

1607 3371 1706 3419 lam
1730 3370 1863 3418 sicut
1884 3370 2104 3418 cinerem
2127 3370 2339 3429 spargit.

1663 3431 1827 3483 Mittit
1844 3431 2137 3491 crystallum
2155 3442 2300 3479 suam
2318 3430 2452 3479 sicut
2474 3430 2614 3479 buc-—
