2910 4457
575 313 692 378 100

720 445 818 496 An
848 444 1416 506 COMPLETORIUM,

635 526 784 576 Dicto
797 528 942 576 Pater
962 531 1128 575 noster
1153 530 1205 575 et
1228 526 1340 575 Ave
1365 525 1560 585 Maria,

814 605 1040 666 Incipiat
1059 605 1304 653 Sacerdos
1316 623 1332 652 .-

659 671 861 715 onverte
872 679 963 715 nos
976 667 1113 715 Deus
1124 667 1361 715 salutaris
1374 669 1562 715 noster.

660 739 723 790 ψ.
740 728 805 776 Et
820 733 988 776 averte
1010 729 1141 777 iram
1158 734 1299 778 tuam
1323 741 1351 777 a
1368 729 1532 777 nobiS.

620 789 823 838 Deusin
833 791 1145 849 adjutorium
1156 791 1565 839 meumintende.

575 851 686 899 Dfie
706 852 768 899 ad
792 852 1142 911 adjuvandum
1166 864 1249 900 me
1270 852 1469 900 festina.

644 912 834 974 [Gloria
855 914 1014 974 Patri,
1038 919 1087 962 et
1103 913 1232 962 Filio
1248 949 1263 972 ,
1287 919 1336 962 et
1351 911 1566 973 Spiritui

575 973 779 1023 Sancto.
810 975 952 1024 Sicut
980 981 1088 1024 erat
1117 975 1171 1023 in
1209 975 1483 1035 principio,
1519 979 1567 1023 et

577 1048 732 1096 nunc,
760 1041 810 1086 et
829 1050 1027 1098 semper
1040 1074 1055 1096 ‚
1080 1042 1127 1085 et
1147 1038 1201 1084 in
1217 1037 1398 1085 saecula
1414 1049 1567 1085 saecu·

576 1098 771 1157 lorum,
807 1098 1001 1161 Amen3
1035 1098 1281 1157 Alleluia,
1322 1099 1398 1145 vel
1427 1099 1567 1147 Laus

576 1159 672 1208 tibi
707 1161 843 1219 Due,
877 1162 982 1208 Rex
1016 1166 1213 1209 aeternae
1246 1160 1442 1221 gloriae,
1465 1173 1566 1221 pro

578 1222 818 1282 temporis
839 1221 1168 1283 diversitate]

796 1308 829 1371 ff
855 1309 1243 1369 Complatorium
1256 1309 1306 1370 j.

892 1370 1135 1418 Psalmus
1165 1371 1263 1432 iiij.

663 1429 753 1480 um
767 1432 1052 1482 invocarem
1069 1433 1323 1481 exaudivit
1338 1444 1420 1481 me
1430 1431 1570 1482 Deus

659 1494 868 1552 justitiae
890 1507 1044 1544 meae:
1067 1495 1121 1543 in
1145 1495 1470 1544 tribulatione
1489 1495 1568 1545 di-

578 1556 748 1604 latasti
771 1557 919 1605 mihi.

640 1618 884 1668 Miserere
916 1618 1018 1667 mei
1051 1622 1135 1668 :et
1165 1618 1345 1666 exaudi
1380 1616 1569 1666 oratio-

579 1689 698 1726 nem
720 1691 908 1727 meam.

641 1739 762 1787 Filii
793 1740 1088 1798 bominum,
1128 1751 1390 1801 usquequo
1424 1739 1570 1799 gravi

579 1800 761 1849 corde?
788 1807 842 1848 ut
864 1801 986 1860 quid
1017 1800 1232 1860 diligitis
1260 1802 1567 1862 vanitatem,

579 1865 629 1911 et
649 1863 876 1922 quaeritis
897 1862 1218 1911 mendacium
1231 1864 1258 1912 ‘t

644 1923 708 1972 Et
761 1925 935 1972 scitote
982 1924 1226 1984 quoniam
1274 1924 1571 1973 mirificavit

579 1984 691 2034 an
713 1991 948 2035 sanctum
984 1998 1138 2034 suum
1159 2003 1173 2037 ι
1194 1987 1306 2036 Dus
1340 1987 1571 2035 exaudiet

580 2058 664 2095 me
685 2046 804 2096 cum
827 2049 1107 2097 clamavero
1127 2050 1189 2098 ad
1212 2062 1350 2099 eum.
1404 2063 1407 2066 ¹

644 2109 952 2169 Irascimini,
971 2114 1019 2159 et
1036 2111 1189 2159 nolite
1210 2123 1409 2171 peccare
1425 2124 1438 2157 ε
1457 2121 1570 2172 quae

580 2172 749 2220 dicitis
763 2173 816 2219 in
835 2173 1070 2221 cordibus
1086 2174 1284 2233 vestris,
1308 2179 1356 2222 et
1368 2174 1422 2221 in
1436 2172 1573 2222 cubi-

583 2235 719 2282 libus
739 2236 921 2283 vestris
936 2237 1361 2297 compungimini.

645 2296 928 2345 Sacrificate
950 2299 1258 2347 sacrificium
1278 2296 1508 2358 justitiae,
1524 2300 1573 2344 et

581 2362 776 2417 sperate
797 2358 851 2405 in
867 2358 981 2405 Dno
1002 2374 1015 2408 z
1038 2361 1190 2408 multi
1210 2361 1413 2419 dicunt,
1439 2358 1572 2419 Quis

581 2419 800 2467 ostendit
822 2420 966 2466 nobis
986 2420 1149 2469 bona?

647 2479 916 2538 Signatum
960 2485 1035 2528 est
1074 2494 1225 2540 super
1267 2493 1360 2529 nos
1395 2480 1571 2528 lumen

581 2540 756 2590 vultus
784 2542 859 2589 tui
882 2540 991 2591 Dfie
1016 2543 1235 2592 :dedisti
1265 2543 1492 2591 laetitiam
1516 2542 1571 2591 in

581 2603 730 2652 corde
746 2616 876 2652 meo.

645 2665 696 2713 A
730 2663 898 2714 fructu
928 2664 1198 2727 frumenti,
1235 2667 1363 2727 vini,
1395 2670 1444 2715 et
1476 2665 1572 2715 olei

582 2727 663 2776 sui
691 2742 705 2777 ε
727 2728 1051 2789 multiplicati
1073 2734 1212 2778 sunt.

645 2789 848 2861 InUpace
877 2790 931 2838 in
960 2790 1221 2850 idipsum:
1243 2790 1497 2840 dormiam
1526 2793 1575 2838 et

584 2861 639 2897 re
676 2862 917 2898 uieseam.

641 2862 904 2970 Quoniam
937 2915 992 2958 tu
1024 2911 1136 2960 Dne
1156 2913 1485 2974 singulariter
1518 2913 1573 2961 in

584 2983 671 3031 spe
692 2986 705 3020 :
724 2973 1031 3020 constituisti
1052 2985 1152 3020 rne.

585 3095 622 3144 S
648 3032 821 3081 Gloria
849 3034 1008 3093 Patri,
1043 3038 1092 3082 et
1112 3034 1271 3083 Filio:
1290 3040 1339 3083 et
1358 3034 1575 3095 Spiritui

622 3100 786 3143 aneto.
1008 3125 1014 3129 -

647 3157 789 3205 Sicut
808 3161 916 3205 erat
944 3154 1000 3204 in
1031 3156 1306 3217 principio,
1330 3162 1379 3206 et
1408 3169 1572 3217 nunc,

583 3224 637 3330 {t
660 3231 859 3279 semper
879 3219 1030 3268 :etin
1051 3219 1233 3268 saecula
1253 3219 1572 3268 saeculorum.

640 3293 776 3329 men.

882 3342 1126 3391 Psalmus
1147 3354 1283 3391 xxx.

592 3416 677 3516 In
692 3407 741 3453 te
756 3404 866 3453 Dine
880 3405 1095 3465 speravi,
1115 3416 1215 3451 non
1228 3405 1508 3453 confundar
1523 3404 1575 3453 in

642 3473 793 3517 aetern
800 3479 887 3517 um
900 3482 913 3516 ε
932 3466 1192 3527 injustitia
1205 3472 1292 3515 tua
1307 3467 1463 3517 libera
1476 3478 1575 3515 me.

1320 333 1393 373 ΔΙ)
1435 333 1886 378 communiunt.

1721 444 1920 495 Inclina
1933 445 1996 496 ad
2013 458 2098 497 me
2115 457 2294 498 aurem
2315 451 2458 497 tuam
2481 461 2496 496 ι
2517 458 2660 498 acoe-

1660 508 1764 557 lera
1789 512 1846 555 ut
1861 520 2010 556 eruas
2028 520 2127 557 me.

1723 568 1845 618 Esto
1872 570 2002 618 mibi
2026 570 2079 617 in
2102 570 2264 618 Deum
2289 572 2660 632 protectorem,

1661 634 1709 738 ξι
1727 631 1780 702 in
1801 631 2013 681 domum
2035 631 2218 693 refugii
2236 646 2249 680 ι
2269 635 2326 679 ut
2344 632 2546 681 salvum
2570 645 2663 683 me

1681 704 1835 740 aciaS.

1723 753 1981 814 Quoniam
2015 753 2254 803 fortitudo
2281 766 2396 803 mea
2421 758 2469 803 et
2506 754 2665 803 refu-

1664 814 1808 875 gium
1825 827 1997 863 meum
2010 829 2063 865 es
2078 821 2136 863 tu
2153 832 2166 866 ε
2183 822 2232 866 et
2247 821 2446 876 propter
2463 828 2663 866 nomen

1661 882 1811 924 tuum
1835 877 2051 926 deduces
2084 889 2183 937 me,
2206 883 2255 926 et
2274 877 2499 926 enutries
2519 890 2630 927 me.

1724 938 1922 987 Educes
1953 952 2036 988 me
2068 940 2130 988 de
2168 940 2343 999 laqueo
2375 939 2468 987 hoc
2497 952 2664 999 quem

1662 999 2037 1049 absconderunt
2059 1001 2225 1050 mihi:
2248 1001 2493 1062 quoniam
2520 1006 2581 1050 tu
2604 1014 2663 1051 es

1663 1067 1910 1121 protector
1931 1075 2095 1110 meus·

1724 1125 1784 1172 In
1818 1136 2005 1172 manus
2037 1130 2153 1172 tuas
2172 1123 2469 1171 commendo
2493 1123 2665 1183 spiri-

1661 1188 1775 1234 tum
1788 1197 1962 1234 meum
1979 1200 1992 1235 :
2005 1184 2268 1235 redemisti
2283 1198 2382 1246 me,
2393 1185 2505 1235 Due
2517 1185 2666 1235 Deus

1663 1246 1907 1295 veritatiS.

1725 1308 1897 1359 Gloria
1914 1309 2073 1357 Patri.

1976 1371 2223 1418 Psalmua
2253 1382 2339 1419 aec.

1747 1432 1803 1479 ui
1820 1432 2012 1480 habitat
2027 1432 2080 1479 in
2098 1432 2349 1490 adiutorio
2362 1430 2630 1481 Altissimi
2650 1446 2665 1480 ε

1663 1446 1802 1603 gin
1822 1494 2124 1554 protectione
2140 1494 2232 1543 Dei
2248 1494 2359 1543 coeli
2380 1505 2668 1542 commora-

1701 1571 1717 1605 1
1743 1568 1822 1603 ur.

1727 1617 1869 1665 Dicet
1883 1617 2021 1677 Dfio,
2054 1616 2320 1676 Susceptor
2341 1628 2487 1665 meus
2511 1629 2568 1666 es
2585 1622 2665 1677 tu,

1665 1682 1714 1728 et
1729 1678 1985 1739 refugium
2003 1692 2176 1727 meum
2189 1679 2349 1729 :Deus
2364 1690 2528 1738 meua,
2546 1691 2669 1740 spe-

1666 1740 1787 1788 rabo
1809 1742 1861 1789 in
1880 1752 2017 1789 eum.

1730 1802 1985 1862 Quoniam
2010 1802 2116 1861 ipse
2138 1801 2369 1851 liberavit
2396 1813 2481 1849 me
2501 1801 2565 1850 de
2586 1800 2667 1851 la-

1665 1874 1793 1922 queo
1814 1864 2111 1912 venantium
2138 1878 2151 1912 :
2173 1869 2221 1912 et
2241 1877 2270 1912 a
2293 1864 2444 1912 verbo
2463 1875 2665 1922 aspero.

1728 1924 1958 1986 Scapulis
1983 1926 2093 1973 suis
2113 1925 2437 1974 obumbrabit
2456 1925 2554 1973 tibi
2578 1941 2593 1975 z
2615 1930 2667 1974 et

1666 1987 1763 2036 sub
1787 1987 1968 2046 pennis
1982 1986 2092 2045 eJ‘us
2106 1988 2349 2046 sperabis,

1728 2049 1880 2098 Scuto
1895 2049 2212 2096 circundabit
2234 2054 2282 2097 te
2304 2048 2492 2097 veritas
2512 2048 2665 2110 ejus:

1669 2123 1770 2159 non
1789 2110 1991 2159 timebis
2010 2123 2037 2158 a
2059 2110 2240 2158 timore
2265 2116 2534 2158 nocturn0.

1733 2172 1782 2222 A
1804 2173 1986 2233 sagitta
2003 2173 2200 2220 volante
2222 2172 2275 2219 in
2298 2172 2397 2231 die,
2416 2184 2445 2219 a
2464 2171 2667 2232 negotio

1667 2235 2048 2295 perambulante
2079 2235 2132 2282 in
2166 2235 2389 2283 tenebris
2423 2250 2437 2283 ε
2468 2235 2534 2283 ab
2575 2236 2668 2283 in-

1668 2308 1841 2354 cursu,
1874 2302 1921 2343 et
1947 2297 2196 2344 daemonio
2216 2296 2521 2345 meridiano.

1731 2358 1921 2407 Cadent
1937 2370 1966 2405 a
1985 2359 2133 2406 latere
2149 2363 2235 2405 tuo
2249 2358 2405 2416 mille,
2425 2363 2475 2405 et
2490 2357 2666 2406 decem

1669 2420 1830 2467 millia
1846 2432 1875 2467 a
1889 2420 2078 2468 dextris
2094 2419 2299 2470 tuiszad
2315 2425 2361 2468 te
2369 2424 2544 2469 autem
2561 2432 2666 2468 non

1669 2481 2111 2541 appropinquabit.

1730 2542 2077 2591 Veruntamen
2105 2542 2264 2591 oculis
2288 2542 2392 2590 tuis
2423 2542 2670 2591 conside-

1670 2604 1842 2714 racliiigf
1859 2608 1907 2652 et
1928 2604 2314 2655 retributionem
2338 2609 2667 2664 peccatorum

1669 2676 1718 2714 vi
1757 2679 1783 2714 e
1821 2678 1882 2714 is.

1733 2727 1989 2787 Quoniam
2007 2732 2064 2775 tu
2084 2740 2140 2777 es
2155 2727 2265 2775 Dfie
2280 2738 2394 2787 spes
2410 2738 2524 2774 mea
2546 2742 2560 2775 ε
2577 2727 2671 2775 Al-

1668 2789 1928 2837 tissimum
1953 2789 2166 2848 posuisti
2183 2788 2439 2850 refugium
2461 2793 2638 2837 tuum.

1732 2851 1844 2900 Non
1865 2852 2063 2900 accedet
2085 2852 2148 2899 ad
2184 2855 2229 2899 te
2253 2851 2476 2899 malum:
2502 2854 2553 2898 et
2575 2849 2673 2898 ssa-

1670 2912 1857 3021 gelllum
1877 2925 1975 2960 non
1993 2912 2417 2974 appropinquabit
2429 2910 2674 2961 taberna·

1670 2986 1733 3022 cu
1755 2987 1783 3021 o
1806 2978 1910 3021 tu0.

1733 3035 1987 3094 Quoniam
2023 3036 2220 3095 angelis
2254 3036 2365 3083 suis
2401 3035 2674 3084 mandavit

1669 3097 1730 3145 de
1752 3102 1827 3145 te:
1850 3100 1907 3144 ut
1937 3098 2224 3146 custodiant
2253 3103 2300 3145 te
2335 3097 2390 3145 in
2423 3097 2674 3146 omnibus

1670 3158 1771 3206 viis
1790 3158 1913 3206 tuis.

1734 3221 1793 3267 In
1811 3219 2051 3268 manibus
2070 3220 2343 3279 portabunt
2362 3223 2411 3267 te
2430 3234 2444 3270 ε
2464 3231 2530 3267 ne
2542 3219 2675 3268 sorte

1671 3281 1893 3330 offendas
1909 3282 1971 3329 ad
1993 3281 2209 3341 lapidem
2232 3281 2407 3341 pedem
2431 3286 2608 3330 tuum.

1733 3343 1894 3401 Super
1912 3343 2137 3402 aspidem
2165 3347 2214 3390 et
2237 3342 2534 3391 basiliscum
2555 3355 2673 3392 am-

1672 3403 1902 3454 bulabis:
1939 3409 1988 3453 et
2026 3403 2346 3454 conculcabis
2381 3403 2582 3454 leonem
2626 3410 2675 3455 et

1672 3466 1961 3515 draconem.
