2910 4457
79 553 87 580 ³

87 943 96 1200 ι

85 1273 92 1492 ,Ι

82 1555 90 1730 ¹

945 355 1021 394 Ab
1056 354 1388 396 ΙΔΊὌΊῚΗΔΘ.

225 462 458 515 Firmetur
477 479 663 516 manus
683 471 789 526 tua,
811 472 862 515 et
879 467 1119 518 exaltetur

81 511 84 551 ἶ
172 524 342 575 dextera
381 533 466 577 tua
500 544 513 577 ε
547 529 750 588 ,iustitia
783 533 835 578 et
865 529 1117 588 judicium

172 589 435 647 preparatio
457 592 591 639 sedis
606 595 723 640 tuae.

2120 341 2198 399 71

1279 467 1508 519 visitabo
1528 469 1584 517 in
1615 469 1760 531 virga
1791 470 2086 533 iniquitates
2113 484 2208 523 eo-

1214 541 1331 578 rum
1347 536 1416 579 :et
1428 531 1483 579 in
1493 532 1790 581 verberibus
1800 539 2000 593 peccata
2007 547 2183 584 eorum
2191 571 2205 584 .

1275 592 1682 643 Misericordiam
1705 600 1875 643 autem
1908 608 2077 645 meam
2100 609 2204 646 non

219 649 543 700 Misericordia
561 658 611 701 et
633 653 819 701 veritas
838 652 1119 712 praecedent
1211 652 1502 715 dispergam
1532 655 1597 703 ab
1625 668 1684 704 eo
1708 671 1722 706 ε
1756 669 1918 719 neque
1939 659 2126 708 nocebo
2147 660 2203 708 in

171 708 321 759 taciem
349 717 487 762 tuam
511 715 722 762 :beatus
754 715 996 774 populuS,
1027 714 1119 775 qui

171 771 249 819 scit
263 772 623 832 Jubilationem.

219 834 331 893 Bne,
353 837 404 883 in
424 838 619 885 lumine
642 837 813 886 vultus
833 838 908 886 tui
931 839 1122 886 ambu-

171 892 341 955 labunt,
361 898 479 947 etin
502 899 709 948 nomine
725 905 812 946 tuo
823 899 1123 954 exultabunt

169 959 254 1065 gna
288 958 467 1010 diezet
493 961 551 1010 in
574 960 774 1020 justitia
813 967 901 1012 tua
938 960 1125 1010 exalta-

198 1025 355 1069 untur.

220 1080 454 1141 Quoniam
497 1084 659 1145 gloria
694 1083 902 1132 virtutis
944 1096 1121 1133 eorum

168 1145 215 1188 tu
233 1156 312 1193 es:
338 1151 385 1193 et
407 1147 459 1193 in
484 1147 793 1205 beneplacito
816 1151 905 1194 tuo
924 1147 1120 1195 exaita-

169 1202 288 1253 bitur
310 1219 460 1256 cornu
480 1213 734 1256 nostrum.

217 1265 334 1325 Quia
363 1270 460 1319 Diri
491 1275 570 1319 est
599 1269 878 1329 assumptio
907 1273 1080 1318 nostra
1106 1283 1119 1317 :

165 1331 205 1373 et
222 1331 366 1378 sancti
386 1333 541 1381 Israel
563 1332 719 1392 Regis
741 1331 921 1379 nostri.

216 1389 343 1459 sl'unc
358 1394 553 1442 locutus
569 1406 622 1442 cs
648 1395 698 1440 in
723 1393 917 1440 visione
932 1391 1122 1441 sanctis

165 1453 276 1500 tuis:
293 1459 338 1501 et
355 1456 545 1513 dixisti,
562 1456 716 1505 Posui
733 1455 1044 1513 adjutorium
1069 1454 1122 1501 in

164 1517 351 1574 notente,
365 1522 413 1566 et
435 1518 653 1567 exaltavi
669 1517 882 1565 electum
897 1516 960 1565 de
982 1515 1120 1575 plebe

164 1584 274 1623 mea.

213 1636 372 1688 Inveni
395 1640 559 1689 David
575 1652 782 1689 servum
799 1651 971 1689 meum
989 1653 1001 1687 :
1016 1639 1121 1688 oleo

161 1705 312 1748 sancto
332 1714 439 1751 meo
460 1702 587 1751 unxi
607 1715 745 1751 eum.

212 1760 387 1812 Manus
401 1767 544 1813 enim
565 1776 678 1812 mea
697 1761 1022 1811 auxiliabitur
1044 1762 1119 1810 ei:

160 1826 201 1868 et
215 1822 465 1874 brachium
483 1838 662 1876 meum
676 1825 970 1874 confortabit
981 1836 1118 1873 eum.

213 1884 340 1934 Nihil
371 1889 596 1947 proficiet
616 1887 860 1936 inimicus
881 1887 935 1934 in
954 1898 1011 1934 co
1036 1901 1049 1934 ε
1072 1890 1121 1935 et

161 1942 279 1995 filius
301 1948 596 2019 ‘iniquitatis
633 1961 736 1998 non
776 1953 988 2009 apponet
1022 1960 1122 1997 no·-

157 2018 254 2056 cere
272 2022 334 2058 ei.

210 2069 272 2118 Et
292 2072 550 2120 concidam
575 2085 603 2120 a
627 2069 753 2120 facie
772 2071 931 2131 ipsius
952 2070 1122 2119 inimi—

156 2140 231 2179 cos
246 2133 358 2191 ejus
375 2147 388 2180 :
408 2139 459 2181 et
477 2134 700 2182 odientes
722 2145 839 2182 eum
862 2133 919 2181 in
947 2134 1120 2195 sugam

156 2199 456 2242 convertam.

209 2255 273 2303 Et
311 2256 495 2304 veritas
537 2267 648 2304 mea
688 2261 736 2304 et
774 2257 1120 2308 misericordia
1151 2264 1157 2268 ·

156 2324 257 2366 mea
288 2330 403 2367 cum
439 2319 548 2378 ipso
576 2317 730 2367 :etin
768 2322 976 2369 nomine
1010 2332 1122 2370 meo

79 2406 82 2431 =
151 2381 439 2429 exaltabitur
463 2393 621 2429 cornu
649 2380 778 2452 rjus,

210 2440 269 2490 Et
291 2455 468 2502 ponam
493 2443 549 2490 in
575 2455 707 2492 mari
733 2446 946 2492 manum
971 2445 1083 2504 ejus
1106 2459 1121 2494 ε

154 2506 196 2550 et
214 2503 263 2551 in
289 2504 588 2555 fluminibus
608 2507 860 2555 dexteram
884 2506 1013 2566 ejus,

206 2566 313 2624 Ipse
333 2566 585 2618 invocavit
605 2580 713 2627 rne,
736 2569 883 2617 Pater
905 2580 1050 2616 meus
1070 2580 1125 2616 es

79 2602 80 2605 Ἴ
154 2631 203 2673 tu
226 2642 238 2676 :
259 2629 389 2679 Deus
408 2644 583 2690 mem,
607 2635 656 2679 et
668 2634 925 2688 susceptor
946 2630 1125 2679 salutis

206 2751 264 2802 Et
293 2765 382 2814 ego
413 2753 809 2813 primogenitum
842 2764 1027 2812 ponam
1061 2752 1127 2802 il-

153 2811 248 2863 lum
270 2831 283 2864 t
306 2817 559 2865 excelsum
583 2829 684 2875 prae
707 2814 910 2876 regibus
930 2820 1092 2865 terrae.

205 2877 259 2925 ln
292 2883 541 2929 aeternum
572 2878 781 2926 servabo
812 2876 889 2925 iili
918 2877 1127 2927 miseri-

147 2941 355 2990 cordiam
399 2953 572 2991 meam
619 2955 633 2988 t
676 2945 726 2989 et
766 2944 1126 2990 testamentum

151 3009 307 3051 meum
330 3005 474 3053 fidele
498 3001 619 3062 ipsi.

202 3061 262 3111 Et
313 3078 502 3125 ponam
553 3063 607 3110 in
662 3065 904 3112 saeculum
957 3064 1127 3113 saeculi

144 3132 301 3230 {emen
320 3128 435 3187 ejus
460 3144 473 3176 ε
507 3130 559 3175 et
579 3126 821 3175 thronum
852 3126 964 3186 ejus
994 3127 1127 3176 sicut

176 3198 243 3234 ies
262 3191 391 3238 coeli.

199 3248 250 3297 Si
278 3257 448 3300 autem
482 3249 847 3322 dereliquerint
877 3250 972 3298 filii
1013 3251 1127 3310 eJ'us

142 3307 291 3369 legem
324 3325 498 3362 meam
537 3327 549 3359 ε
584 3317 631 3360 et
661 3326 715 3360 in
756 3312 968 3372 judiciis
1001 3312 1127 3362 meis

141 3382 232 3420 non
264 3374 661 3423 ambulaverint.

195 3434 247 3483 Si
277 3436 509 3496 iustitias
539 3448 680 3485 meas
716 3435 1125 3496 profanaverint:

136 3499 178 3541 et
198 3501 439 3548 mandata
457 3510 574 3547 mea
593 3511 694 3548 non
719 3497 1064 3549 custodierint.

1214 714 1423 763 veritate
1443 718 1591 765 mea?

1279 776 1454 837 Neque
1515 776 1789 836 profanabo
1845 785 2204 832 testamentum

1215 849 1388 908 meum
1424 852 1437 885 ι
1471 843 1521 886 et
1541 851 1653 898 quae
1675 841 1949 898 procedunt
1972 844 2034 891 de
2057 844 2205 894 labiis

1215 911 1343 947 meis
1366 912 1469 948 non
1495 899 1675 948 faciam
1700 900 1863 950 irrita.

1278 960 1440 1010 Semel
1483 961 1654 1022 jnravi
1685 961 1740 1011 in
1771 968 1946 1011 sancto
1986 977 2125 1024 meo,
2159 968 2204 1016 si

1215 1022 1377 1072 David
1400 1022 1619 1072 mentiar
1647 1038 1660 1072 ι
1682 1036 1855 1074 semen
1871 1026 1982 1086 ejus
1996 1026 2051 1075 in
2073 1034 2205 1078 aeter-

1218 1096 1345 1132 num
1369 1084 1615 1134 manebit.

1278 1146 1342 1194 Et
1364 1147 1581 1196 thronus
1609 1147 1721 1207 ejus
1751 1147 1882 1196 sicut
1904 1150 1977 1197 sol
2002 1149 2057 1199 in
2080 1164 2209 1202 con-

1216 1213 1388 1277 spectu
1418 1222 1531 1257 meo
1566 1224 1579 1257 ε
1612 1215 1660 1258 et
1692 1209 1824 1258 sicut
1848 1211 1971 1260 iuna
1993 1213 2207 1272 perfecta

1214 1280 1271 1317 m
1291 1275 1563 1329 eternum,
1587 1276 1634 1319 et
1655 1271 1795 1320 testis
1816 1270 1869 1320 in
1881 1275 2004 1323 coeio
2026 1276 2207 1326 fidelis,

1280 1331 1360 1380 Tu
1384 1345 1501 1381 vero
1538 1332 1770 1392 repulisti
1805 1338 1855 1383 et
1885 1336 2152 1396 despexisti
2188 1354 2203 1387 ε

1216 1392 1464 1441 distulisti
1486 1393 1746 1443 Christum
1766 1400 1936 1443 tuum.

1280 1454 1519 1502 Evertisti
1546 1460 1903 1504 testamentum
1927 1458 2061 1505 servi
2086 1459 2163 1508 tui
2186 1473 2200 1507 x

1219 1515 1495 1588 profanasti
1550 1515 1606 1563 in
1659 1521 1793 1565 terra
1855 1521 2206 1571 sanctuarium

1216 1591 1353 1637 eJuS.

1279 1638 1585 1688 Destruxisti
1601 1651 1776 1689 omnes
1792 1653 1934 1702 sepes
1947 1640 2058 1701 ejus
2082 1657 2095 1692 ε
2120 1657 2207 1706 po·-

1215 1702 1369 1814 ffisn
1422 1701 1803 1752 firmamentum
1866 1703 1977 1763 ejus
2035 1704 2209 1756 tormi-

1279 1827 1613 1886 Diripuerunt
1651 1839 1770 1876 eum
1813 1839 1991 1878 omnes
2034 1835 2203 1880 trans-

1213 1895 1392 1961 euntes
1412 1889 1551 1958 viam
1576 1902 1590 1936 ε
1614 1887 1775 1938 sactus
1787 1895 1862 1940 est
1876 1892 2204 1951 opprobrium

1215 1963 1400 1999 vicinis
1421 1961 1550 1997 suis.

1277 2009 1781 2061 Exaltastidexteram
1807 2011 2205 2071 deprimentium

1216 2086 1334 2123 eum
1351 2088 1364 2120 ε
1380 2070 1640 2119 laetificasti
1650 2084 1824 2120 omnes
1838 2072 2071 2121 inimicos
2082 2076 2208 2134 ejuS.

1281 2132 1527 2183 Avertisti
1548 2132 1859 2191 adjutorium
1884 2133 2036 2194 gladii
2057 2136 2168 2195 ejus
2189 2152 2201 2184 :

1220 2201 1268 2247 et
1289 2208 1389 2256 non
1414 2207 1468 2244 es
1487 2194 1761 2244 auxiliatus
1784 2194 1830 2244 ei
1854 2195 1908 2244 in
1934 2196 2081 2246 bello.

1282 2257 1581 2306 Destruxisti
1599 2270 1715 2306 eum
1733 2258 1796 2305 ab
1815 2256 2172 2311 emundatione
2192 2277 2204 2310 :

1213 2325 1267 2371 et
1285 2321 1455 2369 sedem
1477 2319 1588 2378 ejus
1609 2320 1663 2367 in
1685 2325 1872 2369 terram
1896 2321 2141 2372 collisisti.

1280 2380 1550 2434 Minorasti
1591 2382 1700 2431 dies
1740 2384 1979 2442 temporis
2020 2386 2131 2446 eJ'us
2191 2402 2204 2435 :

1219 2445 1484 2506 perfudisti
1504 2457 1621 2493 eum
1642 2444 1954 2495 confusione.

1283 2509 1554 2569 Usquequo
1578 2508 1689 2556 Dne
1709 2507 1895 2556 avertis
1921 2510 1974 2555 in
2006 2510 2161 2560 finem
2188 2527 2201 2558 ε

1217 2571 1502 2619 exardescet
1522 2570 1653 2617 sicut
1678 2569 1815 2628 ignis
1838 2568 1913 2616 ira
1938 2572 2058 2618 tua?

1281 2633 1565 2682 Memorare
1594 2642 1706 2689 quae
1727 2642 1839 2676 mea
1872 2630 2153 2679 substantia
2191 2646 2203 2677 ε

1222 2692 1459 2752 nunquid
1516 2689 1661 2739 enim
1722 2701 1850 2738 vane
1900 2692 2205 2740 constituisti

1221 2765 1398 2802 omnes
1417 2751 1550 2800 filios
1571 2750 1876 2799 hominum?

1285 2815 1416 2876 Quis
1446 2818 1522 2863 est
1544 2814 1694 2864 homo
1719 2813 1824 2874 quiv
1844 2811 2003 2873 vivet,
2028 2820 2077 2864 et
2101 2829 2199 2865 non

1223 2878 1414 2926 videbit
1460 2881 1673 2925 mortem
1721 2891 1733 2924 :
1785 2880 1929 2926 eruet
1977 2878 2205 2929 animam

1221 2952 1370 2989 suam
1393 2940 1454 2988 dc
1476 2951 1634 2987 manu
1659 2938 1807 2987 inferi
1822 2941 1846 2988 ‘t

1285 3000 1385 3050 Ubi
1408 3006 1531 3050 sunt
1566 3001 1922 3051 misericordiae
1942 3005 2042 3051 tuae
2065 3005 2207 3052 anti-

1222 3078 1334 3125 quae
1354 3065 1463 3113 Due
1489 3078 1501 3111 ε
1525 3063 1654 3112 sicut
1669 3063 1853 3125 jurasti
1874 3064 2037 3112 David
2055 3065 2109 3112 in
2131 3079 2205 3115 vc·

1223 3128 1368 3177 ritate
1388 3127 1511 3175 tua?

1285 3192 1483 3242 Memor
1503 3193 1608 3236 esto
1629 3188 1737 3235 Bne
1755 3186 2009 3245 opprobrii
2033 3199 2196 3235 servo·

1224 3265 1342 3301 rum
1384 3256 1590 3299 tuorum
1642 3261 1655 3294 ε
1700 3248 1834 3307 quod
1874 3247 2107 3296 continui
2149 3250 2200 3297 in

1223 3313 1341 3361 sinu
1363 3325 1473 3361 meo
1498 3311 1778 3359 multarum
1802 3310 2048 3368 gentium.

1287 3373 1435 3435 Quod
1460 3373 1883 3432 exprobraverunt
1903 3371 2099 3419 inimici
2129 3371 2204 3418 tui

1223 3436 1333 3485 Due
1357 3436 1520 3495 :quod
1543 3434 1963 3493 exprobraverunt
1985 3443 2206 3480 commu-

1222 3499 1463 3546 tationem
1487 3494 1677 3544 Christi
1694 3493 1786 3541 tui.
