2910 4457
495 383 574 445 38
1052 405 1380 446 mummius
1422 387 1772 444 meil’mu'rn's
1810 405 1918 445 PER
1958 386 2032 445 Ο.

493 518 565 566 ad
576 528 659 566 ves
701 517 1010 567 adiniewm
1019 517 1174 579 liujus
1184 521 1300 564 anae
1321 517 1366 566 Ο
1383 529 1492 578 sap.

495 579 601 627 nisi
653 585 760 628 orte
788 581 845 627 in
876 578 1009 627 sabb.
1038 579 1332 627 inchoetur.-
1372 585 1496 627 tunc

494 643 696 691 dicatur
716 654 779 703 ιγ.
802 642 862 689 de
882 641 998 689 hist.
1022 640 1172 691 Dom.
1190 642 1370 752 υἱιιξγ.
1390 641 1495 701 Qui

497 709 741 753 venturus
768 703 838 763 (p.
860 700 959 762 26).
987 702 1175 752 Postea
1206 715 1271 766 132.
1331 704 1495 752 estina

495 766 682 817 dicitur
716 764 934 837 quotidie
962 766 1032 813 ad
1053 777 1188 827 vesp.
1213 766 1415 827 quando
1435 766 1496 813 de

496 829 624 875 Adv.
648 832 839 887 aqttar,
876 841 937 873 us
972 841 1030 875 ue
1060 830 1129 875 ad
1168 829 1268 889 τίς.
1291 827 1495 877 Natalis

496 888 619 946 Dt‘n',
640 889 745 936 nisi
764 889 822 935 in
853 888 942 936 sab
975 925 989 938 .
1011 890 1091 950 iiij
1112 890 1306 938 Dv’u'coe.
1350 929 1353 932 .

557 961 624 1012 132.
657 950 863 999 Festina
887 965 949 1000 ne
965 953 1245 1001 tardaveris
1270 953 1380 1000 Dne
1400 949 1497 1000 :Et

497 1012 653 1061 libera
678 1014 919 1073 populum
943 1020 1111 1062 tuum.
1137 1012 1198 1074 ψ.
1219 1014 1347 1063 Veni
1363 1013 1492 1072 Diie,

498 1079 548 1123 et
570 1075 671 1123 noli
690 1076 891 1123 tardare
910 1076 1106 1124 :relaxa
1122 1076 1344 1125 facinora
1360 1076 1496 1135 plebi

498 1143 615 1185 tuae.
633 1137 713 1186 Et.
733 1137 923 1186 Gloria.
939 1138 1131 1186 Iterum
1145 1153 1179 1187 a
1192 1140 1338 1187 choro
1354 1138 1495 1186 rein-

495 1199 716 1259 cipiatur
735 1211 799 1309 ge.
822 1199 1043 1248 Festina.

558 1261 721 1321 Hym.
779 1261 978 1309 onditor
1000 1262 1070 1322 (p.
1093 1260 1159 1321 2).

559 1320 620 1380 v.
645 1324 831 1371 Rorate
855 1323 1033 1384 (ibim).

558 1384 905 1433 Excellentior
917 1399 1142 1447 persona
1155 1399 1265 1449 quw
1279 1387 1335 1433 in
1348 1387 1497 1434 choro

495 1459 724 1507 praesens
742 1444 902 1507 fuerit
924 1448 1143 1510 incipiat
1171 1450 1234 1497 A.
1261 1449 1310 1497 1.
1339 1449 1382 1498 Ο
1406 1461 1498 1496 sa-

497 1509 686 1568 pientia
699 1523 812 1571 quae
822 1523 880 1558 ex
891 1524 976 1560 ore
990 1511 1245 1560 Altissimi
1264 1509 1495 1570 prodisti,

495 1572 756 1632 attingens
802 1585 831 1620 a
876 1573 976 1621 fine
1010 1586 1172 1634 usque
1208 1575 1270 1621 ad
1315 1574 1491 1631 finem,

499 1632 692 1683 fortiter
726 1635 1051 1694 suaviterque
1079 1636 1353 1692 disponens
1383 1646 1495 1680 om-

500 1696 614 1755 nia3
654 1695 770 1744 veni
810 1698 871 1743 ad
909 1696 1192 1744 docendum
1228 1705 1320 1740 nos
1350 1694 1490 1740 viam

499 1757 800 1816 prudentiae.
820 1757 911 1802 Ps.
933 1755 1244 1812 Magnificat.

562 1823 594 1869 Ἰ
618 1817 781 1864 Nullae
800 1815 1029 1871 deinceps
1044 1813 1177 1872 fiant
1200 1821 1373 1868 preces
1396 1822 1489 1856 ne-

498 1890 590 1939 que
618 1875 987 1935 prostrationes
1022 1873 1092 1918 ad
1118 1881 1258 1929 vesp.
1291 1870 1390 1918 Sed
1418 1871 1490 1918 ad

498 1936 678 1997 compl.
701 1935 828 1982 etad
852 1945 1023 1980 omnes
1039 1932 1172 1979 alias
1187 1932 1338 1979 horas
1357 1930 1492 1994 fiant

493 2010 666 2060 preces
679 2009 793 2044 cum
808 1994 1156 2056 prostratione
1170 2006 1308 2042 more
1325 1996 1489 2044 solito.

561 2058 721 2109 Mem.
747 2059 807 2105 de
837 2056 893 2104 S.
924 2055 1105 2104 Maria
1134 2057 1204 2104 ad
1228 2056 1370 2105 istud
1385 2058 1493 2118 pri-

497 2134 639 2168 mum
660 2119 702 2167 Ο
724 2132 830 2178 sap.
853 2117 1069 2166 dicitur.-
1089 2121 1153 2167 A.
1172 2119 1283 2169 Ave
1303 2120 1492 2170 Maria.

498 2184 580 2231 Ad
599 2181 730 2230 alias
752 2192 867 2228 vero
888 2190 1027 2241 vesp.
1052 2183 1258 2243 quando
1279 2183 1337 2231 de
1353 2180 1494 2242 feria

496 2245 686 2306 agitur,
706 2243 893 2291 dieitur
912 2244 982 2291 ad
1001 2256 1151 2294 mem,
1172 2246 1231 2294 de
1244 2244 1299 2293 S.
1314 2244 1495 2294 Maria

497 2309 562 2416 ᾖ.
596 2306 669 2379 ⁸Ne
700 2305 880 2353 timeas
906 2318 1062 2367 usque
1092 2307 1162 2355 ad
1193 2307 1295 2367 τίς.
1316 2307 1493 2357 Nativ.

552 2381 624 2415 m.

560 2430 641 2477 Ad
681 2428 823 2476 istud
850 2428 1081 2487 primum
1113 2430 1176 2479 Ο.
1222 2430 1371 2478 nulla
1400 2429 1499 2492 fiat

498 2503 646 2539 mem.
673 2491 733 2537 de
769 2488 1000 2537 omnibus
1036 2491 1270 2547 Sanctis,·
1287 2493 1373 2540 sed
1403 2491 1495 2539 ab·

498 2552 615 2600 hinc
645 2550 776 2613 fiant
794 2552 1048 2600 memoriae
1067 2553 1127 2601 de
1159 2552 1215 2600 S.
1248 2552 1427 2601 Maria
1447 2556 1498 2600 et

497 2616 558 2663 de
573 2613 805 2662 omnibus
827 2613 1036 2662 Sanctis
1059 2614 1191 2662 sicut
1204 2615 1262 2660 in
1282 2615 1400 2671 aliis
1417 2612 1496 2673 fe-

497 2677 592 2724 riis
613 2690 768 2740 usque
800 2678 867 2725 ad
898 2677 998 2737 viy.
1031 2677 1205 2726 Nativ.
1242 2676 1352 2725 Dm·
1389 2681 1497 2725 tam

500 2740 570 2787 ad
600 2751 739 2800 vesp.
792 2752 915 2787 uam
943 2740 1013 2787 ad
1033 2744 1160 2788 mat.

563 2803 627 2849 A.
657 2801 708 2850 2.
822 2800 1042 2861 Adonai,
1089 2807 1139 2850 et
1180 2800 1282 2849 dux
1312 2800 1498 2850 domus

502 2861 675 2923 lsrael,
718 2864 808 2923 qui
839 2865 1006 2924 Moysi
1043 2864 1096 2912 in
1131 2864 1250 2924 igne
1280 2864 1498 2912 flammae

505 2925 621 2972 rubi
663 2926 975 2984 apparuisti,
1012 2932 1060 2974 et
1091 2927 1149 2973 in
1179 2927 1301 2975 Sina
1333 2926 1497 2987 legem

503 2985 717 3044 dedisti;
757 2986 870 3033 veni
920 2988 981 3035 ad
1015 2989 1372 3037 redimendum
1404 3000 1498 3035 nos

505 3047 559 3094 in
583 3045 787 3095 brachio
811 3051 1023 3095 extento,
1047 3048 1139 3095 Ps.
1156 3049 1334 3109 Magn.

567 3110 630 3157 A.
673 3109 722 3157 3.
756 3108 800 3158 Ο
824 3108 964 3157 radix
1001 3108 1139 3157 Jesse
1171 3112 1258 3168 qui
1295 3116 1399 3158 stas
1440 3110 1495 3157 in

504 3171 712 3232 signum
759 3171 1090 3230 populorum3
1144 3183 1293 3230 super
1341 3183 1494 3231 quem

504 3233 834 3281 continebunt
863 3246 1004 3294 reges
1043 3245 1100 3282 os
1134 3244 1306 3292 suum,
1341 3245 1494 3293 quem

506 3300 679 3355 gentes
694 3295 1126 3356 deprecabuntur3
1149 3295 1269 3345 veni
1286 3296 1349 3345 ad
1373 3295 1497 3345 libe-

1591 519 1815 631 fflndum
1836 529 1929 567 nos
1953 518 2093 577 :jam
2119 519 2222 567 noli
2250 518 2470 567 tardare.
2493 519 2596 568 Ps.

1651 592 1769 639 agn.
1866 616 1877 626 .

1654 643 1715 690 A.
1740 640 1790 691 4.
1824 641 1869 690 Ο
1887 641 2043 690 clavis
2058 642 2239 699 David,
2260 646 2308 690 et
2328 647 2593 703 sceptrum

1591 703 1778 752 domus
1805 704 1994 764 Israe13
2033 703 2121 764 qui
2157 704 2324 762 aperis
2354 709 2402 752 et
2439 717 2593 754 nemo

1592 764 1798 824 claudit,
1818 765 2014 814 claudis
2029 770 2079 814 et
2098 777 2245 813 nemo
2261 767 2420 826 aperit
2437 780 2450 826 ;
2473 767 2596 816 veni

1592 832 1641 876 et
1664 828 1792 875 educ
1818 828 2047 876 vinctum
2075 829 2137 877 de
2167 828 2317 876 domo
2339 829 2590 888 {cart-eris,

1592 889 1847 937 sedentem
1866 890 2163 938 intenebris
2177 894 2227 938 et
2249 890 2431 939 umbra
2451 902 2594 939 mor-

1592 950 1678 998 tis.
1702 951 1794 999 Ps.
1817 951 1997 1011 Magn.

1654 1013 1717 1060 A.
1752 1012 1800 1061 5.
1856 1012 1900 1061 Ο
1946 1015 2116 1063 oriens
2167 1014 2403 1074 splendor
2458 1014 2591 1062 lucis

1592 1079 1789 1124 aeternae
1810 1080 1859 1123 et
1886 1075 1958 1122 sol
1982 1076 2223 1136 justitiae3
2247 1076 2362 1124 veni
2395 1081 2443 1124 et
2471 1076 2592 1124 illu-

1592 1137 1732 1185 mina
1764 1138 1993 1185 sedentes
2013 1138 2067 1186 in
2090 1138 2309 1187 tenebris
2328 1142 2377 1186 et
2405 1138 2589 1186 umbra

1594 1199 1791 1247 mortiS.
1817 1199 1906 1248 Ps.
1929 1200 2108 1261 Magn.

1654 1263 1718 1308 A.
1743 1260 1793 1310 6.
1840 1260 1884 1310 Ο
1918 1274 2001 1310 rex
2041 1261 2270 1322 gentium
2308 1265 2356 1310 et
2389 1260 2590 1309 deside-

1592 1328 1736 1370 ratus
1755 1335 1950 1380 earum,
1972 1324 2200 1383 lapisque
2219 1322 2483 1383 angularis
2498 1322 2589 1381 qui

1595 1384 1718 1432 facis
1758 1390 1973 1444 utraque
2015 1398 2207 1444 unum3
2258 1385 2404 1442 veni,
2447 1384 2589 1432 salva

1594 1447 1853 1495 hominem
1886 1459 2037 1506 quem
2075 1447 2138 1496 de
2177 1446 2301 1495 limo
2338 1446 2588 1494 formasti.

1594 1509 1687 1558 Ps.
1705 1511 1882 1569 Magn.

1657 1572 1720 1618 A.
1753 1573 1802 1618 7.
1836 1570 1880 1619 Ο
1901 1570 2226 1626 Emmanuel,
2245 1569 2350 1617 Rex
2371 1574 2420 1617 et
2441 1568 2590 1628 Legi-

1592 1630 1663 1677 i'er
1707 1636 1900 1687 noster,
1954 1632 2226 1689 expectatio
2273 1631 2501 1691 gentium
2540 1635 2593 1678 et

1587 1690 1806 1736 salvator
1826 1703 2034 1749 earum3
2057 1693 2172 1740 veni
2196 1693 2257 1740 ad
2281 1691 2589 1741 salvandum

1587 1761 1697 1804 n05,
1722 1749 1832 1796 Diie
1853 1750 1989 1799 Deus
2010 1756 2197 1801 noster.
2226 1752 2319 1801 Ps.
2345 1755 2525 1813 Magn.

1647 1811 1709 1856 A.
1728 1808 1777 1857 8.
1796 1808 1840 1857 Ο
1861 1810 2020 1871 Virgo
2037 1814 2319 1872 virginum,
2336 1814 2594 1874 quomodo

1586 1867 1670 1916 fiet
1700 1869 1874 1919 istud?
1907 1874 2026 1931 quia
2062 1886 2152 1921 nec
2184 1875 2408 1932 primam
2440 1875 2594 1923 simi-

1585 1929 1683 1978 lem
1705 1933 1812 1980 visa
1843 1945 1896 1979 es
1919 1946 2009 1981 nec
2041 1935 2222 1981 habere
2265 1941 2591 1993 sequentem.

1586 1990 1727 2041 Filiae
1744 1993 2083 2052 Hierusalem,
2110 1994 2232 2053 quid
2257 2007 2338 2040 me
2357 1995 2593 2042 admira-

1589 2054 1756 2103 mini‘l
1778 2055 2009 2103 divinum
2042 2059 2117 2103 est
2148 2053 2452 2113 mysterium
2489 2054 2610 2104 hoe.

1589 2117 1723 2176 quod
1746 2116 1969 2165 cernitis.
2002 2116 2092 2163 Ps.
2122 2115 2299 2174 Magn.

1652 2181 1717 2231 A.
1737 2178 1787 2228 9.
1811 2179 1855 2228 Ο
1877 2179 2071 2227 Thema
2086 2177 2315 2238 Didyme,
2333 2188 2420 2237 per
2442 2175 2597 2226 Chri-

1590 2247 1726 2290 stum
1744 2255 1896 2302 quem
1912 2241 2143 2290 meruisti
2165 2244 2390 2300 tangere,
2412 2244 2464 2287 te
2477 2251 2593 2299 pre-

1592 2304 1737 2352 cibus
1766 2316 2008 2365 rogamus
2044 2302 2273 2352 altisonis
2302 2317 2315 2350 :
2349 2312 2591 2349 succurre

1592 2367 1739 2413 nobis
1780 2366 2007 2422 miseris,
2036 2377 2096 2413 ne
2128 2366 2433 2413 damnemur
2466 2375 2587 2410 cum

1593 2428 1769 2536 impiis
1802 2428 1856 2476 in
1879 2429 2099 2476 adventu
2119 2426 2149 2474 J
2155 2427 2335 2475 udiciS.
2355 2424 2450 2473 Ps.
2468 2423 2589 2475 Ma-

1593 2490 1680 2548 gni
1704 2490 1817 2537 icat.

1655 2550 1779 2597 Hoec
1797 2550 1906 2597 sola
1927 2551 1989 2597 A.
2017 2549 2061 2598 Ο
2081 2549 2276 2597 Thoma
2303 2547 2493 2595 dicitur
2518 2548 2591 2594 ad

1591 2616 1831 2672 utrasque
1858 2623 1997 2671 vesp.
2035 2613 2095 2659 de
2128 2610 2185 2660 S.
2210 2610 2403 2658 Tleoma
2422 2613 2588 2670 apost.

1592 2686 1745 2734 super
1764 2673 1857 2726 Ps.
1879 2673 2055 2733 Magn.

1656 2734 1814 2783 Mem.
1848 2736 1907 2782 de
1932 2737 2064 2784 Adv.
2097 2735 2155 2781 in
2186 2734 2265 2782 die
2295 2732 2351 2782 S.
2391 2732 2591 2779 Thomoe

1594 2802 1760 2858 apost.
1793 2815 1807 2843 .·
1829 2798 1909 2849 Ad
1930 2802 2059 2846 mat.
2089 2798 2152 2845 A.
2187 2795 2356 2845 Nolite
2379 2794 2588 2841 timere:

1595 2859 1776 2919 quinta
1803 2859 1941 2907 enim
1967 2860 2050 2908 die
2075 2858 2240 2907 veniet
2272 2857 2334 2905 ad
2367 2867 2459 2903 nos
2479 2854 2593 2902 Diis

1595 2922 1733 2971 Deus
1750 2927 1935 2970 noster.
1962 2921 2181 2981 Quando
2205 2925 2376 2968 autem
2396 2914 2593 2975 festum

1596 2983 1652 3032 S.
1691 2984 1889 3031 Thomoe
1916 2989 2082 3043 apost.
2119 2981 2349 3045 differtur
2379 2978 2436 3023 in
2459 2976 2503 3036 ij
2519 2974 2595 3035 fe-

1594 3046 1746 3106 riam,
1769 3051 1889 3092 tanc
1910 3059 1964 3093 eo
1991 3058 2132 3093 anno
2153 3046 2253 3091 leoec
2285 3043 2393 3088 av‘ia
2421 3038 2592 3089 Nolite

1595 3107 1776 3155 timere
1811 3106 2019 3154 omnino
2052 3104 2497 3166 praetermittatur,
2542 3106 2591 3149 et

1593 3172 1701 3216 ana
1717 3167 1930 3228 ferialis,
1948 3168 2056 3215 scil.
2076 3168 2208 3217 Dicit
2218 3168 2342 3215 1158.
2354 3163 2424 3211 ad
2436 3174 2589 3212 mern.

1594 3231 1654 3279 de
1677 3231 1806 3279 Adv.
1831 3229 2052 3278 dicatur.
