2910 4457
1078 299 1150 338 An
1190 299 1520 341 mrum-trus.
2296 279 2337 339 9

323 410 473 460 Misit
496 411 557 461 de
584 423 815 471 summo,
845 416 894 460 et
919 411 1108 470 accepit
1137 423 1252 463 me:

262 477 310 520 et
326 474 603 532 assumpsit
620 486 702 521 me
716 474 779 522 de
795 473 944 545 aquis
966 473 1158 521 multis,

322 534 528 593 Eripuit
542 547 625 583 me
639 535 701 582 de
712 535 939 583 inimicis
951 535 1078 582 meis
1094 535 1254 584 fortis·

259 597 437 653 simiS,
473 602 520 644 et
550 596 615 645 ab
646 596 730 644 his
760 598 851 656 qui
881 597 1098 645 oderunt
1126 610 1209 645 me
1238 613 1252 646 ε

262 659 507 720 quoniam
538 657 801 707 confortati
826 664 946 706 sunt
977 670 1126 717 super
1151 671 1251 706 me.

322 721 685 768 Praevenerunt
703 721 855 768 mein
873 721 954 768 die
969 721 1254 769 afflictionis

260 795 383 830 meae
410 796 423 831 ε
453 787 502 830 et
543 782 705 830 factus
747 787 821 831 est
860 783 970 830 Diis
1011 787 1253 842 protector

1347 411 1508 461 lium:
1539 413 1588 460 et
1608 411 1822 471 posuisti
1851 416 1908 460 ut
1938 423 2115 462 arcum
2149 424 2337 462 aereum

1347 473 1551 521 brachia
1569 486 1698 521 mea.

1407 534 1473 582 Et
1493 535 1674 583 dedisti
1690 535 1819 584 mihi
1835 536 2189 593 protectionem
2203 534 2340 583 salu-

1346 597 1414 644 tis
1429 600 1528 644 tuae
1548 612 1561 646 ι
1583 602 1631 644 et
1651 598 1849 645 dextera
1867 602 1954 645 tua
1982 598 2197 657 suscepit
2218 609 2300 644 me
2322 611 2337 646 ε

1411 658 1472 706 Et
1507 659 1775 717 disciplina
1804 665 1891 706 tua
1922 660 2133 708 correxit
2167 672 2249 707 me
2283 659 2337 706 iu

1349 719 1503 828 ῐίηιξῐη
1520 735 1532 768 :
1547 726 1594 768 et
1610 721 1878 779 disciplina
1900 726 2004 780 tua,
2029 723 2136 782 ipsa
2151 733 2234 770 me
2248 722 2340 770 do-

1349 793 1402 829 ce
1440 782 1498 828 it.

1411 841 1641 890 Dilatasti
1673 854 1877 902 gressus
1890 855 2029 892 meos
2043 845 2221 892 subtus
2237 856 2338 893 me.

1349 910 1398 954 et
1420 916 1521 951 non
1544 909 1665 951 sunt.
1696 905 1951 953 infirmata
1975 907 2184 966 vestigia
2208 919 2338 954 mea.

1413 966 1693 1025 Persequar
1710 967 1944 1015 inimicos
1960 979 2096 1014 meos
2108 1004 2121 1025 ‚
2141 972 2187 1015 et
2202 980 2342 1014 corn-

1352 1028 1657 1086 prehendam
1689 1028 1800 1076 illos
1830 1044 1843 1077 z
1869 1033 1917 1077 et
1948 1041 2050 1076 non
2078 1034 2341 1078 convertar

1348 1091 1506 1138 donec.
1526 1090 1777 1138 deficiant.

1356 1152 1357 1155 ’
1413 1150 1742 1212 Confringam
1792 1151 1928 1210 ἰΙΙοε,
1970 1164 2058 1199 nec
2107 1155 2342 1211 poterunt

1350 1217 1483 1261 stare
1503 1228 1516 1262 :
1533 1214 1708 1261 cadent
1726 1214 1905 1260 subtus
1927 1215 2073 1272 pedes
2088 1226 2244 1261 meos,

1415 1275 1479 1323 Et
1502 1275 1803 1334 praecinxisti
1826 1288 1907 1323 me
1929 1277 2114 1323 virtute
2147 1277 2208 1324 ad
2239 1274 2343 1323 bel-

1354 1336 1461 1383 lum
1480 1353 1493 1386 z
1510 1341 1556 1384 et
1583 1336 1917 1396 supplantasti
1939 1338 2258 1397 insurgentes
2286 1337 2340 1384 in

1353 1399 1627 1445 mesubtus
1639 1411 1739 1445 me.

1415 1459 1479 1507 Et
1497 1459 1731 1506 inimicos
1747 1471 1885 1506 meos
1896 1459 2076 1507 dedisti
2092 1459 2219 1507 mibi
2232 1459 2343 1506 dor—

1353 1531 1503 1568 sum:
1539 1525 1584 1567 et
1607 1521 1831 1568 odientes
1867 1533 1947 1568 me.
1978 1520 2342 1580 disperdidisti.

1415 1582 1800 1640 maman-runt,
1832 1594 1919 1629 nec
1942 1587 2046 1629 erat
2074 1583 2345 1643 quisalvos

1355 1642 1534 1692 faceret
1554 1660 1566 1693 ε
1583 1645 1644 1692 ad
1667 1645 1803 1692 Dum
1819 1681 1831 1702 ,
1854 1657 1941 1692 nec
1962 1645 2216 1693 exaudivit
2241 1657 2342 1692 eos,

1415 1706 1479 1754 Et
1509 1706 1855 1754 comminuam
1884 1719 1965 1754 eos
1996 1711 2052 1753 ut
2086 1708 2344 1767 pulverem

1354 1772 1469 1815 ante
1493 1768 1667 1816 faciem
1694 1769 1829 1817 venti
1853 1784 1866 1818 ε
1890 1774 1946 1816 ut
1970 1769 2135 1817 lutum
2158 1770 2346 1828 platea-

1355 1842 1471 1877 rum
1489 1831 1658 1878 delebo
1679 1843 1779 1878 eos

1416 1891 1614 1950 Eripies
1650 1905 1730 1941 me
1766 1893 1829 1940 de
1864 1891 2346 1940 contradictionibus

1355 1953 1525 2012 populi
1546 1954 1849 2004 :constitues
1869 1954 2022 2002 mein
2040 1959 2190 2012 caput
2210 1952 2345 2001 Gen-

1354 2014 1508 2062 tium.

1418 2075 1642 2135 Populus
1673 2088 1826 2135 quem
1866 2089 1966 2124 non
1999 2075 2208 2136 cognovi
2246 2087 2347 2122 ser-

1356 2135 1485 2246 viygt·
1505 2138 1635 2184 mihi
1654 2152 1668 2187 ε
1685 2139 1739 2185 in
1767 2138 1944 2202 auditu
1967 2137 2109 2185 auris
2128 2136 2347 2184 obedivit

1356 2209 1430 2246 mi
1471 2212 1506 2247 1.

1420 2260 1538 2308 Filii
1556 2261 1707 2310 alieni
1721 2260 1920 2309 mentiti
1934 2266 2053 2309 sunt
2075 2260 2204 2308 mihi
2223 2276 2236 2309 z
2256 2259 2348 2307 filii

1356 2324 1510 2371 alieni
1533 2324 1795 2371 inveterati
1817 2329 1962 2382 sunt,
1982 2329 2029 2372 et
2045 2323 2350 2371 claudicave-

1360 2389 1482 2432 runt
1504 2397 1532 2433 a
1550 2385 1746 2434 semitis
1761 2386 1889 2433 suis,

1419 2447 1563 2495 Vivit
1607 2448 1744 2505 bns,
1783 2452 1831 2495 et
1875 2447 2167 2495 benedictus
2212 2446 2351 2494 Deus

1359 2506 1529 2557 meus:
1543 2514 1590 2556 et
1605 2511 1844 2558 exaltetur
1860 2510 1995 2556 Deus
2011 2509 2191 2557 salutis
2206 2520 2347 2555 meae.

1421 2571 1557 2618 Deus
1590 2572 1679 2630 qui
1711 2571 1802 2618 das
1835 2570 2085 2618 vindictas
2115 2569 2271 2627 mibi,
2303 2572 2352 2616 et

1360 2632 1538 2679 subdis
1576 2632 1782 2691 populos
1827 2631 1922 2679 sub
1968 2644 2078 2679 me:
2117 2631 2350 2678 liberator

1361 2706 1509 2741 meus
1529 2693 1589 2740 de
1607 2692 1830 2740 inimicis
1847 2692 1975 2739 meis
1997 2692 2272 2739 iracundis,

1425 2754 1488 2803 Et
1510 2754 1574 2801 ab
1595 2754 1977 2813 insurgentibus
2001 2753 2050 2799 in
2071 2765 2151 2801 mc
2168 2754 2355 2802 exalta-

1363 2815 1441 2863 bis
1464 2828 1545 2864 me
1565 2831 1577 2864 :
1595 2829 1623 2863 a
1641 2816 1748 2863 viro
1766 2816 1941 2875 iniquo
1955 2814 2137 2873 eripies
2157 2828 2256 2863 me.

1425 2878 1693 2937 Propterea
1710 2878 1978 2925 confitebor
2000 2877 2090 2924 tibi
2110 2878 2161 2925 in
2193 2877 2355 2925 natio-

1365 2940 1518 2988 nibus
1534 2941 1643 2988 Diie
1672 2955 1683 2990 ε
1707 2945 1753 2989 et
1777 2940 1972 2988 nomini
1989 2944 2074 2986 tuo
2100 2940 2354 2999 psalmum

1362 3002 1547 3050 dicam.

1425 3063 1764 3123 Magnificans
1779 3063 1963 3111 salutes
1977 3063 2133 3121 Regis
2148 3061 2259 3120 eJus
2270 3098 2283 3120 ,
2307 3066 2357 3109 et

1364 3125 1554 3173 faciens
1596 3126 1995 3173 misericordiam
2028 3124 2228 3172 Christo
2264 3134 2357 3170 suo

1365 3188 1525 3236 David
1560 3193 1636 3236 :et
1658 3188 1842 3235 semini
1865 3187 1976 3246 ejns
1997 3198 2158 3246 usque
2190 3186 2242 3232 in
2265 3196 2358 3232 sae-

1365 3250 1559 3297 culum.

1429 3310 1604 3359 Gloria
1637 3309 1796 3358 Patri.

1430 3371 1534 3419 Per
1576 3373 1705 3419 Ado.
1744 3374 1806 3419 Α.
1848 3370 2053 3419 Orietur
2091 3370 2143 3416 in
2181 3366 2358 3415 diebus

1366 3434 1479 3493 ejus
1507 3434 1733 3495 justitia,
1774 3437 1820 3481 et
1854 3430 2163 3481 abundantia
2195 3429 2355 3489 pacis;
