2910 4457
529 432 649 497 196

534 580 642 631 Oet.
678 578 873 644 Epiph.

525 645 947 711 Dedicationefit
1003 645 1251 706 ervitium,
1269 644 1371 693 sive
1383 642 1448 693 de
1461 642 1558 692 ali-

525 730 625 781 quo
635 711 776 777 festo
801 712 873 761 ix.
901 711 1186 761 lectionum.

594 776 633 844 δ
661 775 854 843 187.)
879 779 965 826 An
990 776 1136 826 ΜΑτ.
1164 773 1276 825 Ῑηυ.
1300 774 1448 824 Filiae
1478 773 1559 823 si-

528 862 599 895 on
649 846 862 894 currite:
914 849 1096 893 assunt
1145 844 1284 891 enim
1334 839 1560 890 celebria

525 912 710 962 Matris
744 915 932 959 vestrae
967 908 1220 958 solennia.
1261 906 1559 983 Jubilemus

526 977 837 1095 &¹23⁰
850 981 1066 1089 1333&
1080 986 1561 1088 sentimas}

527 1109 599 1159 In
619 1106 866 1158 Paschai
899 1105 1144 1169 Tempore
1190 1101 1448 1168 (Λᾶ-ἰωῆς
1483 1102 1559 1151 al·

525 1175 702 1237 leluja.
727 1171 814 1222 Pe.
839 1172 1026 1221 Venite
1051 1171 1122 1235 (p.
1151 1172 1281 1234 122).

594 1239 748 1369 gyra.
785 1237 923 1289 Urbs
956 1237 1114 1288 beata
1148 1232 1481 1301 Hjerusalem
1506 1232 1559 1297 (ξ

591 1388 658 1437 ΙΝ
679 1387 865 1435 Pamo
888 1385 1053 1436 Nocr.
1071 1383 1136 1434 A.
1154 1383 1347 1434 Tollite
1364 1386 1561 1447 portas,

527 1454 790 1520 principes
815 1459 1047 1514 vestras;
1073 1458 1125 1501 et
1142 1450 1420 1500 elevamini
1439 1464 1561 1514 por-

527 1527 596 1570 tae
621 1518 909 1569 aeternales.
943 1517 1012 1568 In
1034 1515 1282 1567 Paschali
1316 1514 1561 1578 Tempore

530 1583 803 1718 [αάξῑίτιινξ
838 1585 1065 1648 alleluja.
1108 1580 1197 1633 Ps.
1222 1580 1332 1632 D‘iii
1355 1587 1434 1630 est
1460 1587 1561 1629 ter-

529 1669 591 1703 ra
635 1669 684 1717 p.
713 1656 770 1700 17
800 1689 810 1699 .

594 1734 660 1783 Α.
694 1733 838 1782 Vidit
860 1730 1031 1780 Jacob
1058 1729 1270 1790 scalam,
1291 1728 1561 1777 summitas

533 1801 682 1864 cujus
703 1798 864 1848 coelos
883 1806 970 1846 tan
1014 1796 1147 1856 ebat,
1174 1803 1224 1844 et
1242 1792 1562 1843 descenden-

527 1870 608 1915 tes
626 1864 871 1929 angelos;
898 1870 948 1912 et
1002 1863 1111 1923 ixit,
1137 1862 1272 1909 Vere
1289 1860 1440 1908 locus
1460 1860 1560 1907 iste

531 1936 745 1981 sanctus
786 1934 881 1978 est.
920 1926 988 1977 In
1021 1925 1205 1977 Pasch.
1240 1925 1411 1989 Temp.
1451 1921 1563 1989 [acl-

529 1995 710 2061 ditur];
729 1994 956 2058 alleluja.
989 1992 1078 2045 Pa.
1106 1994 1252 2042 Deus
1271 1997 1450 2041 noster
1481 2005 1561 2039 re-

530 2064 732 2129 fugium
758 2063 829 2127 (p.
852 2061 955 2124 46).

595 2144 661 2194 Α.
682 2142 811 2193 Cum
831 2143 913 2193 evi
953 2142 1133 2191 ilasset
1150 2138 1321 2189 Jacob
1344 2138 1406 2187 de
1426 2153 1565 2187 som-

531 2228 618 2275 no,
645 2211 743 2261 ait:
773 2210 908 2261 Vere
954 2224 1081 2259 ocus
1105 2209 1203 2258 iste
1232 2210 1443 2256 sanctus
1471 2211 1564 2254 est.

531 2278 603 2328 In
626 2276 811 2327 Pasch.
843 2276 1012 2356 Temss.
1036 2272 1310 2341 [additurh
1335 2271 1565 2335 alleluja.

533 2342 623 2394 Pa.
647 2344 875 2408 Magnus
901 2344 1016 2391 Dns
1042 2339 1207 2403 (ibid.)

597 2406 687 2468 vs,
713 2409 940 2457 Domum
964 2413 1105 2455 tuam
1132 2408 1184 2467 (ξ
1213 2402 1343 2471 166).
1385 2400 1564 2466 Lec.j.

624 2485 1104 2533 uormNscuNth,
1118 2472 1300 2520 fratres
1323 2469 1565 2519 charissi-

534 2485 727 2600 (Qmi,
764 2538 941 2587 altaris
973 2538 1062 2587 vel
1097 2536 1276 2602 templi
1308 2536 1564 2586 festivita-

532 2613 638 2656 tem
672 2605 908 2665 colimuS,
943 2606 987 2653 si
1024 2604 1246 2652 fideliter
1269 2610 1320 2652 et
1345 2601 1565 2666 diligen-

533 2677 613 2721 ter
637 2671 967 2732 attendimus,
1006 2677 1057 2720 et
1085 2672 1170 2736 pie
1195 2676 1244 2718 et
1260 2670 1405 2732 juste
1429 2668 1565 2715 vivi-

532 2753 665 2800 muS,
686 2736 932 2802 quicquid
956 2738 1009 2785 in
1033 2735 1239 2800 templis
1253 2732 1565 2782 manufactis

534 2804 721 2880 agitur,
757 2810 925 2852 totum
957 2804 1011 2852 in
1038 2803 1190 2852 nobis
1216 2800 1476 2865 spirituali
1500 2814 1566 2847 ae·

535 2868 832 2918 dificatione
884 2869 1186 2933 completur.
1248 2869 1366 2916 Non
1428 2866 1567 2914 enim

531 2937 780 2984 mentitus
822 2941 902 2984 est
930 2935 1020 2984 ille
1055 2936 1144 2998 qui
1179 2933 1331 2982 dixit:
1376 2933 1565 2995 Temp-

537 2999 649 3049 lum
691 3001 828 3049 enim
861 3001 962 3049 Dei
1003 3007 1239 3050 sanctum
1281 3005 1385 3059 est3
1428 2996 1570 3061 quod

535 3067 660 3116 estis
694 3081 808 3115 vos.
843 3067 910 3115 Et
946 3068 1155 3116 iterum:
1194 3066 1417 3115 Nescitis
1443 3064 1568 3128 quia

536 3147 755 3198 corpora
778 3138 953 3181 vestra
974 3132 1226 3196 templum
1250 3137 1373 3180 sunt
1405 3130 1566 3194 Spiri-

533 3205 617 3249 tus
640 3199 857 3247 Sancti?
890 3198 1091 3259 Quibus
1112 3198 1323 3258 meritis,
1348 3197 1450 3245 nisi
1474 3211 1567 3260 per

573 3266 754 3314 ratiam
789 3265 911 3327 Dei,
946 3265 1224 3315 meruimus
1254 3263 1368 3312 fieri
1401 3267 1567 3326 temp-

556 3347 642 3381 um
659 3331 796 3380 Dei?

602 3414 649 3476 R
685 3417 728 3462 1.
779 3412 841 3461 In
892 3410 1217 3461 dedicatione
1256 3407 1437 3473 templi
1477 3407 1567 3457 de-

537 3478 783 3529 cantabat
845 3478 1033 3543 opulus
1058 3476 1289 3525 laudem:
1315 3477 1383 3524 Et
1401 3475 1457 3523 in
1478 3489 1567 3524 ore

540 3560 717 3594 eorum
749 3545 817 3592 du
840 3545 916 3594 cis
956 3542 1236 3593 resonabat
1275 3556 1454 3590 sonuS.
1498 3537 1567 3588 I‘n

537 3608 783 3660 Panchali
832 3609 950 3659 Tem
987 3624 1074 3659 ore
1101 3604 1399 3673 [additurh
1441 3604 1567 3655 alle·

536 3674 659 3738 luja.
696 3673 763 3728 V.
797 3675 939 3726 Obtu
964 3682 1114 3725 erunt
1144 3673 1457 3723 sacrificium
1480 3687 1568 3721 su·

535 3755 629 3805 per
652 3738 814 3789 altare
837 3739 957 3804 Dfii,
993 3746 1046 3790 et
1076 3739 1374 3790 ceciderunt
1405 3738 1462 3787 in
1492 3739 1569 3787 fa-

539 3806 646 3855 cies
692 3820 833 3869 suas,
879 3813 932 3856 et
981 3805 1333 3856 adoraverunt
1376 3806 1567 3854 Deum.

1239 443 1289 484 m
1313 443 1650 482 nsulcnlouss
1676 440 1955 481 Eccmsls.

2353 420 2405 486 (ἓ
2428 425 2695 477 166-168

1085 577 1158 628 ad
1190 575 1318 636 XI„-
1348 576 1452 627 σίνε
1489 575 1556 626 de
1653 576 1725 625 Et
1760 571 1835 641 [in
1874 588 1965 622 ore
1999 587 2178 622 eorum
2212 570 2382 621 dulcis
2405 572 2703 625 resonabat

1655 656 1837 692 sonus.
1861 639 1931 690 In
1946 636 2012 688 P.
2042 637 2097 686 T.
2120 636 2364 698 additam-3
2390 637 2559 704 all'a].

1903 703 1941 769 g
1972 700 2174 783 1680)
2199 701 2377 754 Lecti-0
2398 704 2459 769 ϋ-

1750 784 1990 820 uanum
2002 787 2139 821 emm
2191 785 2456 831 ossumus‚
2477 785 2608 819 cum
2623 770 2701 835 ip-

1658 770 1748 887 Θ
1768 840 1876 887 sius
1895 787 2490 901 adjutoriolaboremua
2509 851 2585 884 ne
2598 837 2704 885 De-

1658 919 1721 954 us
1745 910 1924 953 noster
1947 904 2002 952 in
2025 902 2221 967 templo
2257 916 2355 951 suo
2382 900 2512 964 (hoc
2540 908 2624 950 est
2647 903 2703 950 in

1658 968 2076 1036 nobismetipsis)
2094 969 2329 1017 inveniat
2348 967 2495 1032 quod
2513 966 2705 1017 oculos

1660 1051 1768 1085 suae
1801 1037 2087 1100 majestatis
2127 1032 2374 1083 offendat.
2410 1032 2521 1082 Sed
2553 1034 2705 1084 habi·

1659 1101 1893 1152 taculum
1952 1101 2124 1151 cordis
2182 1100 2349 1150 nostri
2405 1106 2706 1149 evacuetur

1659 1169 1819 1229 vitiis,
1846 1174 1897 1217 et
1917 1167 2199 1216 virtutibus
2221 1165 2520 1231 repleatur:
2556 1165 2705 1216 clau-

1662 1233 1814 1282 datur
1844 1233 2070 1296 diabolo,
2096 1240 2147 1282 et
2173 1233 2437 1296 aperiatur
2469 1231 2706 1282 Christo.

1659 1300 1729 1349 Et
1749 1301 1824 1348 ita
1846 1299 2157 1360 laboremne,
2181 1304 2239 1347 ut
2260 1297 2415 1347 nobis
2435 1297 2706 1347 bonorum

1662 1381 1878 1431 operum
1911 1365 2151 1414 clavibus
2167 1364 2385 1426 januam
2413 1364 2578 1429 regni
2602 1379 2704 1413 coe·

1660 1433 1808 1482 lestis
1841 1433 2041 1495 aperire
2067 1431 2345 1495 possimus.
2376 1429 2533 1478 Sicut
2564 1430 2706 1478 enim

1660 1498 1814 1547 malis
1873 1496 2117 1562 operibus
2163 1495 2335 1559 (quasi
2379 1494 2709 1557 quibusdam

1662 1565 1791 1614 seris
1825 1578 1888 1612 ac
1914 1561 2174 1623 vectibus)
2205 1563 2327 1610 vitae
2351 1560 2509 1609 nobis
2535 1562 2709 1624 janua

1663 1629 1937 1691 clauditur,
1975 1629 2050 1676 ita
2089 1628 2287 1691 absque
2330 1626 2493 1676 dubio
2545 1627 2705 1678 bonis

1664 1695 1907 1760 operibus
1933 1695 2178 1758 aperitur.

1729 1762 1775 1823 Ba
1800 1765 1845 1809 2.
1881 1759 2122 1809 Fundata
2155 1763 2234 1808 est
2266 1758 2455 1807 domus
2478 1756 2598 1807 Dfii
2620 1773 2707 1808 su-

1662 1843 1757 1892 per
1784 1827 2035 1875 verticem
2064 1826 2335 1885 montium,
2378 1829 2433 1873 et
2468 1824 2707 1873 exaltata

1665 1898 1745 1942 est
1770 1908 1927 1957 super
1963 1906 2143 1940 omnes
2170 1890 2360 1950 colles;
2405 1896 2459 1938 et
2481 1891 2708 1939 venient

1663 1959 1731 2008 ad
1772 1975 1887 2007 eum
1935 1972 2115 2007 omnes
2154 1962 2357 2022 gentes,
2398 1956 2471 2005 Et
2507 1956 2705 2018 dicent,

1663 2025 1844 2075 Gloria
1876 2023 1990 2085 tibi,
2024 2021 2158 2072 Diie.
2193 2020 2264 2071 In
2297 2019 2486 2072 Pasch.
2530 2021 2705 2087 Temp.

1665 2088 1938 2157 [additur-k
1963 2088 2190 2151 alleluja.
2214 2086 2280 2141 V.
2301 2088 2598 2138 Venientes
2617 2105 2708 2139 au-

1663 2165 1769 2206 tem
1803 2157 2017 2205 venient
2048 2170 2167 2204 cum
2202 2153 2547 2215 exultatione,
2587 2171 2707 2219 por·

1663 2228 1836 2273 tantes
1876 2221 2172 2286 manipulos
2211 2237 2354 2270 suos.
2397 2221 2466 2269 Et
2508 2220 2705 2283 dicent,

1668 2289 1866 2355 [Gloria
1888 2289 1998 2350 tibi,
2024 2286 2159 2339 Dfie.
2184 2286 2254 2337 I‘n
2278 2285 2343 2337 P.
2379 2285 2438 2336 Τ.
2463 2287 2707 2348 additur,-

1665 2353 1821 2420 all'a.]
2478 2351 2607 2403 Lec.
2631 2354 2709 2420 iii.

1752 2435 1782 2468 ἰ’
1814 2419 1948 2481 iden,
1981 2419 2167 2469 fratres
2196 2417 2504 2479 charissimi,
2542 2436 2707 2470 unus-

1661 2435 1752 2548 IE
1769 2486 1987 2549 quisque
2006 2484 2300 2534 consideret
2319 2486 2708 2536 conscientiam

1665 2568 1826 2602 suam.
1868 2551 1935 2599 Et
1974 2567 2133 2614 quum
2172 2551 2347 2613 aliquo
2385 2551 2608 2600 crimine
2648 2568 2706 2601 se

1662 2617 1992 2667 vulneratum
2033 2632 2146 2665 esse
2181 2617 2511 2682 cognoverit,
2556 2619 2703 2682 prius

1666 2682 2007 2745 orationibus,
2025 2683 2257 2746 jejuniis,
2282 2681 2368 2731 vel
2400 2680 2702 2749 eleemosy-

1663 2751 1748 2800 nis
1785 2748 1993 2799 studeat
2030 2748 2281 2797 mundare
2316 2750 2709 2800 conscientiam

1665 2831 1829 2876 suam,
1856 2820 1907 2863 et
1924 2816 2001 2864 sic
2018 2815 2399 2863 Eucharistiam
2419 2820 2711 2879 praesumat

1665 2883 1918 2946 accipere.
1956 2881 2012 2929 Si
2036 2881 2187 2941 enim,
2224 2895 2561 2945 cognoscens
2589 2898 2707 2932 rea-

1664 2955 1774 2997 tum
1806 2962 1972 3009 suum,
2012 2947 2126 3013 ipse
2162 2962 2219 2996 se
2251 2961 2283 2994 a
2323 2945 2506 2996 divino
2551 2947 2709 2998 altari

1666 3013 1994 3075 subduxerit,
2047 3012 2151 3062 cito
2199 3011 2266 3060 ad
2310 3011 2709 3078 indulgentiam

1666 3080 1858 3129 divinae
1870 3078 2233 3128 misericordiae
2245 3078 2534 3143 perveniet.
2552 3080 2709 3143 Quia,

1666 3147 1801 3196 sicut
1825 3146 1913 3207 qui
1937 3160 1993 3193 se
2011 3144 2207 3194 exaltat
2223 3144 2605 3209 humiliabitur,
2634 3148 2710 3196 ita

1666 3211 1961 3262 econtrario
1986 3211 2076 3274 qui
2101 3226 2155 3260 se
2177 3210 2421 3260 humiliat
2444 3213 2708 3262 exaltabi·

1665 3284 1763 3327 tur.
1783 3276 1886 3336 Qui
1904 3277 2042 3325 enim
2054 3272 2216 3339 (sicut
2234 3275 2378 3344 dixi),
2401 3292 2708 3342 agnoscens

1665 3349 1866 3392 reatum
1905 3358 2071 3405 suum,
2095 3343 2207 3407 ipse
2249 3359 2305 3392 se
2328 3343 2599 3394 humiliter
2641 3344 2710 3394 ab

1666 3409 1817 3458 altari
1864 3407 2050 3458 eodem
2088 3424 2181 3474 pro
2218 3409 2590 3459 emendatione
2626 3426 2708 3460 re·

1665 3490 1875 3523 movere
1909 3474 2148 3536 voluerit,
2179 3481 2372 3524 aeterno
2398 3475 2492 3525 illo
2521 3483 2576 3526 et
2600 3491 2709 3527 αω-

1664 3539 1785 3590 lesti
1819 3541 2065 3589 convivio
2091 3541 2467 3591 communicari
2488 3543 2708 3607 penitus

1665 3621 1775 3656 non
1796 3606 2013 3656 timebit.

1731 3672 1779 3735 Bc
1803 3675 1848 3722 3.
1873 3673 2029 3721 Mane
2058 3686 2279 3738 surgens
2303 3670 2497 3734 Jacob,
2535 3674 2613 3724 eri
2656 3689 2708 3724 e·

1664 3737 1758 3788 bat
1772 3737 2000 3802 lapidem
2016 3738 2309 3787 intitulum.
2326 3737 2584 3790 Fundens
2598 3756 2632 3790 o
2658 3756 2709 3789 e-

1666 3819 1753 3854 um
1778 3802 2013 3868 desuper,
2032 3810 2215 3854 votum
2229 3804 2380 3855 vovit
2395 3802 2542 3853 D'flo.
2567 3807 2708 3856 Vere
