2910 4457
1198 447 2104 518 PROLEGOMENORUM

991 605 1400 663 EDITIONIS
1443 602 1783 662 ALTERAE
1825 559 2315 659 CONCLUsmss

721 771 847 827 Post
869 771 1197 842 divulgatam
1216 774 1314 826 sub
1338 773 1503 825 finem
1527 772 1651 825 anni
1680 771 1959 840 superioris
1977 769 2262 823 editionem
2290 769 2531 838 priorem,
2550 787 2658 823 non

647 859 805 912 modo
842 858 1087 928 quaedam
1129 860 1541 923 emendavimus,
1577 857 1823 927 quaedam
1860 857 2067 926 plenius
2102 857 2463 925 exposuimuS,
2500 872 2659 927 expo·

648 949 967 1018 sitionesque
991 950 1243 1018 plurimas
1267 948 1333 1002 de
1365 965 1517 1012 novo,
1540 949 1738 1017 partim
1771 949 1909 999 inter
1930 947 2127 1015 priores
2148 917 2279 1026 lpcis
2311 946 2437 1009 suia,
2461 947 2654 1014 partim

649 1034 716 1085 ad
755 1035 915 1087 finem
952 1034 1274 1098 addidimus,
1310 1034 1503 1088 verum
1540 1036 1703 1087 etiam
1739 1033 1987 1103 pleraque
2022 1029 2163 1085 cum*
2187 1031 2473 1084 Breviariis
2513 1031 2653 1085 Ebo-

550 1190 574 1199 -
649 1123 867 1185 racensi,
896 1121 1282 1186 Herefordensi,
1307 1130 1362 1174 et
1387 1121 1629 1174 Romano
1661 1120 1987 1190 contulimus
2007 1118 2234 1189 3—quod
2258 1129 2569 1189 utrumque,
2593 1129 2653 1172 ut

646 1208 797 1259 nobis
819 1208 946 1260 satis
976 1208 1294 1261 laboriosum
1320 1207 1438 1271 fuit,
1464 1208 1540 1260 ita
1560 1208 1742 1260 lectori
1778 1216 1833 1261 et
1866 1207 2216 1259 utilissimum
2249 1214 2303 1259 et
2325 1206 2654 1276 jucundissi-

648 1311 799 1346 mum
847 1294 953 1348 fore
1001 1312 1288 1365 speramus.
1353 1296 1533 1360 Plura,
1576 1311 1642 1348 ne
1686 1295 1994 1348 continuato
2032 1293 2209 1346 labore
2255 1299 2449 1357 no'stm,
2489 1309 2653 1346 morae

637 1382 754 1450 jam
781 1381 874 1434 diu
900 1383 1200 1452 impatienti
1234 1383 1389 1436 Clero
1419 1384 1554 1435 liber
1586 1383 1945 1452 optat-issimus
1976 1379 2206 1450 amplius
2240 1380 2546 1449 denegetur,
2583 1382 2651 1433 ad

644 1467 921 1521 fasciculos
958 1477 1236 1537 sequentes
1265 1470 1494 1539 relegare
1531 1470 1702 1522 coacti
1734 1468 2154 1530 sumna—Quo
2187 1466 2309 1520 vero
2342 1466 2567 1521 faustius
2591 1487 2653 1522 ac

644 1555 848 1608 felicius
871 1555 1186 1610 fasciculum
1208 1556 1350 1608 hunc
1373 1556 1430 1608 in
1452 1556 1630 1608 lucem
1648 1557 1843 1609 iterum
1867 1556 2192 1618 emittamuS,
2204 1555 2375 1624 ipsius
2399 1555 2654 1609 Breviarii

649 1641 1051 1696 Sarisburiensis
1068 1645 1239 1697 verbis
1256 1643 1376 1710 (sub
1394 1643 1550 1696 titulo
1574 1643 1702 1694 “De
1718 1642 1887 1695 Horis
1908 1642 2191 1696 Canonicis
2213 1642 2417 1694 attende
2439 1643 2653 1710 diliqen-

649 1729 770 1779 tet-”z
800 1746 851 1780 v.
878 1746 930 1797 p.
956 1730 1046 1797 vii)
1070 1730 1210 1782 hanc
1234 1729 1665 1798 qualemcunque
1689 1729 2108 1782 Annotationem
2133 1736 2365 1781 nostram
2391 1729 2652 1794 claudere,

647 1822 700 1865 et
723 1814 841 1866 libri
867 1814 1205 1884 pulcherrimi
1232 1823 1440 1869 textum
1464 1817 1643 1885 ipsum
1667 1817 1948 1868 lectoribus
1970 1814 2335 1869 commendare
2356 1816 2531 1869 liceat.

715 1903 747 1928 “
774 1898 832 1952 Is
861 1901 1095 1971 profecto
1117 1902 1210 1971 qui
1234 1901 1411 1955 Horas
1445 1903 1745 1956 Canonicas
1775 1902 1907 1955 dicit
1938 1901 2141 1967 devote,
2165 1900 2429 1971 copiosius
2463 1920 2497 1955 a
2533 1904 2650 1957 Deo

643 1990 675 2014 “
700 1988 1077 2055 praemiabitur,
1102 1989 1159 2040 in
1191 1989 1624 2042 tribulationibus
1656 1990 1766 2042 suis
1796 1989 2166 2052 consolabitur,
2190 1993 2225 2041 at
2256 1990 2500 2058 periculis
2536 2008 2650 2060 pre-

639 2075 670 2100 “
697 2075 1004 2139 servabitur,
1046 2077 1276 2145 gratiam
1326 2075 1432 2129 Dei
1479 2077 1792 2145 ampliorem
1840 2077 2099 2129 obtinebit
2144 2086 2197 2130 et
2244 2062 2486 2146 gloriam,
2528 2095 2649 2132 con-

644 2163 675 2188 “
702 2162 976 2214 scientiam
1013 2179 1160 2215 suam
1197 2162 1430 2227 alleviat,
1466 2164 1728 2216 tributum
1767 2163 1885 2217 Deo
1920 2164 2077 2216 solvit
2111 2171 2165 2217 et
2201 2164 2455 2217 debitum.
2531 2165 2649 2219 Ser-

641 2251 673 2276 “
700 2250 839 2302 vitus
876 2252 1074 2321 quippe
1115 2252 1440 2305 clericorum
1477 2260 1557 2305 est
1595 2252 1833 2321 quotidie
1858 2262 2081 2329 ‘septem
2125 2252 2399 2305 Horarum
2439 2256 2651 2308 servitia

642 2336 674 2360 “
699 2335 1003 2401 persolvere.
1077 2336 1169 2389 Illi
1209 2339 1468 2391 nimirum
1504 2339 1699 2408 Angeli
1748 2339 1853 2391 Dei
1885 2348 2043 2391 erunt
2081 2338 2362 2392 familiares
2400 2341 2555 2397 amici
2596 2351 2653 2394 et

643 2422 675 2448 “
701 2421 969 2484 custodes;
1004 2431 1056 2475 et
1080 2439 1307 2494 quaeque
1337 2427 1483 2479 illius
1515 2442 1672 2496 opera
1704 2434 1860 2480 erunt
1890 2444 1958 2480 ex
1980 2434 2108 2479 tunc
2133 2445 2166 2480 a
2190 2427 2306 2479 Deo
2338 2429 2651 2497 acceptiora,

642 2511 674 2535 ‘⁴
699 2508 819 2575 plus
854 2509 953 2560 sibi
988 2513 1273 2575 meritoria,
1305 2522 1359 2566 et
1392 2514 1529 2566 vivis
1561 2514 1927 2583 defunctisque
1953 2515 2189 2593 0utiliora.
2265 2514 2383 2567 Has
2418 2513 2652 2584 denique

641 2598 674 2622 ‘⁴
700 2595 960 2649 orationes
988 2597 1133 2650 Deus
1157 2600 1317 2653 citius
1339 2609 1392 2654 et
1414 2599 1670 2654 libentius
1693 2601 1915 2655 exaudit
1937 2606 2101 2671 quam
2126 2602 2258 2656 alias
2280 2602 2553 2672 privata8.'’

796 2722 996 2768 Sabbato
1019 2724 1184 2769 Sancto
1206 2727 1253 2771 in
1283 2724 1462 2786 Vzgilia
1483 2725 1673 2772 Paschae
1686 2744 1702 2772 :

867 2805 1002 2850 Anno
1026 2806 1201 2852 Salutis
1224 2807 1644 2853 MDCCCXLIII.

1233 2932 1413 3015 Δόξα
1442 2934 1510 2999 ἐν
1539 2935 1841 3022 ὑψίστοις·
1874 2938 2052 3025 Θεῲἔ

1359 3096 1651 3496 ᾧ
