2910 4457
694 414 808 474 118
1365 431 1423 470 m
1468 430 1696 470 vicinus

689 548 741 594 et
780 544 1106 604 Redemptor,
1149 541 1420 592 animabus
1449 542 1686 591 omnium

691 605 919 656 fidelium
949 604 1304 655 detunctorum
1332 602 1684 653 remissionem

690 672 990 716 cunctorum
1037 665 1203 715 tribue
1244 670 1580 725 peccatorum,
1633 671 1688 713 ut

692 727 1061 789 indulgentiam
1085 740 1242 788 quam
1264 740 1462 786 semper
1487 733 1689 788 optave-

692 795 815 838 runt
859 789 957 850 piis
1008 788 1462 861 supplicationibus
1512 802 1685 861 conse-

690 850 1202 985 ?fflffipssmvffi?
1219 851 1495 973 ἐῖἥῖἔὲὶξ
1504 852 1690 972 Ἓὲιῖἒῖ

691 976 789 1025 Per
810 987 984 1023 omnia
1008 976 1190 1025 saecula
1219 976 1544 1025 saeculorum.
1564 974 1687 1024 Am.

751 1036 872 1087 Non
897 1038 1103 1086 dicatur
1133 1037 1243 1086 Diis
1273 1037 1386 1086 vob.
1408 1050 1566 1098 neque
1587 1038 1690 1086 Re-

690 1097 951 1160 quiescant
971 1098 1025 1147 in
1048 1111 1167 1159 pace
1190 1100 1397 1160 quando
1425 1100 1691 1148 immedia-

695 1161 742 1211 ed
761 1161 990 1225 sequitur
1009 1159 1203 1221 Dirige.

916 1241 1012 1291 AD
1043 1241 1471 1294 MATUTINAS.

829 1302 931 1391 [In
950 1306 1162 1391 primo
1195 1303 1561 1392 Nocturna]

755 1409 892 1456 Ar‘m.
903 1408 1075 1467 Dirige
1086 1410 1192 1457 Diie
1206 1409 1342 1457 Deus
1355 1422 1501 1457 meus
1518 1409 1569 1456 in
1582 1421 1697 1457 con-

693 1470 1110 1530 spectutuoviam
1127 1483 1313 1519 meam.
1331 1471 1425 1519 Pa.
1449 1471 1510 1530 (ὅ)
1526 1471 1694 1520 Verba

696 1532 1204 1582 mea.A.Convertere
1226 1533 1354 1592 Due,
1376 1538 1424 1582 et
1439 1536 1574 1592 eripe
1589 1533 1697 1581 ani-

698 1606 838 1644 mam
872 1607 1069 1655 meam;
1091 1595 1337 1654 quoniam
1374 1608 1475 1643 non
1519 1601 1594 1644 est
1637 1595 1692 1642 in

697 1662 859 1706 morte
873 1657 963 1716 qui
980 1669 1173 1705 memor
1189 1658 1257 1705 sit
1275 1657 1368 1705 tui.
1387 1657 1572 1717 Ps.(6.)
1584 1658 1696 1705 Dite

702 1731 768 1768 ne
786 1718 842 1766 in
876 1718 1045 1766 furore
1059 1718 1108 1779 j.
1146 1720 1508 1779 A.Nequando
1534 1718 1694 1777 rapiat

699 1786 759 1828 ut
780 1781 855 1829 leo
884 1781 1113 1829 animam
1137 1794 1321 1839 meam,
1345 1782 1471 1829 dum
1499 1793 1599 1828 non
1620 1785 1696 1827 est

701 1842 793 1901 qui
816 1842 1065 1901 redimat,
1102 1855 1263 1902 neque
1284 1842 1373 1902 qui
1401 1843 1602 1891 salvum
1628 1841 1694 1889 sa-

703 1903 824 1954 ciat.
855 1904 947 1953 Ps.
974 1905 1055 1964 (7.)
1078 1904 1187 1953 Due
1207 1904 1345 1952 Deus
1366 1916 1532 1953 meus,

761 1964 824 2024 Ῡ.
849 1967 900 2015 Α
930 1972 1074 2026 porta
1109 1965 1280 2015 inferi.
1312 1977 1377 2028 13²·
1417 1965 1553 2015 Erue
1586 1966 1696 2014 Due

699 2028 903 2077 animas
919 2041 1115 2078 eorum.

763 2091 912 2140 Pater
934 2097 1105 2139 noster
1125 2090 1368 2152 [secretdj.

762 2153 827 2202 Et
843 2165 908 2202 ne
928 2166 1038 2202 nos.
1057 2154 1151 2202 Sed
1175 2153 1350 2202 libera.

766 2214 883 2266 Non
899 2215 1102 2264 dicatur
1121 2214 1153 2263 J
1156 2215 1270 2264 ube.

810 2277 977 2325 Lectio
992 2277 1187 2337 prima.
1209 2275 1319 2325 Job.
1342 2276 1435 2337 vij.
1459 2277 1572 2336 (16.)

703 2350 903 2453 Parce
930 2338 1058 2387 mihi
1088 2339 1219 2399 Dfie3
1244 2338 1374 2385 nibil
1409 2337 1548 2388 enim
1577 2343 1699 2387 sunt

789 2400 897 2449 dies
909 2399 1029 2448 mei.
1042 2399 1179 2460 Quid
1189 2404 1264 2448 est
1273 2399 1440 2458 homo,
1452 2402 1574 2459 quia
1589 2413 1700 2449 ma-

702 2460 916 2522 gnificas
936 2473 1078 2521 eum3
1100 2465 1189 2508 aut
1211 2461 1332 2520 quid
1349 2462 1563 2520 apponis
1582 2474 1699 2522 erga

703 2535 823 2572 eum
835 2534 920 2570 cor
936 2523 1113 2570 tuum‘t
1129 2521 1319 2570 Visitas
1329 2534 1448 2570 eum
1460 2522 1699 2582 diluculo,

703 2589 754 2636 et
798 2583 965 2633 subito
1011 2583 1193 2644 probas
1226 2581 1394 2631 illum.
1426 2583 1702 2644 Usquequo

706 2659 808 2696 non
831 2646 999 2706 parcis
1018 2645 1172 2705 mihi,
1198 2656 1289 2694 nec
1302 2644 1521 2694 dimittis
1539 2658 1624 2694 me
1644 2652 1703 2694 ut

707 2709 921 2772 glutiam
958 2709 1172 2757 salivam
1209 2709 1412 2757 meam?
1442 2708 1653 2758 Peccavi
1687 2723 1700 2757 :

741 2771 829 2822 uid
844 2771 1021 2821 faciam
1038 2770 1149 2831 tibi,
1166 2769 1195 2820 ὀ
1216 2776 1384 2820 custos
1398 2770 1701 2820 hominum?

757 2846 880 2883 uare
907 2833 1120 2893 posuisti
1140 2845 1222 2882 me
1241 2833 1554 2882 contrarium
1589 2832 1700 2891 tibi,

706 2900 757 2944 et
788 2895 950 2944 factus
980 2907 1097 2944 sum
1133 2895 1468 2956 mihimetipsi
1498 2895 1702 2955 gravis?

707 2956 813 3006 Cur
845 2969 948 3005 non
983 2957 1119 3005 tollis
1149 2963 1405 3016 peccatum
1436 2970 1630 3019 meum,
1655 2964 1704 3008 et

744 3030 866 3067 uare
877 3030 979 3065 non
991 3017 1160 3066 aufers
1171 3018 1495 3077 iniquitatem
1511 3023 1706 3069 meam?

711 3031 835 3129 {cce
856 3078 1067 3126 nuncin
1092 3079 1296 3138 pulvere
1324 3080 1552 3137 dormi03
1588 3087 1636 3129 et
1659 3083 1704 3130 si

709 3154 860 3191 mane
878 3153 960 3190 me
989 3140 1252 3202 quaesieris
1281 3153 1383 3189 non
1405 3142 1702 3192 subsistam.

707 3204 826 3255 Non
843 3205 1046 3253 dicatur
1065 3203 1145 3251 Tu
1164 3208 1355 3251 autem.

769 3279 816 3329 13²
833 3267 883 3315 1.
901 3266 1062 3316 Credo
1078 3266 1211 3327 quod
1235 3266 1543 3325 Redemptor
1559 3277 1705 3315 meus

710 3328 836 3378 vivit
860 3333 944 3378 :et
975 3329 1030 3377 in
1062 3327 1338 3378 novissimo
1367 3328 1448 3377 die
1477 3328 1540 3378 de
1569 3334 1703 3377 terra

711 3395 1037 3443 surrecturus
1065 3404 1210 3441 sum:
1232 3389 1297 3440 Et
1327 3391 1380 3439 in
1413 3403 1565 3441 carne
1593 3404 1704 3440 mea

710 3455 890 3505 videbo
936 3454 1100 3503 Deum
1147 3454 1457 3503 salvatorem
1511 3466 1703 3502 meum.

711 3514 774 3570 ἦ.
809 3518 975 3578 Quem
1005 3516 1211 3567 visurus
1244 3528 1361 3565 sum
1395 3528 1486 3576 ego
1517 3515 1622 3576 ipse
1657 3521 1706 3563 et

713 3592 816 3630 non
836 3579 969 3630 alius
994 3594 1007 3628 ε
1029 3584 1079 3629 et
1106 3579 1238 3629 oculi
1260 3578 1357 3637 mei
1388 3579 1703 3638 conspecturi

1737 429 2096 469 HORTUOBUH.

1782 545 1922 591 sunt.
1945 540 2008 591 Et
2024 541 2078 589 in
2094 552 2245 590 carne
2259 553 2369 590 mea
2391 540 2587 603 [videbo
2608 540 2770 589 Deum

1783 604 2094 654 salvatorem
2108 602 2300 663 meum]
2311 638 2324 651 .

1908 665 2074 714 Lectio
2097 666 2336 713 secunda.
2357 662 2468 713 Job.
2489 677 2549 712 cc.
2566 665 2653 725 (1.)

1788 729 2000 837 Taedet
2025 728 2252 776 animam
2273 738 2441 775 meam
2462 727 2578 775 vitae
2605 738 2731 775 meae
2757 742 2770 777 ε

1874 790 2131 838 dimittam
2142 789 2410 837 adversum
2421 800 2503 837 me
2513 788 2770 848 eloquium

1785 863 1977 900 meum.
1998 853 2200 911 Loquar
2223 851 2276 898 in
2297 850 2638 899 amaritudine
2659 853 2773 898 ani-

1786 925 1882 962 mae
1903 925 2028 961 meae
2046 929 2059 963 z
2080 913 2248 961 dicam
2265 913 2385 966 Deo,
2420 912 2533 963 Noli
2555 924 2638 960 me
2653 924 2772 960 con-

1785 975 2043 1024 demnare.
2080 975 2257 1024 Indica
2294 973 2424 1023 mihi
2460 986 2551 1023 cur
2585 986 2668 1022 me
2702 974 2773 1022 ita

1781 1037 1998 1096 judiceS.
2029 1036 2275 1097 Nunquid
2297 1037 2489 1086 bonum
2509 1035 2604 1084 tibi
2638 1036 2776 1084 vide·

1784 1103 1889 1158 tur,
1911 1099 1956 1148 si
1971 1099 2300 1147 calumnieris
2329 1104 2379 1147 et
2406 1099 2665 1159 opprimas
2695 1110 2777 1147 me

1786 1174 1914 1220 opus
1948 1174 2200 1210 manuum
2227 1165 2435 1209 tuarum
2478 1176 2491 1208 z
2528 1166 2575 1209 et
2611 1159 2779 1208 consi-

1788 1223 1916 1271 lium
1951 1224 2227 1283 impiorum
2257 1223 2504 1283 adJuves‘?
2526 1221 2775 1281 Nunquid

1786 1285 1921 1336 oculi
1936 1286 2105 1334 carnei
2120 1285 2209 1333 tibi
2225 1291 2374 1334 sunt:
2391 1289 2479 1332 aut
2492 1283 2624 1333 sicut
2641 1284 2778 1332 videt

1787 1346 1937 1395 homo
1967 1352 2015 1396 et
2052 1352 2107 1394 tu
2146 1347 2325 1396 vides?
2356 1347 2603 1406 Nunquid
2645 1347 2780 1393 sic-ut

1788 1408 1895 1457 dies
1925 1408 2150 1457 hominis
2174 1408 2285 1456 dies
2314 1410 2390 1455 tui
2416 1422 2429 1456 :
2458 1414 2506 1455 et
2536 1408 2662 1457 anni
2702 1408 2783 1455 tui

1788 1470 1920 1518 sicut
1958 1470 2185 1518 humana
2233 1474 2356 1517 sunt
2396 1472 2660 1529 tempora?
2711 1470 2782 1518 Ut

1789 1544 1987 1592 quaeras
1999 1532 2318 1593 iniquitatem
2337 1543 2522 1588 meam,
2542 1536 2592 1580 et
2607 1543 2784 1591 pecca-

1791 1598 1902 1642 tum
1938 1606 2111 1643 meum
2131 1594 2371 1643 scruteris
2399 1607 2412 1640 z
2435 1598 2484 1641 et
2504 1594 2638 1641 scias
2658 1593 2783 1652 quia

1792 1655 1917 1703 nihil
1931 1656 2150 1715 impium
2165 1655 2385 1704 fecerim.
2395 1653 2528 1704 Cum
2544 1655 2614 1703 sit
2629 1668 2782 1705 nemo

1792 1718 1959 1776 quide
1979 1729 2139 1765 manu
2161 1722 2247 1764 tua
2269 1718 2425 1778 possit
2445 1729 2639 1765 eruere.

1849 1790 1897 1840 13²
1925 1777 1974 1827 2.
2007 1778 2112 1839 Qui
2133 1780 2382 1827 Lazarum
2417 1779 2730 1827 resuscitasti
2752 1791 2784 1826 a

1790 1846 2122 1889 monumento
2150 1841 2380 1889 t'oetidum
2416 1856 2430 1889 t
2464 1841 2543 1888 Tu
2575 1841 2650 1888 eis
2672 1841 2787 1889 Due

1790 1904 1921 1952 dona
1940 1903 2165 1963 requiem
2183 1908 2230 1950 et
2247 1903 2412 1950 locum
2432 1901 2783 1963 indulgentiae.

1791 1962 1852 2025 ψ.
1876 1963 1980 2024 Qui
1997 1970 2245 2013 venturus
2261 1977 2314 2013 es
2322 1966 2342 2025 j
2350 1965 2553 2013 udicare
2569 1964 2715 2011 vivos
2735 1970 2787 2012 et

1791 2032 2020 2074 mortuos
2040 2031 2090 2075 et
2104 2027 2347 2076 saeculum
2371 2039 2457 2085 per
2481 2027 2650 2086 ignem
2672 2026 2787 2075 :Tu

1790 2088 1985 2137 eisDfie
2010 2087 2157 2148 [dona
2186 2089 2413 2148 requiem
2433 2094 2482 2137 et
2515 2090 2683 2137 locum
2704 2088 2788 2135 in-

1793 2149 2101 2212 dulgentiae.]

1939 2211 2106 2262 Lectio
2126 2211 2294 2260 tertia.
2312 2210 2423 2260 Job.
2448 2224 2506 2261 st..
2530 2210 2611 2273 (8.)

1799 2287 2030 2385 Manus
2062 2279 2161 2324 tuae
2183 2274 2404 2323 fecerunt
2434 2287 2532 2335 me,
2565 2280 2614 2322 et
2651 2275 2790 2334 plas-

1899 2343 2166 2386 maverunt
2183 2349 2264 2385 me
2281 2342 2441 2384 totum
2459 2337 2513 2384 in
2534 2337 2786 2385 circuitu:

1792 2404 1842 2448 et
1877 2399 1951 2448 sic
1983 2404 2185 2459 repente
2221 2397 2501 2458 praecipitas
2528 2401 2653 2448 me?
2676 2399 2791 2450 Me·-

1797 2466 2000 2520 ment0,
2034 2473 2231 2520 quaeso,
2270 2461 2404 2520 quod
2437 2461 2573 2508 sicut
2616 2461 2788 2509 lutum

1796 2522 1970 2570 seceris
2001 2534 2082 2570 me
2126 2537 2140 2572 ε
2172 2527 2221 2571 et
2254 2522 2308 2568 in
2344 2523 2602 2581 pulverem
2636 2523 2791 2571 redu·-

1796 2594 1876 2632 ces
1892 2595 1993 2632 me.
2008 2583 2189 2632 Nonne
2197 2583 2330 2631 sicut
2342 2584 2417 2632 lac
2432 2585 2658 2633 mulsisti
2677 2596 2791 2633 me:

1795 2649 1845 2693 et
1855 2645 1988 2692 sicut
2007 2657 2211 2693 caseum
2225 2658 2308 2693 me
2322 2647 2600 2707 coagulasti
2610 2649 2637 2695 Ἰ
2654 2646 2795 2696 Pelle

1796 2711 1846 2756 et
1874 2706 2115 2755 carnibus
2146 2705 2341 2755 vestisti
2374 2720 2456 2756 me
2479 2723 2492 2756 ε
2515 2708 2722 2758 ossibus
2747 2715 2795 2758 et
2867 2718 2869 2723 ·

1797 2769 1971 2818 nervis
1989 2769 2287 2830 compegisti
2301 2783 2402 2819 me.
2420 2769 2594 2818 Vitam
2616 2777 2668 2819 et
2689 2771 2798 2820 mi·
2867 2804 2869 2807 -

1797 2831 2125 2881 sericordiam
2155 2831 2382 2880 tribuisti
2401 2831 2531 2881 mihi
2547 2869 2561 2891 ,
2586 2839 2637 2882 et
2669 2834 2800 2882 visi-

1797 2895 1921 2943 tatio
1936 2899 2024 2943 tua
2040 2894 2311 2943 custodivit
2329 2893 2566 2953 spiritum
2590 2907 2796 2943 meum.

1859 2967 1906 3017 132
1920 2957 1969 3005 3.
1987 2957 2097 3005 Dfie
2118 2957 2321 3016 quando
2341 2957 2540 3005 veneris
2556 2957 2799 3017 judicare

1797 3022 2005 3078 terram,
2046 3018 2133 3066 ubi
2155 3030 2238 3066 me
2257 3019 2564 3067 abscondam
2581 3032 2611 3066 a
2641 3020 2801 3067 vultu

1799 3079 1888 3128 irae
1924 3082 2057 3128 tuae?
2103 3078 2237 3201 graia
2286 3081 2485 3139 peccavi
2529 3082 2694 3130 nimis
2741 3082 2799 3130 in

1800 3141 1905 3189 vita
1945 3153 2077 3189 mea.
2168 3175 2181 3188 .
2228 3138 2513 3190 Commissa
2548 3155 2664 3192 mea
2705 3157 2804 3204 pa-

1799 3214 1967 3261 vesco,
1987 3207 2036 3251 et
2056 3206 2174 3251 ante
2194 3208 2242 3251 te
2261 3204 2499 3253 erubesco
2523 3206 2686 3255 :dum
2710 3219 2806 3256 ve-

1801 3265 1938 3314 neris
1948 3265 2195 3325 judicare,
2213 3266 2314 3314 noli
2331 3279 2413 3315 me
2432 3268 2805 3318 condemnare.

1800 3327 1934 3389 Quia
1950 3327 2147 3387 peccavi
2162 3327 2318 3377 nimis
2337 3327 2409 3390 [in
2425 3329 2529 3377 vita
2550 3330 2687 3393 mea]
2700 3367 2714 3380 .
2867 3378 2869 3389 ,

1864 3389 2135 3438 Sciendum
2148 3395 2226 3438 est
2241 3392 2373 3452 quod
2385 3393 2590 3453 quando
2606 3407 2807 3455 corpus

1800 3454 1946 3501 adest
1964 3464 2193 3513 praeaens
2224 3451 2564 3515 cujuscunque
2605 3454 2807 3516 fuerit,

1799 3515 1917 3563 etin
1930 3513 2301 3563 anniversariis
2312 3515 2664 3577 episcoporum
2682 3520 2811 3566 tan-

1804 3582 1941 3636 tum,
1956 3582 2219 3639 repetatur
2239 3576 2317 3638 iij,
2340 3578 2410 3638 υ),
2434 3583 2484 3626 et
2507 3579 2569 3626 ὄπ.
2593 3580 2749 3642 Hesp.
