2910 4457
545 433 656 500 xiv
1116 448 1167 488 m
1195 448 1429 490 cunm
1457 450 1663 491 nuum!
1688 450 1947 490 numu-
2320 434 2433 501 (An
2460 437 2493 498 5
2514 437 2717 490 44-49

644 597 910 648 nanum·
927 590 1248 660 —mirabili]
1285 592 1343 642 In
1380 592 1538 661 Vulg.
1572 594 1672 643 “Et
1697 592 1922 644 reddidit
1941 592 2098 658 justis
2138 593 2439 645 mercedem
2467 593 2716 648 laborum

549 688 802 747 “suorum‚
822 689 873 734 et
890 684 1101 734 deduxit
1116 686 1234 735 illos
1252 686 1307 737 in
1323 686 1409 735 via
1426 684 1696 736 mirabili”.

640 781 1039 831 SANCTORUM
1069 775 1281 844 meritis]
1307 777 1478 841 Hujus
1501 777 1681 843 hymni
1704 780 1937 839 metrum,
1962 776 2049 827 vel
2072 776 2246 843 potius
2269 778 2428 828 metri
2451 783 2627 846 typus
2646 778 2719 846 (v-

544 868 609 918 ad
634 869 662 930 ἓ
684 868 749 933 2),
772 868 907 918 idem
932 874 1010 918 est
1032 869 1171 933 quod
1193 869 1247 919 in
1272 868 1476 918 Horatii
1501 868 1799 920 Carminum
1819 868 1934 920 Lib.
1954 867 1994 932 1,
2016 868 2132 921 Oda
2149 872 2178 921 6
2198 866 2492 935 (Scriberis
2526 870 2713 940 Vario)

503 1008 512 1032 ὗ
543 953 837 1014 invenitur;
862 968 1063 1018 nempe,
1086 952 1138 1001 in
1164 967 1372 1017 quoque
1395 950 1697 1002 tetrasticho

773 1081 854 1126 ter
935 1042 2461 1141 --Ι--υυ-Ι-υυΙ--υῧ

769 1191 1000 1244 etsemel
1075 1216 1172 1224 —-
1209 1215 1306 1223 —
1348 1158 1356 1255 Ι
1398 1215 1493 1223 —-
1532 1207 1688 1238 ψψ
1727 1158 1736 1257 Ι
1778 1188 2059 1234 -ψῧ

639 1284 701 1334 In
732 1283 835 1334 hoc
865 1290 1033 1333 autem
1067 1282 1275 1350 hymn0,
1313 1282 1374 1333 iit
1404 1298 1585 1350 parum
1618 1284 1893 1350 respicitur
1926 1283 2247 1349 syllabarum
2290 1286 2588 1349 quantitas,
2630 1286 2723 1349 ita,

541 1374 725 1435 praeter
747 1370 877 1420 alias
901 1368 1319 1418 terminationum
1343 1366 1726 1430 similitudines,
1749 1369 1805 1417 in
1826 1368 2125 1418 tetrasticho
2143 1368 2298 1418 tertio
2317 1383 2512 1420 versus
2534 1385 2717 1421 omnes

544 1468 636 1518 per
660 1451 877 1502 eandem
902 1450 1139 1501 vocalem
1163 1456 1366 1500 exeunt.

638 1551 729 1601 per
751 1533 969 1601 aridum]
989 1550 1088 1599 per
1111 1542 1302 1585 terram
1324 1534 1531 1584 aridam
1551 1551 1745 1600 sparso.
1774 1533 1927 1597 Quod
1947 1532 2157 1599 quidam
2180 1532 2448 1598 conjicere
2466 1539 2716 1602 possunt,

546 1617 916 1685 “peraridum'',
942 1619 1113 1668 minus
1139 1624 1275 1668 esset
1292 1618 1570 1684 poeticum.

640 1699 988 1767 “penetralia'‘
1014 1700 1076 1750 de
1100 1700 1275 1750 anima
1297 1700 1672 1766 accipiendum.

637 1784 768 1833 Post
793 1782 1087 1835 “retexere''
1112 1782 1345 1833 deleatur
1366 1790 1635 1849 punctum.

638 1872 676 1942 β
705 1870 859 1941 45.)
886 1874 979 1923 Isti
1002 1880 1124 1924 sunt
1146 1874 1323 1923 Sancti
1346 1872 1454 1940 qui]
1483 1874 1571 1925 Sic
1593 1875 1665 1925 L:
1689 1873 1738 1925 A
1764 1890 1863 1926 om.
1890 1874 2153 1927 “Sancti’'.

639 1956 892 2024 exultant]
920 1957 1005 2007 Sic
1026 1957 1095 2007 L:
1119 1957 1175 2006 in
1198 1957 1247 2006 A
1271 1957 1586 2009 “exultent’'.

638 2044 694 2093 in
726 2057 946 2109 regnum
979 2038 1242 2107 ueternum]
1286 2041 1406 2093 Non
1440 2040 1612 2093 solum
1641 2041 1700 2092 in
1730 2048 1990 2106 aternum,
2024 2040 2116 2093 sed
2138 2041 2197 2093 in
2218 2040 2568 2094 <eternitatem
2598 2059 2714 2110 req·

542 2125 724 2178 nandi.
2257 2146 2260 2147 ⁷

640 2208 678 2279 θ
708 2207 861 2278 46.)
900 2208 1058 2261 “Item
1088 2207 1309 2276 infestis
1330 2207 1387 2261 ix
1409 2207 1534 2261 lec.'’
1558 2208 1673 2277 διο.)
1707 2210 1789 2261 De
1824 2208 2080 2262 electione
2115 2210 2250 2261 inter
2285 2207 2419 2262 duas
2449 2210 2710 2263 formulas

542 2313 594 2347 v.
619 2294 685 2344 ad
710 2295 741 2355 ἓ
766 2299 842 2344 27.
900 2359 903 2362 y
1698 2319 1703 2325 ·
1956 2305 1964 2316 '

639 2375 730 2439 qui
747 2375 1001 2442 cantatur]
1022 2376 1180 2441 quiin
1201 2375 1382 2427 Officio
1403 2375 1467 2426 de
1485 2376 1800 2443 Martyribus
1818 2380 2070 2428 cantatur.

547 2468 553 2476 '
637 2457 936 2525 lachrymis]
960 2459 1062 2508 Pro
1082 2457 1347 2524 laelio-yma
1361 2460 1405 2510 L
1424 2460 1636 2525 passim,
1660 2461 1918 2526 scriptura
1934 2459 2244 2525 antiquiore,
2265 2458 2507 2510 lacrima.

640 2548 678 2617 §
723 2546 879 2617 47.)
909 2549 971 2600 In
1001 2551 1125 2601 Lec.
1152 2554 1196 2612 2,
1229 2566 1323 2617 pro
1361 2550 1741 2602 “seminantes’'
1765 2556 1818 2601 et
1840 2551 2209 2616 “mercedem'’,
2229 2551 2273 2600 L
2298 2551 2639 2602 “seminant''
2661 2556 2708 2602 et

545 2635 787 2686 “vitam''.
1117 2629 1122 2635 ’

592 2755 597 2762 t
639 2719 701 2768 In
724 2719 847 2769 Lec.
875 2721 905 2769 3
943 2719 1005 2769 L:
1030 2716 1120 2768 “si
1143 2721 1283 2785 ergo
1299 2716 1440 2768 bona
1468 2722 1593 2768 sunt
1614 2719 1815 2768 semina
1835 2716 1977 2768 bona
2000 2734 2174 2785 opera,
2210 2733 2370 2784 quare
2405 2734 2528 2770 cum
2547 2718 2708 2769 lacri-

542 2803 686 2866 “mis,
711 2819 829 2853 cum
851 2802 1083 2868 hylarem
1109 2802 1340 2853 datorem
1365 2802 1537 2868 diligit
1557 2800 1768 2853 Deus?''

637 2883 706 2934 In
740 2886 939 2955 Natali]
973 2889 1033 2938 In
1065 2888 1109 2938 L
1142 2888 1254 2938 baec
1284 2888 1509 2949 rubrica,
1550 2902 1666 2936 cum
1697 2887 2049 2952 Responsorio
2086 2890 2366 2951 sequente,
2398 2890 2527 2951 post
2549 2902 2710 2938 nonae

541 2971 745 3020 demum
768 2970 1009 3022 lectionis
1030 2972 1439 3038 Responsorium
1462 2972 1749 3034 invenitur3
1783 2975 1834 3020 et
1853 2970 2065 3022 rubrica
2086 2984 2327 3035 sequens,
2352 2967 2428 3019 Et
2449 2969 2562 3021 haec
2590 2978 2710 3022 sunt

526 3054 688 3120 festa.
716 3054 908 3103 omissa
931 3058 1024 3104 est.

635 3136 700 3188 de
723 3151 1017 3202 quocumque
1039 3135 1304 3187 Nocturna
1329 3135 1551 3200 dicatur,
1585 3135 1726 3201 quod
1758 3137 1813 3185 in
1836 3150 2002 3202 prope
2031 3139 2281 3200 sequente
2308 3150 2512 3200 semper
2534 3137 2706 3187 conti-

536 3227 700 3284 netur,
727 3235 826 3270 om.
850 3219 911 3268 L.
956 3219 1357 3295 Intelligendum
1381 3225 1461 3271 est
1483 3224 1655 3269 autem
1676 3218 1779 3269 hoc
1803 3219 1867 3269 de
1890 3220 2046 3269 trium
2061 3218 2345 3268 lectionum
2366 3219 2518 3269 festis
2545 3219 2669 3271 dici.

632 3303 771 3352 Ante
804 3301 929 3367 “qui
953 3302 1117 3351 effuso
1143 3301 1431 3368 sanguine''
1465 3301 1883 3352 subaudiendum
1907 3307 1988 3351 est
2009 3300 2256 3351 “eorum”
2288 3300 2377 3352 vel
2405 3301 2498 3352 “hi
2520 3306 2700 3356 sunt”.
2791 3337 2792 3348 κ

632 3392 675 3461 θ
704 3390 860 3464 48.)
885 3396 945 3444 In
966 3394 1089 3444 Lec.
1111 3394 1164 3458 4)
1187 3393 1266 3443 illi
1289 3395 1378 3459 qui
1402 3392 1624 3460 seipsos]
1650 3393 1736 3444 Sic
1758 3395 1893 3445 bene
1916 3394 1986 3442 L:
2019 3393 2075 3443 in
2097 3394 2146 3443 A
2170 3393 2303 3459 “ipsi
2328 3394 2418 3458 qui
2443 3396 2704 3462 seipsos''.

633 3485 671 3555 β
699 3483 853 3555 49.)
877 3486 1216 3537 Descendens
1227 3485 1265 3533 J
1267 3500 1386 3536 esus
1404 3485 1470 3535 de
1487 3484 1681 3551 monte]
1702 3485 1929 3552 InVulg.
1951 3486 2053 3535 “Et
2066 3485 2387 3537 descendens
2407 3501 2531 3538 cum
2548 3488 2707 3540 illis''.

634 3583 697 3631 ln
713 3582 835 3634 Lec.
860 3586 905 3644 7,
923 3595 1016 3645 pro
1041 3577 1387 3644 “eliguntur’‘,
1419 3577 1559 3643 quod
1582 3577 1626 3627 L
1651 3578 1824 3640 habet,
1856 3579 1905 3627 A
1938 3576 2290 3647 “eligantur-”3
2325 3578 2472 3644 quod
2499 3580 2551 3630 si
2583 3596 2706 3632 con·

535 3664 673 3715 sulto
697 3666 945 3730 scriptum
969 3667 1061 3726 est,
1087 3661 1175 3712 Ex
1197 3660 1375 3728 quibus
1396 3677 1491 3727 pro
1531 3660 1594 3711 Ut
1616 3676 1679 3711 ex
1701 3660 1772 3711 eis
1796 3661 1990 3711 dictum
2013 3663 2122 3713 erit.
2723 3661 2729 3668 ’

631 3744 879 3812 Fuerunt]
906 3746 1006 3796 Pro
1031 3746 1073 3796 F
1096 3745 1149 3794 in
1174 3744 1397 3795 minimis
1425 3744 1754 3809 capitalibuS,
1777 3744 1821 3794 L
1849 3743 1913 3794 de
1939 3760 2084 3795 more
2096 3744 2163 3811 ff.

632 3827 694 3879 In
716 3828 837 3881 Lec.
860 3826 933 3896 8.)
951 3844 1056 3894 prae
1080 3826 1340 3895 omnibus]
1366 3827 1452 3878 Sic
1474 3827 1518 3877 L
1544 3832 1594 3878 et
1618 3827 1689 3877 B:
1712 3828 1767 3876 in
1790 3827 1840 3878 A
1862 3828 1991 3894 “pro
2016 3825 2307 3880 omnibus”.
