2910 4457
622 382 730 435 xliv
1265 394 1339 430 nr:
1366 390 1986 430 commomrronmus.

624 526 859 579 tionibus
884 523 1304 576 Eboracensibus
1326 523 1508 574 onmia
1530 521 1803 590 perspicue
1829 527 2174 588 exponantur,
2193 524 2247 569 et
2270 533 2342 569 ex
2360 515 2641 570 Breviario

628 611 1002 665 Herefordensi
1027 627 1276 678 quaenam
1301 609 1499 661 suerint
1522 594 2042 660 commemorationes
2066 602 2483 656 Herefordenses
2506 605 2641 657 satis

625 697 770 751 certo
794 705 1012 760 constet,
1035 696 1219 748 horum
1257 695 1647 747 Breviariorum
1682 693 1889 745 auxilio
1921 694 1977 743 in
2011 692 2077 742 iis
2112 690 2459 758 exponendiS,
2484 707 2640 759 quae-

630 800 841 854 cunque
883 783 952 835 ad
985 782 1125 835 hanc
1161 782 1506 851 quaestionem
1546 781 1601 830 in
1641 780 1796 832 Brev.
1836 777 2029 830 Sarisb.
2068 785 2301 845 spectare
2337 775 2640 840 videantur,

622 872 704 923 uti
730 885 942 938 aequum
965 876 1058 921 est.
1133 866 1305 919 Erant
1336 876 1517 918 autem
1549 865 2072 917 commemorationes
2097 862 2473 924 Eboracenses,
2498 879 2634 930 prae-

622 965 702 1009 ter
726 956 793 1008 B.
821 956 1012 1007 Mariae
1044 950 1101 1006 in
1138 953 1368 1006 Sabbato
1393 952 1967 1015 commemorationem,
1994 950 2046 1002 S.
2077 950 2349 1003 Wilhelmi
2380 949 2632 1020 Archiep.

626 1041 894 1112 quondam
933 1041 1090 1093 Ebor.
1134 1048 1188 1093 et
1230 1039 1480 1108 Martyris
1516 1038 1647 1091 feria
1682 1039 1858 1101 tertia,
1896 1045 1950 1090 et
1990 1036 2358 1105 Apostolorum
2396 1036 2542 1089 Petri
2579 1045 2636 1090 et

625 1128 800 1191 Pauli,
836 1128 1028 1197 quibus
1064 1125 1209 1178 Ecol.
1247 1125 1408 1176 Ebor.
1444 1125 1687 1177 dedicata
1719 1132 1813 1187 est,
1836 1124 1964 1176 seria
1995 1122 2480 1193 quintA,—quoties
2513 1123 2628 1176 scil.

625 1213 1211 1266 commemorationibus
1232 1211 1377 1263 hisce
1400 1211 1557 1263 nullae
1583 1212 1704 1263 aliae
1730 1210 1871 1263 seriae
1897 1210 2121 1279 aptiores
2144 1218 2339 1273 essent,
2375 1209 2629 1262 Herefor-
2654 1214 2669 1223 ’

626 1299 812 1352 denses
833 1298 958 1350 vero
985 1297 1038 1350 S.
1065 1296 1282 1349 Thomae
1304 1296 1508 1349 ibidem
1542 1296 1792 1367 Episcopi
1817 1304 1872 1349 et
1895 1296 2237 1359 Confessoris,
2261 1303 2315 1347 et
2340 1294 2635 1348 Ethelberti

626 1384 789 1452 Regis
812 1401 875 1436 ac
902 1383 1184 1453 Martyris3
1209 1400 1454 1452 quarum,
1479 1385 1529 1436 si
1547 1401 1580 1436 a
1604 1383 2186 1436 commemorationibus
2214 1382 2633 1435 Eboracensibus

617 1469 970 1539 judicandum
995 1479 1091 1534 est,
1118 1470 1173 1522 S.
1201 1470 1436 1522 Thomas
1460 1471 1692 1533 tertiam,
1711 1479 1763 1522 et
1785 1466 2051 1536 antiquior
2067 1467 2337 1536 majorque
2362 1467 2415 1519 S.
2443 1466 2631 1520 Ethel-

625 1558 802 1610 bertus
826 1558 1067 1626 quintam
1092 1557 1189 1608 sibi
1213 1556 1398 1609 feriam
1422 1555 1713 1607 vindicasse
1737 1563 1924 1623 potest.

697 1642 875 1711 Ipsius
899 1650 1077 1695 autem
1112 1641 1255 1693 Eccl.
1285 1641 1474 1694 Sarisb.
1490 1639 1688 1709 festum
1723 1638 1840 1704 loci,
1865 1656 2032 1708 quum
2068 1638 2252 1692 Sancti
2285 1641 2493 1708 antiqui
2529 1641 2648 1694 fes?

624 1736 740 1781 tum
772 1743 971 1791 recenS,
997 1726 1059 1779 S.
1097 1727 1352 1779 osmundi
1386 1727 1600 1789 scilicet,
1626 1722 1718 1794 qui
1751 1727 1941 1778 saeculo
1973 1726 2066 1790 XI
2094 1716 2240 1779 Eccl.
2278 1726 2469 1781 Sarisb.
2500 1726 2630 1796 Epi·

623 1831 810 1883 scopus
843 1813 980 1865 2dus
1014 1808 1160 1875 fuit‘,
1199 1811 1576 1876 translationis,
1609 1813 1801 1865 saeculo
1839 1811 2055 1865 demum
2092 1812 2198 1864 XV
2234 1813 2405 1879 factae,
2430 1813 2626 1866 festum

624 1899 884 1969 Synodale
919 1900 1028 1951 sive
1067 1898 1440 1951 Dioecesanum
1475 1899 1651 1963 fuisse,
1687 1900 1770 1951 vel
1800 1902 1917 1968 ipsa
1953 1900 2127 1954 Officii
2164 1902 2465 1964 solennitaS,
2489 1919 2623 1970 prae-

619 1986 796 2038 sertim
831 2001 923 2053 per
959 1984 1187 2037 Octavas
1220 1986 1546 2049 continuata,
1571 1986 1698 2037 satis
1726 1987 2063 2055 probabiliter
2099 1987 2331 2039 indicare
2367 1986 2625 2050 videatur,

622 2070 1167 2123 commemorationem
1224 2072 1709 2123 commemorationi
1762 2071 1814 2123 S.
1865 2072 2140 2125 Wilhelmi
2191 2073 2417 2125 Eboraci
2464 2081 2519 2124 et
2568 2073 2622 2125 S.

621 2157 839 2210 Thomae
884 2155 1213 2210 Heresordiae
1256 2156 1678 2226 respondentem,
1725 2160 2283 2212 commemorationem
2332 2159 2440 2211 scil.
2491 2158 2638 2211 feria*

619 2248 782 2300 tertia
806 2246 868 2314 (si
898 2263 1006 2309 non
1040 2246 1147 2298 alia
1178 2245 1421 2314 quaedam
1453 2244 1585 2297 feria
1617 2246 1787 2313 aptior
1820 2246 2107 2316 videretur)
2145 2246 2461 2310 faciendam,
2487 2247 2624 2315 ejus-

623 2332 743 2385 dem
779 2332 898 2385 sesti
935 2333 1487 2383 commemorationem
1523 2330 1683 2383 fuisse
1719 2333 1847 2384 satis
1881 2333 2148 2400 probabile
2184 2331 2391 2384 videtur
2411 2348 2623 2400 3-prae-

622 2420 803 2470 sertim
829 2435 993 2486 quum
1018 2425 1072 2469 et
1104 2434 1178 2486 erg
1200 2417 1316 2470 loco
1344 2417 1626 2470 Tractatus
1660 2418 1819 2470 Crede
1852 2418 2033 2470 Mic-hi
2066 2420 2236 2471 vocati
2263 2420 2334 2485 (v.
2362 2428 2544 2471 notam
2569 2421 2619 2471 d.

620 2522 671 2572 p.
709 2502 833 2572 xlii)
871 2520 906 2555 a
939 2504 1093 2556 nobis
1127 2520 1249 2555 cum
1287 2503 1425 2555 Pica
1463 2515 1782 2574 comparatO,
1818 2522 1885 2557 ex
1921 2522 2108 2558 comm.
2143 2506 2328 2568 tribuS‚
2365 2505 2485 2557 festi
2517 2506 2619 2558 loci

620 2591 1164 2642 commemorationem
1190 2588 1370 2642 ordine
1403 2592 1652 2660 temporis
1679 2593 1906 2660 primam
1941 2590 2101 2643 fuisse
2136 2598 2530 2659 appareat,—et
2562 2593 2618 2644 in

616 2680 785 2747 ipsius
816 2678 971 2731 Brev.
1011 2677 1204 2730 Sarisb.
1244 2678 1401 2731 Parte
1432 2678 1695 2743 AEstivali,
1719 2681 1856 2732 inter
1885 2677 2007 2731 festi
2040 2679 2400 2731 translationis
2433 2678 2623 2732 Officia

617 2767 766 2819 An'ae
795 2765 864 2818 ad
898 2765 1208 2818 Benedictus
1238 2774 1292 2818 et
1325 2765 1662 2836 Maqmfieac,
1697 2765 1896 2829 Orati0,
1930 2774 1984 2818 et
2014 2767 2265 2819 lectiones
2301 2783 2619 2820 commemo·

618 2853 807 2904 rationi
828 2852 1167 2903 inservientes
1187 2851 1542 2902 inveniantur.
1608 2851 1846 2903 Tertiam
1877 2859 2072 2916 autem,
2098 2851 2241 2905 feriae
2265 2853 2376 2904 scil.
2401 2854 2617 2921 quintae,

615 2937 1184 2998 commemorationem,
1200 2937 1683 2989 commemorationi
1699 2938 2072 3006 Apostolorum
2092 2938 2334 3001 Eboraci,
2353 2938 2409 2991 S.
2434 2938 2620 2992 Ethel-

615 3023 749 3075 berti
775 3020 1102 3073 Herefordiae
1127 3021 1784 3090 respondentem,—quum
1808 3031 1997 3090 praeter
2031 3022 2084 3074 S.
2112 3021 2430 3085 Ethelredae,
2455 3040 2613 3090 quam

614 3110 1164 3164 commemorationem
1207 3109 1440 3162 Dioecesi
1480 3108 1681 3161 Eliensi
1714 3109 1975 3176 propriam
2011 3108 2175 3159 fuisse
2210 3109 2267 3158 in
2309 3106 2466 3158 titulo
2501 3108 2611 3175 ipso

614 3205 859 3250 notatum
902 3204 998 3260 est,
1038 3197 1095 3248 in
1143 3196 1297 3249 Brev.
1348 3195 1542 3248 Sarisb.
1582 3194 1718 3258 duae,
1755 3202 1808 3246 et
1854 3193 1971 3246 duae
2014 3192 2240 3256 tantum,
2281 3192 2350 3245 ad
2390 3209 2609 3246 manum

613 3293 878 3354 apparatae
902 3287 1422 3340 commemorationes
1444 3287 1663 3355 integrae
1695 3286 2046 3348 inveniantur,
2070 3284 2291 3355 piissimi
2314 3284 2422 3337 scil.
2456 3292 2509 3337 et
2546 3285 2609 3338 de

1357 3456 1374 3488 ¹
1406 3459 1555 3507 Plura
1577 3458 1685 3506 vide
1709 3473 1755 3519 p.
1780 3457 1865 3504 xli.
