2910 4457
681 352 778 406 xlii
1335 364 1411 402 m:
1440 366 1583 412 PICA,
1608 366 1680 402 ET
1703 360 2028 404 PRAESER‘rm

678 501 816 551 inter
864 495 1203 548 collectionis
1246 492 1584 562 Goughianae
1620 493 1778 546 libros
1822 494 2138 564 LiturgicOS,
2185 499 2514 566 exemplaria
2556 499 2658 551 tria
2675 502 2698 533 ¹³

676 585 1061 637 inveniuntur.e
1099 581 1183 634 Dc
1202 580 1476 632 Breviario
1493 595 1708 647 quoque
1726 582 1838 633 sine
1857 580 1990 633 Pica
2008 581 2150 634 edito
2167 600 2214 634 v.
2228 586 2470 654 notamf.
2492 602 2542 653 p.
2561 585 2700 636 xliii.

679 673 781 725 Est
815 681 995 724 autem
1023 670 1154 722 Pica
1186 669 1372 721 tabula
1405 669 1651 721 omnibus
1685 670 1840 721 annis
1874 671 2177 736 inserviens,
2200 673 2257 723 in
2283 673 2390 741 qua
2419 673 2699 741 Proprium

681 758 746 810 de
786 758 1047 826 Tempore
1093 773 1214 808 cum
1267 754 1585 806 Sanctorum
1630 753 1776 806 festis
1821 764 1875 808 et
1920 758 2506 810 commemorationibus
2546 758 2700 828 (vide

679 841 843 913 infra)
889 839 1182 896 secundum
1216 841 1565 892 variationem
1600 840 1767 892 literae
1807 841 2160 895 Dominicalis
2190 851 2244 895 et
2268 843 2486 896 Paschae
2523 847 2701 896 conci-

679 932 856 993 liatur,
899 927 1198 997 cujusmodi
1242 926 1556 988 Directoria,
1599 926 1874 993 aliquanto
1911 924 2128 994 quidem
2168 927 2419 994 pleniora,
2461 926 2554 980 sed
2589 930 2698 980 sin-

680 1017 819 1086 gulis
843 1013 1058 1068 tantum
1084 1014 1241 1065 annis
1263 1012 1622 1075 inservientia,
1644 1011 1906 1079 hodieque
1933 1013 2217 1080 quotannis
2243 1013 2497 1065 Ecclesiae
2517 1022 2699 1065 aucto-

680 1105 833 1155 ritate
879 1101 1090 1153 munita
1137 1098 1412 1169 prodeunt.
1491 1097 1576 1150 Ad
1632 1097 2041 1164 intelligendum
2093 1093 2272 1150 autem
2322 1098 2528 1161 Pica-m,
2575 1115 2699 1150 con·

678 1190 875 1241 feratur
899 1173 1105 1257 semper
1130 1181 1525 1239 Calendarium.

749 1275 884 1326 Pica
912 1274 973 1325 de
996 1274 1152 1325 Dom.
1184 1278 1208 1324 1
1238 1272 1396 1340 Adv.]
1432 1271 1564 1323 Pica
1599 1270 1664 1323 dc
1701 1270 1987 1322 Dominica
2022 1273 2122 1324 toti
2154 1273 2316 1324 etiam
2346 1270 2697 1325 hebdomadae

680 1363 910 1415 inservit.

750 1449 856 1502 Lit.
885 1448 1044 1500 Dom.
1071 1445 1161 1513 Α.]
1192 1448 1241 1499 Ι.
1268 1465 1313 1500 c.
1343 1445 1557 1515 quando
1584 1445 1688 1498 Lit.
1718 1444 1876 1497 Dom.
1902 1453 1980 1497 est
2002 1445 2067 1496 A.

747 1534 966 1586 historia
1000 1530 1299 1602 Aspiciens]
1353 1532 1422 1584 I.¹
1452 1550 1497 1584 e.
1550 1531 1796 1584 Officium
1845 1531 2007 1583 Dom.
2050 1535 2073 1582 l
2114 1531 2269 1593 Adv„
2306 1532 2458 1599 cujus
2506 1534 2692 1601 primae

679 1621 915 1673 lectionis
934 1620 1342 1688 Responsorium
1364 1619 1432 1670 ab
1455 1621 1559 1670 isto
1578 1618 1833 1670 vocabulo
1853 1618 2058 1687 incipit.
2096 1617 2294 1670 Confer
2313 1635 2430 1687 quae
2449 1619 2519 1670 ad
2536 1621 2696 1673 verba

683 1707 908 1758 Domine
930 1724 994 1756 ne
1010 1705 1071 1756 in
1088 1707 1172 1756 ira
1191 1713 1245 1756 ct
1264 1702 1409 1756 Deus
1427 1706 1660 1756 omnium
1671 1706 1787 1774 jam
1807 1721 1964 1774 supra
1981 1703 2053 1774 (p.
2074 1706 2187 1768 viii,
2204 1704 2282 1773 ix)
2303 1707 2689 1758 annotavimus.

754 1791 819 1843 de
844 1788 1051 1855 octava]
1083 1789 1206 1842 Scil.
1236 1789 1289 1841 S.
1315 1789 1555 1842 Andreae.

753 1893 873 1930 cum
897 1874 1187 1945 antiphona
1210 1876 1317 1927 Ave
1341 1875 1569 1944 Maria]
1598 1876 1764 1941 Adde,
1792 1876 1871 1946 (p.
1897 1881 1930 1928 3
1956 1876 2034 1948 a.)

753 1966 812 2016 ix
848 1963 1124 2031 lectiones]
1167 1963 1236 2014 In
1280 1962 1580 2015 Dominicis
1623 1970 1677 2014 et
1716 1962 1865 2015 festis
1900 1965 2202 2033 majoribus,
2238 1973 2587 2033 praeterquam
2637 1966 2694 2017 in

684 2059 915 2119 tempore
964 2049 1225 2113 Paschali,
1272 2051 1307 2100 i.
1358 2067 1401 2102 e.
1451 2067 1486 2101 a
1523 2048 1808 2101 Dominica
1860 2049 2276 2103 Resurrectionis
2323 2050 2580 2103 inclusive
2622 2051 2693 2104 ad

681 2138 898 2193 Festum
937 2138 1294 2192 Sacrosanctae
1331 2138 1609 2191 Trinitatis
1644 2137 1930 2203 exclusive,
1964 2147 2068 2192 tres
2103 2148 2225 2192 sunt
2265 2140 2527 2192 Nocturni
2566 2158 2689 2193 cum

683 2228 850 2280 tribus
881 2227 938 2279 in
975 2227 1198 2296 singulis
1236 2226 1582 2280 lectionibus:
1620 2227 1678 2278 in
1720 2234 1956 2295 tempore
1997 2235 2178 2280 autem
2229 2226 2491 2292 Paschali,
2542 2236 2595 2280 et
2634 2228 2691 2280 in

685 2315 832 2367 festis
867 2315 1157 2366 minoribus
1192 2322 1246 2365 et
1280 2313 1422 2365 feriis
1457 2330 1596 2365 unus
1630 2311 1844 2366 tantum
1885 2322 1964 2366 est
2005 2314 2327 2377 Nocturnus,
2367 2331 2489 2366 cum
2527 2315 2695 2365 tribus

683 2399 1000 2451 lectionibus
1026 2407 1141 2466 post
1165 2398 1417 2451 Psalmos

756 2484 821 2536 de
858 2485 1350 2536 commemoratione
1385 2484 1464 2535 vel
1498 2480 2102 2546 commemorationibus]
2142 2481 2305 2534 Aliud
2337 2483 2394 2533 in
2431 2483 2694 2547 Romane,

688 2569 834 2623 aliud
874 2570 932 2622 in
971 2569 1256 2623 Breviariis
1302 2571 1543 2638 Anglicis
1579 2571 1845 2643 significat
1886 2568 2327 2629 commemorati05
2367 2568 2509 2636 quod
2547 2570 2695 2622 enim

685 2655 742 2707 in
792 2655 1035 2710 Romano
1077 2656 1482 2708 commemoratio
1524 2656 1755 2723 (insertio
1797 2655 1902 2707 scil.
1946 2660 2064 2721 post
2105 2652 2412 2706 Orationem
2454 2655 2511 2706 in
2549 2656 2696 2708 Lau-

687 2740 841 2794 dibus
873 2750 925 2794 et
952 2740 1335 2810 VesperiS,—l.
1369 2741 1689 2811 Antiphonae
1726 2740 1794 2793 ad
1816 2739 2127 2791 Benedictus
2161 2740 2244 2791 vel
2274 2739 2610 2810 Maynificat,
2638 2746 2696 2794 2.

687 2813 961 2888 Versiculi,
986 2832 1039 2876 et
1054 2831 1104 2877 3.
1126 2826 1392 2878 Orationis
1412 2826 1589 2879 Officii
1611 2826 1790 2891 alius),
1806 2823 1861 2875 id
1884 2826 1940 2876 in
1965 2825 2156 2876 nostris
2173 2828 2204 2853 ‘⁴
2218 2824 2505 2876 Memoria”
2527 2824 2605 2893 (V.
2624 2826 2701 2879 ad

690 2908 751 2960 P.
767 2914 831 2966 15
846 2911 921 2978 1));
940 2913 1343 2963 commemoratio
1362 2920 1543 2964 autem
1557 2912 1896 2980 plerumqued
1910 2910 2133 2978 plenum
2147 2911 2312 2962 totius
2326 2910 2432 2963 dici
2445 2909 2698 2963 Officium

754 3054 776 3083 ³
813 3055 994 3116 Gough
1019 3055 1234 3117 (Missal)
1263 3056 1350 3103 111
1381 3056 1536 3118 (A.D.
1565 3055 1732 3116 1508),
1760 3056 1853 3102 142
1880 3053 2076 3116 (1503),
2103 3060 2150 3101 et
2174 3055 2265 3102 149
2291 3053 2487 3115 (1504).

754 3142 772 3165 ⁰
808 3136 1039 3183 Ordinale
1071 3138 1271 3184 seorsim
1303 3138 1489 3185 editum
1521 3137 1661 3184 aliter
1692 3136 1966 3183 ordinatum
1998 3141 2072 3181 est
2103 3142 2151 3182 et
2175 3134 2373 3195 (saltem
2401 3136 2452 3181 in
2490 3135 2628 3182 libris
2664 3153 2697 3185 a

686 3215 825 3263 nobis
837 3216 1090 3278 inspectis)
1104 3218 1358 3265 Tractatus
1377 3215 1693 3277 Defensorium
1708 3219 1962 3264 Directorii
1979 3221 2027 3262 et
2047 3217 2188 3262 Crede
2206 3213 2429 3275 Michi(v.
2449 3214 2509 3260 ad
2522 3229 2569 3276 p.
2585 3217 2614 3261 3
2632 3216 2694 3277 b)

688 3304 879 3345 vocatos
901 3298 1224 3360 appendicum
1246 3299 1353 3347 loco
1375 3298 1559 3345 additos
1579 3298 1736 3344 habet.

757 3375 777 3406 ‘⁸
810 3376 1091 3439 Aliquando
1123 3378 1322 3440 quidem
1366 3381 1718 3426 commemoratio
1748 3377 1880 3424 idem
1918 3376 2017 3424 fere
2056 3374 2183 3436 quod
2215 3371 2394 3434 festum
2437 3375 2703 3437 significat,

688 3469 743 3508 ut
756 3460 808 3507 in
826 3460 1014 3508 Comm.
1039 3459 1086 3506 S.
1104 3460 1247 3507 Pauli
1262 3459 1390 3508 Prid.
1410 3458 1514 3507 Cal.
1528 3458 1560 3505 J
1562 3457 1682 3515 unii,
1702 3463 1750 3504 et
1762 3456 2049 3519 (Omnium)
2068 3455 2399 3503 Ani1narum4
2413 3456 2541 3506 Non.
2566 3458 2695 3508 Nov.
