2910 4457
569 442 729 508 lxxx
1221 455 1270 495 m
1296 455 1527 497 omem!
1551 454 1939 498 Amvssnsfflmn
2307 439 2420 505 (An
2437 443 2470 504 g
2492 444 2725 493 166-171

668 591 730 640 In
756 586 875 639 Ana
897 586 966 637 ad
987 586 1308 653 Maqmsscat,
1332 604 1427 654 pro
1461 586 1629 654 “quo''
1657 587 1823 654 (quod
1851 587 1918 639 ad
1950 586 2207 638 “nomen'’
2234 588 2487 654 refertur)
2512 590 2558 639 L
2589 588 2725 653 “qua''

570 672 655 737 (de
681 671 828 722 domo
855 669 991 734 scil.)
1018 669 1191 720 habet.

666 754 754 804 An
776 753 1008 818 Comma)
1027 752 1130 803 eive
1149 752 1213 802 de
1230 751 1402 818 aliquo
1407 752 1548 817 festo
1565 752 1621 803 ix
1639 751 1928 818 lectionum]
1950 752 2124 802 Etiam
2140 753 2196 802 in
2215 754 2370 804 festis
2388 754 2446 818 iij
2468 752 2733 804 lectionum

568 854 682 887 cum
715 836 960 903 reqimine
994 834 1138 885 chori
1165 831 1491 900 (quanquam
1521 836 1563 884 L
1589 851 1799 901 quoque
1822 836 1887 886 de
1909 836 1991 885 his
2015 835 2121 887 hoc
2143 835 2265 887 loco
2290 836 2471 905 silet).·
2499 838 2567 889 cf.
2591 839 2619 899 ἓ
2644 840 2732 901 178,

569 926 621 969 et
643 921 793 971 Faso.
816 919 857 981 I,
881 933 932 984 p.
961 921 1053 969 106
1079 917 1329 983 (“Compl.
1354 917 1583 984 aeviij.”);
1610 920 1763 968 etiam
1788 919 1855 969 ad
1880 920 1910 980 ξ
1938 919 2046 969 185.

666 1003 728 1051 In
760 1002 917 1050 trium
940 1007 1113 1050 autem
1135 1000 1421 1052 lectionum
1453 1002 1601 1052 festis
1638 1016 1757 1052 cum
1789 1003 2044 1067 regimine
2079 1002 2228 1052 chori
2256 1003 2402 1053 intra
2437 1002 2670 1053 Octavas
2694 1002 2736 1049 in

571 1084 762 1148 quibus
786 1081 966 1130 itidem
991 1081 1181 1132 chorus
1216 1083 1415 1148 regitur
1441 1084 1851 1147 occurrentibus,
1887 1082 2113 1149 Officium
2145 1084 2210 1134 de
2237 1083 2415 1148 Festo,
2455 1084 2740 1135 Memoriam

568 1167 633 1218 de
661 1165 863 1216 Octavi-³
887 1179 1001 1216 esse
1026 1163 1229 1227 debere,
1253 1165 1310 1213 in
1343 1163 1544 1214 Tabula
1568 1164 1632 1215 de
1656 1164 1933 1216 Fatorum
1954 1165 2222 1216 Divi-sione
2247 1166 2450 1216 diserte
2478 1166 2679 1217 dieitur.

669 1248 730 1296 In
750 1248 792 1296 L
817 1252 1006 1309 autem,
1031 1273 1095 1284 —
1121 1247 1306 1297 ceteris
1331 1262 1451 1297 cum
1469 1246 1518 1295 A
1542 1252 1594 1297 et
1615 1247 1712 1299 Ed.
1731 1253 1927 1312 nostra,
1960 1248 2147 1298 saltem
2172 1247 2353 1312 quoad
2372 1264 2614 1312 sensum,
2638 1265 2742 1300 con-

574 1329 925 1391 cordantibus»,
949 1356 1013 1366 —
1040 1329 1276 1393 “wando
1290 1344 1393 1394 per
1416 1329 1671 1381 AEetatem
1693 1330 1786 1381 hoc
1796 1331 1993 1396 festum
2025 1329 2345 1395 eontigerit,''
2381 1348 2485 1397 per
2506 1333 2742 1383 incuriam

575 1412 838 1473 omissum,
864 1417 1019 1475 atque
1042 1411 1118 1459 ita
1140 1413 1301 1461 totius
1324 1410 1566 1461 Rubricae
1590 1428 1777 1463 sensus
1799 1412 2033 1478 perditus
2058 1418 2152 1463 est.

674 1491 712 1558 ξ
733 1491 864 1548 167
876 1491 932 1559 ι)
961 1491 1115 1552 Quod
1142 1493 1198 1541 in
1228 1492 1276 1541 A
1305 1498 1358 1542 et
1373 1491 1472 1542 Ed.
1498 1499 1679 1544 nostra
1701 1496 1920 1560 primam
1951 1500 2003 1545 et
2031 1493 2337 1557 secundam,
2364 1495 2554 1547 hocin
2574 1496 2618 1545 L
2637 1496 2745 1561 (non

577 1576 690 1626 sine
715 1576 920 1626 mendis
947 1573 1460 1643 variationibusque)
1477 1576 1671 1641 primas
1697 1578 1925 1642 quinque
1953 1577 2233 1629 Lectiones
2261 1578 2419 1629 facit:
2443 1608 2513 1618 —
2533 1580 2600 1630 de
2619 1586 2749 1630 sexta

576 1675 627 1708 v.
655 1657 724 1707 ad
752 1662 782 1721 ξ
816 1661 924 1708 168.

674 1741 737 1790 In
763 1740 884 1791 Lee.
917 1745 960 1804 1,
984 1741 1028 1790 L
1049 1739 1135 1804 (de
1152 1738 1316 1805 more)
1341 1737 1682 1802 “karissimi'’‚
1705 1743 1755 1789 et
1773 1745 1959 1805 postea
1979 1741 2094 1806 “pie
2113 1742 2395 1806 aciuste'';
2424 1744 2626 1796 deinde
2642 1761 2747 1797 vero

580 1825 856 1874 “mentitur
872 1852 943 1860 —
961 1822 1237 1888 Templum
1254 1823 1356 1872 Dei
1374 1850 1440 1858 —
1460 1821 1711 1886 templum
1730 1828 1809 1872 est
1828 1823 1914 1888 Sp,
1935 1822 1986 1872 S.
1999 1822 2057 1871 ‘?''

673 1906 734 1955 In
753 1906 839 1969 Enii
857 1906 1042 1968 Versu,
1059 1922 1155 1970 pro
1180 1903 1556 1955 “Obtulerunt''
1575 1904 1713 1954 idem
1731 1905 1939 1954 MStum
1960 1905 2360 1978 “Optulerunt”.

676 1989 713 2055 §
746 1987 949 2054 168.)
975 1987 1035 2036 In
1053 1987 1321 2037 Lectionis
1342 1992 1369 2036 2
1388 1989 1557 2049 initio,
1575 2003 1669 2052 pro
1693 1986 1891 2036 “enim''
1911 2003 2031 2037 cum
2048 1988 2091 2036 L
2111 1989 2456 2041 scribendum
2476 1992 2687 2058 “ergo''.

677 2075 739 2124 In
765 2073 885 2124 Lec.
913 2076 957 2135 3,
984 2071 1139 2120 etiam
1170 2071 1226 2119 in
1249 2071 1372 2120 Lec.
1396 2073 1425 2121 6
1452 2071 1505 2134 (ἓ
1533 2069 1666 2134 170),
1689 2069 1737 2118 Α
1765 2069 2173 2135 “elemosynis’':
2210 2072 2275 2121 ef.
2303 2073 2372 2122 ad
2394 2075 2616 2140 paginae
2637 2074 2744 2137 xxiij

580 2157 792 2208 calcem.
810 2183 876 2192 —
893 2157 955 2206 In
975 2154 1063 2218 Baii
1092 2158 1121 2204 3
1140 2154 1323 2216 Versu,
1343 2170 1437 2219 pro
1462 2151 1652 2203 “dixit'’
1670 2153 1715 2202 L
1738 2152 1887 2203 “ait'’.

677 2240 831 2302 Quod
855 2246 1030 2289 autem
1052 2238 1205 2289 nobis
1229 2237 1510 2287 Lectiones
1535 2240 1563 2286 3
1589 2242 1639 2286 et
1661 2238 1694 2284 4
1716 2237 1843 2285 facit
1867 2238 2076 2300 omisso,
2104 2253 2200 2302 pro
2226 2240 2381 2288 sexta
2404 2238 2536 2290 sua*
2559 2240 2748 2290 MStum

576 2325 716 2374 idem
748 2323 1023 2387 sequentia
1058 2322 1145 2388 (cf.
1171 2322 1201 2382 ἓ
1230 2317 1347 2386 170)
1364 2318 1550 2369 habet:
1581 2319 1728 2367 “Hoc
1753 2320 1891 2367 enim
1915 2347 1980 2354 —
2002 2321 2186 2370 fecerit
2210 2346 2271 2356 -
2295 2327 2350 2371 et
2383 2322 2583 2391 videns
2615 2323 2689 2373 ibi
2708 2321 2750 2370 h.

582 2406 718 2455 “non
751 2405 802 2454 h.
837 2420 885 2453 v.
921 2421 991 2466 n.,
1027 2404 1159 2453 dixit
1191 2403 1257 2453 ad
1291 2419 1434 2454 eum:
1478 2402 1677 2466 Amice,
1714 2401 1974 2466 quomodo
2007 2401 2111 2451 huc
2150 2403 2380 2468 intrasti,
2418 2420 2534 2455 non
2562 2405 2751 2456 habens

582 2490 810 2538 “vestem
831 2486 1129 2552 nupcialem
1142 2487 1200 2537 ‘?'’

689 2570 726 2636 ἓ
757 2565 958 2637 169.)
983 2567 1105 2620 Lee.
1136 2568 1209 2637 4.)
1228 2568 1375 2620 Vade
1405 2562 1552 2634 prius
1585 2563 1917 2616 reconciliari
1950 2566 2098 2616 fratri
2129 2565 2240 2633 tuo]
2281 2566 2373 2618 Sic
2406 2574 2459 2619 et
2492 2569 2660 2637 Vulg.
2691 2570 2752 2636 (S-

575 2655 758 2705 Matth.
782 2654 845 2717 V,
873 2655 985 2718 24);
1017 2667 1313 2718 quanquam
1337 2651 1578 2701 Graecum
1604 2649 1920 2717 διαλλάγηθι
1941 2645 2334 2717 (reconciliare)
2352 2650 2542 2703 habet.

678 2734 715 2802 δ
748 2734 835 2791 17
849 2735 951 2803 l.)
977 2738 1039 2786 In
1057 2737 1105 2786 A
1123 2738 1169 2798 3,
1190 2751 1284 2800 pro
1309 2732 1552 2795 “coelos'’,
1575 2748 1693 2782 cum
1710 2734 1753 2782 L
1773 2732 2106 2784 scribendum
2129 2732 2374 2783 “colles”.

676 2820 803 2886 Cap.
834 2822 909 2870 19.
933 2818 1019 2885 Α.]
1050 2819 1386 2869 Divisionum
1409 2816 1637 2890 Litteras
1663 2832 1778 2881 quae
1799 2815 1886 2866 hic
1909 2822 1960 2866 et
1981 2817 2037 2865 in
2061 2816 2125 2879 §5
2153 2819 2246 2867 176
2272 2820 2327 2869 et
2354 2821 2449 2867 177
2478 2818 2758 2870 inveniun-

576 2908 659 2953 ttu·
683 2919 782 2953 om.
806 2903 869 2952 A.

676 2986 739 3035 In
756 2988 873 3052 ipso
894 2988 1065 3035 autem
1082 2983 1395 3051 Euangelio‚
1413 3011 1478 3019 —
1500 2985 1552 3033 19
1591 2988 1697 3032 tam
1715 2983 1758 3032 L
1780 2997 1933 3047 quam
1951 2980 1997 3029 A
2015 2979 2150 3029 male
2173 2982 2507 3047 “Egressus'’
2525 2980 2762 3035 habentk

576 3072 638 3121 In
669 3068 825 3134 Vulg.
860 3073 1046 3129 autem,
1083 3067 1133 3116 S.
1168 3068 1327 3116 Lucae
1361 3066 1506 3116 XIX.
1547 3071 1569 3115 1
1609 3071 1712 3128 est,
1752 3065 1849 3114 “Et
1881 3065 2149 3128 ingressus
2182 3063 2600 3128 perambulabat
2636 3065 2763 3114 Jeri·

581 3150 765 3201 “ch0.”
790 3178 853 3186 —
879 3150 932 3198 2‘?
965 3164 1061 3214 pro
1090 3149 1230 3197 “erat
1251 3147 1530 3213 princeps'’
1555 3147 1712 3213 Vulg.
1740 3151 1792 3196 et
1814 3147 1969 3195 Brev.
1993 3146 2140 3194 Rom.
2169 3144 2450 3212 “princeps
2481 3146 2655 3198 erat”.

678 3232 857 3284 Sermo
890 3247 953 3282 ex
992 3230 1377 3280 Commentariis
1425 3229 1744 3281 Venerabilis
1783 3228 1944 3279 Bedae
1989 3224 2328 3291 Presbyteri-J
2364 3230 2641 3281 Romanis
2674 3231 2767 3280 hoe

577 3319 765 3368 litteris
792 3314 1151 3368 scribendum:
1179 3331 1228 3363 v.
1255 3315 1322 3363 ad
1347 3316 1376 3376 ξ
1403 3318 1480 3364 32.

677 3403 738 3452 In
762 3402 915 3451 Brev.
942 3404 1113 3448 autem
1135 3398 1299 3461 Rom„
1324 3398 1378 3446 in
1408 3412 1511 3460 quo
1542 3395 1774 3460 quotidie
1801 3395 1938 3444 infra
1969 3393 2085 3444 Oct.
2114 3393 2170 3441 ix
2193 3392 2329 3441 fiunt
2344 3392 2646 3458 lectiones»,
2678 3395 2770 3444 Ex-

579 3482 770 3545 positio
795 3487 977 3531 nostra
1001 3483 1184 3547 quinta
1201 3480 1407 3529 demum
1426 3478 1524 3542 die,
1550 3485 1603 3528 et
1622 3494 1741 3528 cum
1758 3476 2136 3528 variationibus
2163 3475 2253 3540 (ad
2269 3475 2414 3526 hanc
2433 3483 2492 3526 et
2511 3478 2584 3528 ad
2608 3480 2645 3541 ἓ
2670 3478 2772 3537 172)

580 3566 934 3629 sequentibUS,
958 3565 1172 3631 legitur:

679 3647 799 3699 Leo,
827 3649 896 3713 7.)
932 3650 1035 3699 Pro
1077 3650 1512 3712 “contemptoque
1538 3661 1702 3695 censu
1735 3641 2027 3694 fraudium’'
2050 3644 2204 3693 Brev.
2238 3643 2393 3693 Rom.
2425 3644 2778 3715 “contempto
2822 3664 2823 3709 ἦ

583 3729 776 3779 “censu
798 3730 1100 3792 fraudum'';
1126 3732 1239 3795 ipse
1263 3744 1388 3780 vero
1416 3728 1468 3777 S.
1493 3727 1652 3790 Beda,
1672 3755 1733 3763 --
1755 3728 1844 3791 qui
1867 3741 2037 3790 supra,
2057 3723 2242 3774 saltem
2266 3740 2376 3775 sec.
2403 3743 2632 3780 novam
2653 3730 2781 3796 Ope·

577 3803 2767 3877 W
