2910 4457
587 337 669 400 96
1232 355 1400 396 ritum

584 473 751 522 tarra·
769 468 942 520 virum
957 467 1032 529 in]
1038 471 1212 518 ustum
1228 466 1364 516 mala
1374 466 1577 528 capient

586 531 641 579 in
676 531 905 578 interitu.

649 592 870 653 Cognovi
892 591 1013 650 quia
1035 589 1181 639 saciet
1198 590 1307 640 Das
1318 588 1574 648 judicium

587 655 791 713 inopis:
808 658 856 701 et
876 652 1151 701 vindictam
1173 664 1474 711 pauperum.

651 716 998 763 Veruntamen
1036 714 1165 774 justi
1203 714 1575 761 confitebuntur

588 776 785 825 nomini
801 781 919 825 tuo·
935 781 983 825 et
1000 775 1300 824 habitabunt
1315 776 1436 824 recti
1458 786 1577 823 cum

587 839 733 887 vultu
759 843 864 885 tuo.

648 900 820 948 Gloria
872 898 1032 947 Patri.
1072 899 1137 947 A.
1175 898 1224 948 A
1256 897 1367 947 viro
1399 896 1578 958 iniquo

590 960 747 1010 libera
768 973 850 1009 me
871 962 999 1009 Di‘ie.

903 1022 1145 1070 Psalmus
1161 1021 1263 1069 cml.

679 1084 851 1132 omine
899 1083 1114 1132 clamavi
1170 1083 1233 1131 ad
1276 1086 1353 1139 te,
1397 1080 1578 1130 exaudi

682 1160 794 1195 me.
780 1162 794 1174 ·
817 1146 1019 1194 intende
1035 1144 1145 1193 voci
1165 1156 1313 1202 meae,
1337 1156 1457 1192 cum
1478 1144 1580 1191 cla-

588 1221 793 1257 mavero
816 1208 879 1256 ad
903 1212 968 1255 te.

650 1270 916 1330 Dirigatur
939 1268 1098 1316 oratio
1119 1280 1232 1317 mea
1253 1268 1383 1315 sicut
1407 1267 1580 1314 incen-

588 1343 705 1380 sum
728 1332 782 1378 in
804 1335 1071 1389 conspectu
1095 1335 1218 1378 tuo:
1241 1329 1448 1377 elevatio
1471 1339 1581 1376 ma-

588 1404 753 1441 nuum
776 1404 1007 1441 mearum
1044 1391 1351 1440 sacrificium
1373 1402 1581 1449 vesper-

591 1455 779 1504 tinum.

653 1517 790 1564 Pone
808 1514 920 1563 Dite
941 1514 1220 1563 custodiam
1257 1514 1331 1562 ori
1358 1525 1470 1561 meo
1494 1527 1508 1563 ι
1533 1517 1583 1562 et

589 1577 777 1626 ostium
800 1576 1191 1626 circumstantiae
1210 1575 1354 1624 labiis
1374 1576 1516 1623 meis,

653 1640 765 1689 Non
790 1639 1007 1688 declines
1027 1651 1111 1686 cor
1136 1651 1304 1686 meum
1340 1639 1393 1685 in
1430 1637 1582 1685 verba

591 1702 798 1749 malitiae
843 1715 856 1748 ε
897 1701 960 1748 ad
1016 1700 1324 1749 excusandas
1369 1711 1583 1758 excusa-

591 1763 753 1810 tiones
776 1762 828 1808 in
851 1761 1080 1819 peccatis.

652 1823 781 1871 Cum
808 1822 1104 1869 bominibus
1126 1821 1453 1880 operantibus
1480 1821 1582 1870 ini-

589 1884 833 1944 quitatem
890 1898 904 1932 :
946 1886 1017 1931 et*
1040 1895 1139 1930 non
1194 1884 1582 1932 communicabo

592 1958 709 1994 cum
731 1944 900 1993 electis
919 1956 1113 1993 eorum.

653 2007 901 2066 Corripiet
920 2018 1001 2054 me
1017 2007 1187 2066 justus
1210 2007 1264 2055 in
1287 2006 1583 2054 misericor-

590 2070 675 2119 dia
690 2106 703 2128 ‚
723 2074 771 2117 et
787 2069 1066 2127 increpabit
1086 2082 1167 2116 me
1191 2084 1205 2118 ι
1227 2070 1392 2117 oleum
1410 2073 1581 2116 autem

592 2131 863 2191 peccatoris
927 2143 1028 2179 non
1094 2131 1380 2192 impinguet
1431 2135 1581 2191 caput

593 2206 786 2243 meum.

654 2255 912 2315 Quoniam
944 2254 1109 2303 adhuc
1135 2259 1185 2303 et
1209 2255 1369 2302 oratio
1390 2267 1503 2303 mea
1525 2254 1578 2302 in

590 2318 914 2377 beneplacitis
944 2329 1120 2365 eorum
1158 2332 1171 2366 ε
1205 2317 1428 2376 absorpti
1463 2321 1585 2365 sunt

587 2380 755 2440 juncti
784 2383 932 2437 petrae
949 2379 1146 2437 J‘udices
1167 2391 1362 2428 eorum.

657 2440 885 2488 Audierit
908 2441 1055 2487 verba
1076 2452 1204 2497 mea,
1228 2441 1471 2499 quoniam
1493 2452 1583 2498 po-

591 2506 799 2549 tuerunt
857 2516 870 2549 z
928 2502 1062 2549 sicut
1101 2503 1380 2550 crassitudo
1437 2507 1583 2550 terrae

595 2568 772 2622 erupta
794 2567 868 2609 est
890 2575 1040 2622 super
1062 2568 1268 2611 terram.

654 2624 912 2684 Dissipata
943 2629 1064 2672 sunt
1087 2626 1262 2673 omnia
1276 2637 1388 2673 ossa
1412 2629 1581 2673 nostra

593 2698 738 2735 secus
776 2686 1072 2737 internum.
1104 2689 1227 2748 quia
1263 2689 1325 2735 ad
1360 2693 1435 2746 te,
1475 2688 1585 2735 Dite

595 2749 732 2807 Bne,
758 2750 889 2797 oculi
924 2751 1049 2811 mei3
1074 2751 1127 2798 in
1151 2755 1197 2798 te
1217 2750 1442 2809 speravi,
1480 2761 1583 2797 non

590 2810 790 2858 auferas
811 2812 1043 2860 animam
1072 2825 1258 2860 meam.

659 2872 864 2919 Custodi
889 2885 968 2920 me
989 2886 1018 2921 a
1040 2874 1214 2933 laqueo
1230 2886 1381 2934 quem
1396 2877 1588 2920 statue-

595 2937 718 2980 runt
736 2933 903 2980 mihi.
927 2939 976 2981 et
1009 2947 1038 2982 a
1075 2937 1333 2984 scandalis
1365 2947 1588 2995 operan-

601 2995 734 3043 tium
760 2994 1103 3052 iniquitatem.

659 3054 848 3103 Cadent
888 3055 941 3101 in
984 3057 1224 3104 retiaculo
1259 3056 1372 3115 eJus
1408 3068 1588 3114 pecca-

597 3122 778 3165 tores:
818 3117 1144 3177 singulariter
1175 3130 1292 3165 sum
1314 3130 1404 3178 ego
1429 3119 1589 3167 donec

596 3184 871 3228 transeam.

660 3241 831 3289 Gloria
854 3241 1012 3292 Patr-i.
1038 3242 1103 3290 A.
1134 3242 1261 3301 Due,
1286 3240 1502 3291 clamavi
1523 3241 1588 3291 ad

598 3307 677 3353 te:
693 3303 871 3352 exaudi
895 3317 995 3353 me.

894 3367 1137 3414 Psalmua
1160 3364 1286 3427 coelJ’.

692 3439 776 3476 oce
797 3440 906 3476 mea
939 3430 1002 3478 ad
1024 3429 1161 3477 Dnm
1194 3429 1407 3478 clamavi
1433 3444 1446 3479 :
1473 3441 1592 3480 voce

676 3502 802 3539 mea
822 3491 886 3548 ad
906 3491 1044 3541 Dum
1065 3492 1359 3553 deprecatus
1389 3504 1526 3541 sum.

1446 355 1615 396 mxu
1656 355 1728 396 11·
1767 352 2007 395 muno

1731 463 1986 514 Effundo
1973 475 2028 512 ιιι
2048 466 2316 522 conspeetu
2337 464 2451 525 ejus
2472 466 2674 516 oratio-

1671 539 1789 575 nem
1814 538 2014 574 meam:
2032 529 2081 574 et
2098 524 2475 577 tribulationem
2496 540 2672 579 meam

1671 594 1789 637 ante
1812 588 1980 647 ipsum
2005 588 2301 645 pronuntio.

1735 651 1797 698 In
1829 648 2104 697 deficiendo
2124 661 2181 696 ex
2202 661 2285 698 me
2304 649 2544 708 spiritum
2560 664 2676 701 me·-

1672 723 1763 760 um
1790 726 1803 759 z
1826 718 1873 758 et
1897 717 1952 759 tu
1977 710 2255 770 cognovisti
2285 711 2491 760 semitas
2512 725 2675 763 meas.

1736 773 1798 820 In
1828 773 1909 820 via
1933 772 1996 819 ha
2056 785 2157 831 qua
2189 772 2513 823 ambulabam
2539 777 2698 825 :abs

1674 835 1983 883 sconderunt
1998 784 2244 893 ‘laqueum
2267 834 2415 882 mihi.

1741 895 2135 944 Considerabam
2176 896 2238 944 ad
2295 897 2574 956 dexteram,
2620 903 2672 950 et

1673 958 1955 1006 videbam:
1984 963 2032 1005 et
2047 970 2147 1004 non
2173 962 2279 1006 erat
2299 959 2390 1018 qui
2404 971 2673 1020 cognosce-

1675 1024 1753 1069 ret
1789 1032 1888 1067 me.

1737 1081 1897 1129 Periit
1919 1079 2034 1140 suga
2065 1092 2094 1127 a
2118 1092 2235 1130 me.
2266 1085 2315 1129 et
2346 1093 2449 1130 non
2479 1088 2556 1132 est
2574 1083 2669 1144 qui

1676 1143 1906 1202 requirat
1926 1144 2153 1191 animam
2179 1155 2361 1191 meam.

1738 1204 1964 1253 Clamavi
1993 1205 2056 1252 ad
2093 1210 2140 1252 te
2169 1205 2308 1266 Dne;
2345 1204 2479 1263 dixi,
2506 1206 2588 1255 Tu
2613 1220 2671 1257 es

1674 1278 1789 1325 spes
1809 1278 1965 1315 mea:
1994 1267 2155 1326 portio
2185 1278 2297 1315 mea
2335 1267 2391 1315 in
2426 1272 2562 1316 terra
2584 1269 2638 1319 vi

1677 1328 1928 1376 ventiurn.
2685 1357 2688 1358 ν

1739 1390 1949 1437 Intende
1969 1389 2032 1438 ad
2052 1388 2451 1447 deprecationem
2466 1402 2636 1441 meam
2660 1405 2677 1443 e

1678 1451 1799 1511 quia
1823 1451 2124 1499 humiliatus
2145 1464 2260 1498 sum
2287 1452 2461 1499 nimiS.

1740 1514 1920 1562 Libera
1944 1526 2023 1562 me
2053 1526 2082 1561 a
2110 1514 2527 1573 persequentibus
2547 1527 2631 1564 me
2656 1531 2670 1565 ε

1679 1576 1799 1635 quia
1821 1575 2083 1623 confortati
2105 1581 2226 1623 sunt
2250 1587 2400 1632 super
2424 1588 2522 1625 me.

1741 1637 1883 1685 Educ
1907 1637 1968 1684 de
1989 1638 2211 1684 custodia
2248 1636 2477 1686 animam
2500 1651 2674 1689 meam

1679 1698 1741 1746 ad
1764 1699 2105 1748 confitendum
2131 1699 2327 1746 nomini
2344 1704 2432 1747 tuo
2456 1716 2469 1750 ε
2492 1713 2575 1749 me
2588 1714 2674 1750 ex-

1680 1766 1879 1819 pectant
1890 1760 2018 1819 justi
2037 1796 2049 1818 ‚
2077 1761 2233 1809 donec
2253 1762 2504 1810 retribuas
2519 1763 2691 1814 mihi..-

1740 1822 1914 1870 Gloria
1933 1823 2092 1871 Patri.
2125 1825 2190 1871 A.
2222 1823 2391 1871 Portio
2422 1836 2535 1873 mea
2557 1826 2673 1874 Dae

1679 1882 1747 1931 sit
1772 1884 1824 1931 in
1849 1890 1980 1932 terra
2003 1885 2303 1933 viventium.

1748 1945 2189 2006 Cap.l)1·1sautem
2212 1946 2421 2006 dirigat.
2445 1947 2511 2005 (p.
2534 1947 2638 2008 88.)

1743 2006 1962 2067 Sequens
1977 2007 2034 2055 H
2032 2020 2219 2067 ymnus
2228 2009 2417 2055 dicitur
2427 2010 2592 2057 selum
2603 2010 2677 2059 ad

1689 2066 2069 2140 Vesperasferid
2077 2068 2132 2129 tj
2136 2082 2205 2129 pr
2206 2070 2381 2116 ooeimci
2390 2076 2508 2119 ante
2521 2071 2674 2122 Dom.

1675 2130 1904 2189 primam
1943 2132 2291 2192 1L‚quando
2329 2131 2387 2178 in
2421 2132 2676 2192 praedicta

1678 2191 1813 2253 feria
1838 2192 1893 2253 vj
1919 2193 2094 2253 ayitur
2110 2191 2333 2253 deferta,
2405 2194 2673 2255 Hymnus.

1682 2255 2005 2366 Plasmator
2026 2255 2250 2304 hominis
2270 2256 2433 2314 Deus,

1768 2316 1868 2375 Qui
1893 2322 2073 2365 cuncta
2094 2318 2231 2365 solus
2247 2318 2491 2367 ordinans
2509 2353 2524 2377 ‚

1681 2379 1914 2426 Humum
1928 2378 2076 2438 jubes
2098 2379 2372 2438 producere

1681 2441 1947 2498 Reptantis
1967 2446 2013 2488 et
2032 2440 2145 2488 ferae
2168 2452 2355 2499 genus:

1744 2502 1847 2560 Qui
1871 2513 2055 2559 magna
2076 2513 2247 2549 rerum
2269 2513 2476 2560 corpora
2495 2538 2510 2561 ‚

1680 2564 1828 2612 Dictu
1849 2562 2075 2620 J'ubentis
2093 2563 2261 2610 vivida
2276 2598 2290 2621 ,

1683 2626 1750 2674 Ut
1770 2625 1991 2672 serviant
2013 2637 2097 2684 per
2119 2625 2368 2682 ordinem,

1681 2687 1911 2736 Subdens
1931 2687 2114 2735 dedisti
2133 2686 2328 2734 homini
2354 2700 2368 2735 ε

1745 2749 1948 2808 Repelle
1968 2761 1997 2796 a
2022 2750 2182 2797 servis
2204 2748 2309 2796 tuis

1683 2811 1939 2872 Quicquid
1963 2824 2047 2870 per
2070 2810 2454 2859 immunditiam

1684 2874 1794 2922 Aut
1815 2875 2044 2921 moribus
2065 2886 2118 2921 se
2138 2873 2393 2934 suggerit,

1684 2936 1794 2984 Aut
1810 2935 2006 2983 actibus
2017 2947 2069 2983 se
2090 2935 2362 2983 interserit.

1746 2997 1821 3045 Da
1846 2997 2147 3057 gaudiorum
2171 2996 2376 3056 praemia
2394 3032 2410 3055 ,

1685 3059 1760 3107 Da
1786 3059 2067 3118 gratiarum
2090 3071 2304 3107 munera
2323 3094 2338 3117 ,

1686 3120 1914 3169 Dissolve
1937 3121 2041 3167 litis
2063 3121 2271 3168 vincula
2288 3156 2302 3180 ‚

1688 3182 1936 3242 Astringe
1957 3182 2097 3241 pacis
2120 3182 2324 3232 t'oedera.

1750 3245 1970 3301 Praesta,
1991 3246 2196 3301 Pater.(
2184 3248 2253 3303 (p.
2271 3243 2368 3304 88.)

1751 3304 1813 3368 5⁷
1835 3307 2115 3366 Dirigatur.
2140 3306 2290 3367 (ibid.)

1750 3369 1855 3416 Per
1886 3369 2027 3416 AEst.
2065 3368 2307 3430 Hymnus
2333 3367 2488 3416 Lucis
2520 3365 2687 3418 Crea-

1688 3434 1786 3477 tor.
1792 3428 1889 3490 (ib.)
1942 3427 2004 3490 ψ.
2026 3430 2307 3489 Dirigatur.

1753 3431 1817 3540 A(.
1848 3492 2078 3551 Suscepit
2110 3492 2250 3542 Deus
2276 3490 2431 3541 Israel
2464 3503 2682 3552 puerum
