2910 4457
695 322 754 374 xl
1160 304 1169 313 ⁰
1308 338 1382 374 nr:
1409 336 1685 375 ronanus
1710 338 2083 375 coumuxmtm.

694 484 857 536 quum
894 483 1064 535 neque
1100 483 1166 518 ex
1202 464 1462 534 ejusmodi
1502 466 1784 527 insertione
1826 473 1949 518 ante
1982 464 2168 518 Douce
2206 465 2320 519 Ref-
2364 466 2720 535 Psalterium,

693 570 812 622 quae
848 552 1255 621 haudquaquam
1281 551 1573 604 necessario
1598 552 1760 619 ipsius
1793 551 2052 604 Breviarii
2075 569 2195 620 pars
2225 554 2488 607 censenda
2510 564 2605 621 est,
2634 557 2715 611 de

691 640 936 708 genuinis
962 638 1162 691 Officiis
1188 637 1664 691 Sarisburiensibus
1686 637 1827 689 certo
1855 636 2144 705 quidquam
2168 639 2413 691 concludi
2438 643 2621 709 possit,
2647 651 2720 695 et

688 726 744 776 in
792 724 939 777 libris
985 742 1103 794 quae
1146 742 1213 776 ex
1259 724 1532 777 devotione
1579 722 1789 775 tantum
1826 722 2050 776 dicenda
2080 726 2371 789 continent,
2407 728 2577 794 qualis
2621 738 2720 781 est

686 810 1045 864 Euchiridion
1071 811 1283 875 Sarisb.,
1306 811 1556 863 facillime
1582 811 1686 862 tale
1709 809 1837 879 quid
1860 809 1985 861 addi
2011 812 2210 879 potuit;
2244 821 2428 865 contra
2460 814 2602 878 vero,
2627 833 2709 869 ne

686 897 742 949 in
766 897 1062 950 istiusmodi
1093 897 1308 966 quidem
1330 898 1483 960 libro,
1509 896 1711 965 (quales
1744 904 1871 949 sunt
1897 897 2058 948 etiam
2083 897 2159 948 illi
2185 898 2288 966 qui‘
2309 898 2477 951 Horoe
2501 904 2586 964 ᾀτ.
2615 904 2708 955 vel

692 978 800 1034 The
842 984 1052 1035 Primer
1090 983 1375 1052 dicuntur),
1414 982 1713 1045 Rosarium,
1756 981 1896 1050 quod
1931 981 2274 1051 indulgentiae
2315 986 2706 1055 consequendae

692 1071 865 1141 gratia
898 1072 1181 1124 dicendum
1217 1079 1345 1134 erat,
1377 1072 1530 1122 —in
1562 1070 1695 1122 libro
1728 1079 1906 1122 autem
1943 1070 2034 1138 qui
2073 1065 2326 1123 Ecclesiae
2365 1070 2552 1125 Officia
2590 1074 2705 1128 Ec-

681 1158 852 1210 clesiae
877 1159 1188 1210 auctoritate
1211 1156 1373 1209 tradit
1388 1157 1558 1209 multo
1581 1154 1758 1207 minus
1775 1156 2054 1208 formulam
2072 1158 2312 1224 quamvis
2334 1157 2703 1226 imperfectam

681 1248 856 1300 doceri
887 1245 1132 1299 credibile
1167 1246 1253 1308 sit,
1443 1244 1602 1296 verba
1632 1242 1892 1311 (inquam)
1928 1244 2039 1306 illa,
2076 1245 2283 1296 etiamsi
2318 1262 2386 1297 ex
2421 1246 2704 1302 devotione

680 1334 967 1402 saepissime
1000 1339 1055 1384 et
1086 1349 1120 1384 a
1149 1331 1347 1393 multiS,
1380 1331 1489 1382 sive
1521 1330 1716 1392 omnia,
1741 1332 1847 1381 sive
1881 1326 2060 1397 potius
2094 1331 2339 1398 quaedam
2363 1348 2427 1383 ex
2463 1332 2544 1397 iis,
2567 1334 2704 1388 addi

676 1428 976 1491 potuerunt,
1008 1434 1351 1486 nequaquam
1392 1425 1571 1468 tamen
1611 1418 1667 1468 in
1706 1415 1906 1467 Officiis
1935 1401 2418 1469 ‘Sarisburiensibus
2458 1434 2527 1470 ex
2561 1437 2702 1489 prae-

677 1508 868 1577 scripto
904 1505 1130 1558 dicenda
1153 1504 1334 1566 fuisse,
1358 1504 1575 1556 omnino
1599 1503 1939 1555 statuendum
1965 1502 2333 1555 videtum—In
2358 1503 2411 1554 T
2403 1503 2466 1555 Ize
2479 1504 2702 1560 Primer

678 1602 857 1647 autem
882 1593 945 1643 A.
968 1591 1036 1643 D.
1068 1596 1204 1643 1557
1232 1590 1462 1658 (Gough
1504 1591 1626 1658 105)
1653 1598 1767 1641 tam
1803 1589 1860 1640 in
1894 1589 2045 1640 initio
2077 1589 2198 1640 libri
2230 1591 2394 1657 quam
2427 1599 2551 1643 ante
2587 1594 2702 1660 pri·

678 1694 822 1731 mam
844 1678 1125 1729 lectionem
1160 1675 1404 1728 additum
1440 1683 1521 1726 est
1549 1674 1791 1726 Christus
1811 1696 1828 1726 .·
1869 1674 2015 1742 quod
2051 1674 2192 1727 idem
2226 1676 2284 1728 in
2320 1675 2550 1729 editione
2588 1679 2699 1731 alia

674 1762 813 1816 A.D.
846 1766 980 1814 1556
1005 1781 1038 1815 a
1060 1762 1210 1814 nobis
1233 1761 1472 1829 inspecta
1495 1768 1617 1813 ante
1652 1760 1910 1813 lectiones
1930 1761 2148 1829 quidem
2179 1762 2378 1815 factum
2403 1771 2499 1827 est,
2524 1782 2697 1833 quum

675 1859 854 1905 tamen
879 1853 934 1902 in
959 1851 1113 1902 initio
1134 1850 1255 1902 libri
1280 1850 1361 1901 vel
1387 1865 1580 1901 nomen
1614 1857 1857 1901 sanctum
1882 1849 2216 1918 Jesus,—pro
2239 1867 2345 1918 quo
2373 1851 2696 1907 Salutationi

674 1939 943 2009 Angelicae
992 1936 1177 1990 devote
1220 1924 1481 2000 addend0,
1525 1936 1776 1988 Urbanus
1827 1936 1909 1988 IV
1950 1936 2069 2006 (qui
2116 1939 2182 1989 ab
2230 1939 2293 1989 A.
2312 1937 2382 1990 D.
2437 1943 2567 1992 1261
2620 1942 2697 1994 ad

674 2043 874 2080 annum
914 2029 1047 2077 1264
1082 2024 1335 2076 Ecclesiae
1372 2023 1603 2093 praefuit,
1638 2032 1692 2076 et
1726 2025 1821 2091 qui
1859 2025 2177 2075 sacrosancti
2210 2024 2455 2093 Corporis
2490 2026 2695 2080 Christi

674 2112 866 2165 festum
891 2110 1165 2179 instituit,)
1193 2110 1588 2179 indulgentiam
1613 2111 1928 2162 concessisse
1952 2109 2496 2173 dicitur,—omissum
2520 2123 2615 2164 est.

744 2199 806 2252 P.
851 2204 966 2252 122.
1007 2200 1146 2252 Cum
1183 2197 1395 2251 Psalmo
1446 2197 1626 2250 Venite
1669 2196 2046 2250 Invitatorium
2089 2196 2250 2249 etiam
2292 2204 2346 2250 et
2366 2197 2691 2273 ¹Invitatorii

679 2287 961 2341 dimidium
988 2290 1097 2340 suis
1118 2288 1247 2339 locis
1269 2288 1466 2339 inserta
1490 2286 1755 2348 exhibere,
1779 2293 1832 2338 et
1856 2285 2251 2337 annotationem
2276 2286 2687 2355 subsequentem

673 2375 738 2427 de
788 2375 1099 2426 Invitatorio
1148 2382 1201 2426 et
1249 2375 1451 2426 caeteris
1500 2373 1816 2441 quibudam
1866 2372 2039 2425 Officii
2097 2373 2340 2440 partibus
2387 2374 2690 2442 quaerendis

674 2459 882 2523 addere,
906 2477 1086 2512 eorum
1111 2460 1294 2511 caussa
1318 2460 1408 2528 qui
1431 2458 1608 2510 minus
1632 2457 1806 2510 adhuc
1838 2459 1895 2509 in
1925 2458 2069 2511 hisce
2097 2459 2253 2511 rebus
2277 2461 2463 2511 versati
2486 2459 2690 2515 fuerint

674 2547 846 2598 visum
871 2553 963 2597 est.
1016 2545 1100 2598 De
1118 2544 1276 2597 modo
1299 2552 1482 2597 autem
1503 2544 1804 2596 Invitatorii
1831 2543 2044 2596 dicendi
2066 2545 2222 2613 plura
2240 2544 2358 2597 vide
2382 2543 2450 2596 ad
2476 2545 2563 2597 Pr.
2582 2550 2613 2599 4
2632 2564 2685 2599 a.

747 2631 933 2701 Operae
981 2631 1209 2701 pretium
1248 2637 1327 2683 est
1367 2637 1548 2681 autem
1598 2637 1779 2680 notare
1820 2627 2189 2698 Antiphonam
2237 2629 2306 2682 ad
2351 2630 2685 2696 Benedictus,

675 2719 881 2787 Nlaqn„
903 2719 988 2771 vel
1013 2718 1176 2770 Nunc
1210 2717 1355 2780 dim„
1391 2719 1448 2769 in
1487 2717 1644 2769 BreV.
1673 2715 1830 2768 Ebor.
1856 2717 1952 2767 ‘in
1986 2715 2280 2784 Euangelio
2305 2716 2679 2786 Antiphonam’

673 2807 864 2858 vocari.
914 2805 1002 2857 Sic
1026 2806 1187 2857 etiam
1212 2806 1267 2856 in
1293 2805 1512 2872 antiquo
1541 2804 1694 2856 BreV.
1722 2803 1886 2856 MSto
1912 2803 1976 2855 de
2001 2820 2107 2871 quo
2132 2802 2201 2854 ad
2224 2820 2274 2871 p.
2300 2807 2395 2856 111
2425 2804 2475 2855 b.
2503 2835 2506 2838 >

747 2891 816 2941 In
857 2891 1104 2959 Symbolo
1138 2891 1437 2958 Apostolico
1477 2891 1721 2943 notandae
1759 2898 1884 2943 sunt
1907 2889 2027 2942 duoe
2052 2890 2301 2942 lectiones
2335 2891 2511 2954 variae,
2541 2895 2585 2942 l.
2612 2894 2684 2943 ad

672 2976 900 3046 inferna,
923 2994 1015 3046 pro
1041 2994 1143 3046 quo
1168 2976 1324 3028 Brev.
1342 2977 1495 3029 Rom.
1521 2977 1682 3030 habet
1705 2978 1774 3029 ad
1797 2977 2010 3047 inferos,
2029 2976 2173 3045 quod
2194 2978 2373 3045 ipsum
2396 2978 2455 3029 in
2482 2977 2679 3031 Sarisb.

674 3079 884 3131 quoque
931 3062 1204 3115 Breviario
1250 3063 1309 3114 in
1361 3062 1611 3132 Symbolo
1661 3063 1715 3115 S.
1758 3064 2036 3116 Athanasii
2075 3063 2287 3132 legitur,
2310 3096 2377 3104 —
2412 3064 2470 3115 in
2505 3081 2609 3133 quo
2647 3082 2681 3117 a

671 3155 705 3181 “
724 3150 1018 3203 descendiff'
1043 3150 1114 3201 ad
1136 3151 1460 3203 “mortuos’'
1496 3152 1653 3204 verba
1676 3153 1876 3221 reliqua
1912 3160 2036 3204 sunt
2068 3152 2396 3205 eadem—2.
2434 3162 2484 3204 et
2518 3154 2679 3205 vitam

668 3247 930 3303 aeternam,
954 3237 1139 3291 Amen.
1209 3256 1303 3307 pro
1337 3255 1440 3307 quo
1477 3239 1630 3292 Rom.
1669 3240 1881 3305 (omisso
1914 3240 2000 3309 et),
2022 3240 2181 3291 vitam
2204 3249 2466 3302 aeternam,
2489 3238 2676 3291 Amen.

672 3327 911 3394 Utraque
958 3333 1137 3377 autem
1189 3325 1347 3377 lectio
1401 3325 1801 3378 sarisburiensis
1851 3343 1955 3377 non
2004 3324 2164 3378 modo
2207 3326 2505 3378 insertionis
2550 3334 2678 3377 ante

672 3413 858 3466 Douce
894 3410 1014 3465 Ref.
1054 3411 1370 3464 Psalterium
1408 3411 1477 3479 (V.
1517 3413 1695 3481 supra)
1734 3411 1915 3465 verum
1948 3414 2111 3465 etiam
2149 3412 2425 3465 Manualis
2461 3410 2676 3475 Sarisb.,
