2910 4457
66 160 269 242 1¹⁴·

543 406 648 503 *De
680 440 870 520 Officio
902 443 1204 519 capitulari
1228 443 1302 499 ad
1322 440 1570 500 Primam
1598 438 1865 517 adiuncto.

268 551 483 609 Deinde
506 555 652 607 dicat
684 552 938 606 Sacerdos
961 554 1036 604 sic
1071 552 1124 623 :]
1163 553 1209 604 I.
1236 571 1283 607 e.
1315 553 1371 605 in
1404 552 1610 622 privata
1646 553 1978 605 recitatione:
2017 551 2073 603 in
2115 550 2216 604 Ec·

200 644 374 697 clesiis
424 649 607 695 autem
656 638 1061 692 cathedralibus
1115 648 1169 692 et
1225 639 1289 707 (si
1340 639 1598 691 Breviarii
1654 637 2052 691 Herefordensis
2109 638 2214 690 dis·

203 728 455 783 tinctioni
479 726 764 780 fidendum
796 726 894 794 est)
919 725 1220 795 ubicunque
1252 726 1384 778 alias
1408 726 1881 795 Martyrologium⁸
1905 727 2214 789 habebatur,

203 834 232 869 e
255 815 646 885 Martyrologio
671 813 821 882 prius
850 812 1136 882 legendum
1171 820 1284 865 erat
1294 812 1450 865 2—ad
1481 830 1642 881 quam
1675 813 1887 882 quidem
1916 814 2213 876 lectionem,

206 902 419 956 etiamsi
461 901 544 954 vel
584 901 644 952 in
686 900 895 968 privata
941 899 1250 952 recitatione
1287 898 1590 951 retinendus
1625 906 1752 963 erat,
1792 899 2098 953 versiculus
2135 918 2214 952 se-

206 1004 375 1058 quens
409 987 681 1056 praecipu'e
717 985 1044 1054 respiciebat.
1116 984 1434 1037 Notandum
1470 991 1550 1037 est
1584 997 1765 1037 autem
1798 982 1972 1037 Officii
2006 984 2215 1049 Primae,

204 1072 416 1143 proprie
441 1074 514 1125 sic
539 1072 716 1137 dictae,
742 1071 1037 1124 Collectam
1063 1069 1444 1141 praecedentem
1472 1074 1611 1137 (cum
1635 1072 1768 1124 D'ns
1791 1071 1899 1125 vob.
1926 1072 2047 1125 &c.:
2074 1092 2120 1125 ν.
2148 1074 2216 1126 ad

211 1176 267 1228 p.
293 1163 360 1210 15
385 1159 435 1227 a)
451 1176 544 1228 pro
567 1158 796 1211 termino
813 1158 1060 1227 primitus
1077 1157 1314 1210 habitam
1333 1175 1461 1222 esse,
1481 1174 1811 1228 quaecunque
1828 1167 2011 1212 antem
2034 1176 2217 1228 seque-

212 1245 420 1308 bantur,
438 1244 745 1315 appendicis
767 1245 901 1308 loc0,
916 1248 948 1274 “
962 1254 1074 1314 post
1094 1242 1376 1309 Primam”‚
1394 1253 1449 1298 et
1472 1247 1528 1297 in
1556 1245 1806 1299 Ecclesiis
1822 1245 2038 1316 quidem
2057 1246 2217 1316 Capi-

212 1332 470 1384 tularibus
480 1331 542 1383 in
556 1329 822 1400 Capitale,
833 1328 943 1382 sive
955 1328 1125 1381 Domo
1140 1329 1441 1401 Capitulari
1461 1330 1637 1400 (Angl.
1661 1332 1743 1384 the
1760 1328 2216 1403 Chapter-Home)

212 1420 352 1473 dicta
372 1419 568 1473 fuisse:
604 1417 752 1470 unde
785 1414 944 1469 etiam
978 1415 1233 1469 Officium
1265 1419 1439 1487 ipsum
1468 1417 1705 1487 Capituli
1736 1420 1952 1471 nomine
1975 1427 2219 1471 vocatum

211 1515 315 1560 est:
342 1525 391 1559 v,
421 1506 579 1558 Brev,
605 1510 851 1557 nostrum
874 1503 932 1554 in
950 1499 1053 1554 Off.
1081 1501 1160 1554 ser
1176 1504 1209 1553 5
1230 1503 1286 1554 in
1306 1502 1477 1556 Coena
1497 1501 1638 1555 D’ni.
1690 1502 1838 1555 Hinc
1856 1512 2037 1556 autem
2055 1503 2220 1572 expli·

211 1593 443 1646 candum
467 1591 613 1661 quod
638 1586 897 1642 Breviarii
914 1587 1143 1641 Romani
1164 1588 1382 1641 lectores
1403 1588 1682 1642 hodiernos
1706 1589 1838 1643 adeo
1861 1597 2087 1658 torquet,
2105 1593 2137 1618 “
2152 1588 2220 1641 ad

212 1676 595 1733 absolutionem
623 1675 862 1745 Capituli
874 1674 900 1695 ''
939 1674 1014 1743 (v.
1049 1674 1119 1727 ad
1141 1691 1192 1743 p.
1225 1679 1294 1727 24
1327 1671 1423 1744 b);
1460 1674 1600 1745 quod
1624 1672 1756 1728 nihil
1780 1675 1926 1728 aliud
1957 1675 2222 1745 significat

213 1783 371 1834 quam
406 1769 440 1796 “
459 1762 532 1817 ad
570 1763 730 1816 finem
766 1761 881 1831 ejus
917 1760 1090 1813 Officii
1123 1761 1284 1829 quod,
1316 1761 1441 1830 quia
1471 1770 1591 1831 post
1614 1762 1847 1815 Primam
1871 1763 1929 1815 in
1954 1763 2220 1833 Capitulo,

216 1852 323 1903 sive
352 1851 532 1903 Domo
571 1847 888 1917 capitulari,
912 1847 1208 1915 antiquitus
1242 1846 1529 1912 dicebatur,
1552 1849 1726 1919 ipsum
1758 1848 1882 1902 inde
1917 1848 2220 1919 Capitulum

220 1935 543 1990 vocabatur'’.
561 1933 743 1996 ,Quod
761 1932 981 2001 quidem
995 1931 1241 1986 Officium
1260 1933 1416 1987 hodie
1432 1936 1600 2004 ipsius
1614 1935 1811 1988 Primae
1829 1953 1949 2005 pars
1965 1944 2220 1989 censetur.

286 2022 414 2076 Post
452 2021 790 2075 Versiculum
829 2026 1007 2072 autem
1049 2016 1304 2083 Pretiosa,
1345 2019 1587 2088 quotidie
1626 2037 1719 2089 per
1760 2037 1978 2084 annum,
2012 2029 2223 2090 praeter·

223 2124 378 2177 quam
417 2109 527 2161 Die
576 2107 897 2160 Parasceues
942 2112 995 2157 et
1034 2106 1091 2157 in
1133 2106 1331 2176 Vigilie
1373 2106 1612 2169 Paschoe,
1647 2107 1844 2174 quibus
1879 2107 2001 2159 solis
2037 2107 2225 2158 diebus

226 2210 327 2247 non
343 2196 518 2248 ibatur
535 2192 604 2247 ad
618 2192 1349 2262 Capitulum,—praecedente
1367 2191 1581 2260 quidem
1598 2191 1965 2245 benedictione
1981 2192 2226 2245 immuta-

226 2279 323 2332 bili
357 2285 390 2310 “
407 2279 752 2351 Omnipotens
790 2279 923 2331 D'ns
960 2279 1058 2332 sua
1096 2278 1270 2347 gratia
1310 2295 1406 2330 nos
1445 2275 1728 2330 benedicat
1739 2275 2078 2346 '',—legenda
2118 2287 2229 2331 erat

228 2365 386 2419 lectio
422 2366 591 2430 altera,
616 2373 671 2418 et
695 2364 931 2434 quidem,
958 2373 1108 2418 extra
1139 2363 1367 2416 Octavas
1398 2364 1782 2432 Assumptionis
1817 2362 2229 2433 Nativitatisque

231 2451 297 2505 B.
318 2452 382 2504 V.
394 2451 491 2516 M„
515 2453 579 2505 de
616 2452 671 2505 S.
711 2451 1229 2520 Hannone—Ham
1265 2459 1464 2515 autem,
1489 2452 1678 2504 nullibi
1714 2453 1770 2504 in
1807 2452 2080 2507 Breviario
2114 2455 2228 2522 ipso

229 2537 512 2607 (quantum
547 2537 878 2606 notavimus)
917 2535 1175 2603 inventa‘,
1211 2557 1241 2592 e
1274 2539 1527 2592 Tractatu
1555 2539 1714 2593 Crede
1747 2541 1928 2594 Michi
1968 2541 2042 2611 (v,
2071 2542 2140 2595 ad
2176 2560 2226 2611 p.

225 2626 286 2676 21
312 2625 377 2693 b)
405 2624 580 2678 edocti
602 2624 946 2677 sumus-De
967 2623 1192 2678 lectione
1217 2625 1449 2678 secunda
1474 2625 1848 2680 Heresordensi
1868 2644 1921 2679 v,
1945 2629 2097 2680 infra.

293 2719 463 2763 mater
489 2710 615 2762 D’ni
642 2711 749 2764 Dei
770 2710 961 2779 nostri]
1003 2711 1156 2763 BreV.
1184 2711 1341 2764 Ebor.
1368 2720 1421 2765 et
1446 2711 1629 2764 Heres.
1655 2714 1907 2765 omittunt
1929 2712 2051 2764 Dei.

291 2807 454 2867 atque
477 2814 660 2851 omnes
692 2797 894 2867 sancti]
934 2797 1003 2849 In
1040 2796 1144 2852 Off.
1180 2797 1576 2861 Herefordensi,
1600 2799 1645 2851 si
1679 2799 1876 2851 lectum
1906 2797 2066 2852 fuerit
2097 2816 2231 2853 mar-

228 2886 563 2954 tyrologium,
601 2884 885 2937 dicendum
921 2892 1000 2937 est
1039 2894 1088 2936 et
1133 2885 1225 2936 isti
1272 2895 1424 2954 atque
1459 2901 1629 2937 omnes
1663 2886 1831 2937 sancti
1855 2906 1874 2938 .·
1923 2886 2006 2938 sin
2052 2887 2230 2940 minus

230 2968 444 3039 (saltem
475 2971 535 3023 in
557 2971 690 3023 libro
714 2986 749 3022 a
771 2971 921 3023 nobis
943 2970 1178 3040 inspecto
1196 2970 1268 3039 ⁸),
1292 2980 1444 3040 atque
1465 2973 1634 3023 sancti
1656 2969 1879 3025 tantum.

287 3105 306 3128 ²
339 3097 758 3161 Martyrologium
781 3103 855 3145 est
878 3097 1154 3160 CataloguS,
1172 3113 1286 3146 cum
1307 3098 1519 3160 quadam
1540 3099 1729 3158 notitia,
1756 3099 2041 3149 Sanctorum
2060 3103 2229 3150 unius-

231 3180 465 3242 cujusque
488 3179 597 3227 diei.

286 3258 302 3289 ¹
331 3260 533 3308 Alludit
563 3261 764 3323 quidem
788 3260 851 3308 ad
870 3260 998 3308 hanc
1020 3260 1222 3308 alteram
1254 3260 1517 3308 lectionem
1548 3260 1765 3309 Rubrica
1799 3261 1857 3309 de
1880 3261 2055 3311 Officio
2079 3263 2233 3311 Feriae

235 3337 388 3388 Sextae
411 3339 463 3387 in
487 3340 582 3388 Die
607 3325 922 3398 Parasceues,
946 3342 1087 3403 cujus
1108 3342 1255 3389 verba
1276 3347 1406 3399 sunt,
1424 3349 1531 3402 port
1545 3346 1745 3402 primam
1766 3344 1998 3390 lectionem
2020 3347 2075 3390 de
2098 3345 2233 3392 Mar-

237 3423 461 3482 tyrologiO,
485 3418 531 3483 q.
557 3422 601 3469 d.
620 3429 732 3483 post
745 3424 945 3482 primam
967 3424 1214 3479 lectionem,
1237 3424 1336 3469 scil.
1362 3424 1595 3470 lectionem
1615 3426 1670 3469 de
1692 3423 2042 3485 Martyrologio.

294 3509 316 3541 ⁸
350 3503 530 3566 Gough
551 3506 614 3553 69
639 3504 693 3551 in
719 3503 852 3550 Bibl.
871 3503 1038 3554 Rodia
1057 3503 1144 3553 ubi
1167 3503 1427 3553 dolendum
1448 3511 1522 3553 est
1543 3503 1833 3553 AEstivalem
1844 3505 2036 3552 tantum
2051 3508 2238 3565 partem

240 3580 360 3641 (scil.
383 3583 665 3647 dimidium)
691 3583 911 3647 reperiri.
