2910 4457
896 393 1094 435 PsALm
1134 393 1620 435 POEMTEN‘ruLEs.

266 504 514 554 Laboravi
546 504 599 553 in
625 506 817 565 gemitu
852 516 991 565 meo,
1023 506 1200 555 lavabo

206 579 292 627 per
311 567 542 627 singulas
573 573 743 615 noctes
773 567 956 616 lectum
989 580 1158 616 meum
1183 580 1197 613 t

209 629 479 739 laclbrymis
499 629 630 677 meis
661 633 879 677 stratum
913 641 1088 677 meum
1126 629 1199 678 ri-

209 703 269 751 ga
305 704 353 740 o.

266 753 522 801 Turbatus
584 757 660 801 est
713 764 743 799 a
793 751 962 801 surore
1023 752 1200 801 oculus

207 826 349 863 meus
378 830 392 865 z
426 814 703 864 inveteravi
733 814 865 863 inter
896 826 1074 863 omnes
1102 813 1200 861 ini-

203 877 362 925 micos
388 889 547 925 meoS.

263 938 516 987 Discedite
536 950 565 986 a
588 949 670 985 me
699 949 876 986 omnes
900 938 991 997 qui
1021 950 1198 997 opera-

204 1001 334 1048 mini
356 1000 714 1059 iniquitatem:
737 1000 980 1060 quoniam
1001 1000 1200 1049 exaudi-

205 1062 277 1109 vit
296 1063 410 1109 Dns
428 1074 597 1110 vocem
619 1060 768 1109 fletus
788 1063 907 1110 mei.

262 1124 538 1172 Exaudivit
606 1123 716 1171 Diis
798 1123 1197 1183 deprecationem

204 1197 373 1235 meam
409 1186 553 1235 :Dfis
578 1186 857 1233 orationem
890 1197 1057 1234 meam
1087 1197 1200 1233 sus-

205 1248 352 1307 cepit.

262 1309 578 1358 Erubescant
594 1313 643 1357 et
661 1308 1025 1358 conturbentur
1052 1308 1201 1357 vehe-

204 1377 401 1421 menter
433 1382 610 1419 omnes
630 1370 828 1419 inimici
847 1370 979 1420 mei:
1000 1383 1201 1419 conver-

204 1437 380 1483 tantur
403 1438 452 1482 et
466 1433 763 1481 erubescant
782 1433 926 1482 valde
946 1433 1198 1482 velociter.

265 1495 443 1545 Gloria
462 1494 623 1543 Patri.

206 1558 402 1607 Contra
420 1556 724 1616 superbiam.
740 1555 983 1603 Psalmus
1002 1551 1200 1628 [mx-affl.

203 1619 389 1730 Beati
420 1630 640 1678 quorum
674 1618 899 1667 remissa}
936 1622 1057 1665 sunt
1100 1618 1200 1665 ini-

284 1681 556 1741 quitates:
587 1685 636 1729 et
670 1692 890 1741 quorum
922 1684 1047 1728 tecta
1077 1685 1200 1728 sunt

262 1806 458 1854 Beatus
497 1803 577 1852 vir
623 1802 707 1851 cui
756 1814 857 1850 non
927 1803 1201 1875 imputavit

201 1866 316 1915 Dus
351 1871 662 1926 peceatum.
697 1876 788 1913 nec
820 1868 896 1913 est
931 1864 983 1911 in
1014 1865 1199 1925 spiritu

202 1930 317 1989 ejus
337 1928 502 1977 dolus.

262 1990 527 2051 Quoniam
573 1988 735 2048 tacui,
791 1988 1200 2037 inveteraverunt

201 2064 317 2102 ossa
343 2063 496 2100 mea.
514 2053 640 2100 dum
663 2052 933 2099 clamarem
961 2055 1062 2098 tota
1078 2051 1178 2099 die.

262 2114 529 2175 Quoniam
551 2113 632 2162 die
656 2124 715 2160 ac
733 2117 875 2160 nocte
899 2117 1105 2172 gravata
1126 2117 1202 2160 est

201 2188 368 2248 super
393 2186 476 2225 me
516 2186 703 2223 manus
749 2179 838 2221 tua
878 2189 891 2222 z
929 2185 1201 2222 conversus

201 2251 325 2288 sum
353 2238 409 2286 in
433 2249 662 2288 aerumna
685 2248 814 2297 mea,
843 2237 984 2285 dum
992 2236 1201 2296 configi-

200 2306 288 2350 tur
307 2300 475 2358 spina.

260 2362 523 2412 Delictum
565 2371 739 2409 meum
791 2358 1052 2420 cognitum
1107 2360 1200 2408 tibi

202 2424 296 2475 feci
344 2439 359 2473 z
404 2427 454 2472 et
504 2422 814 2482 injustitiam
867 2433 1033 2470 meam
1097 2434 1198 2471 non

201 2485 470 2537 abscondi.

257 2548 413 2606 Dixi,
469 2545 750 2596 Confitebor
799 2547 1068 2596 adversum
1119 2558 1201 2595 me

200 2609 519 2681 iniustitiam
561 2619 727 2656 meam
758 2608 922 2657 Dno.
951 2613 1000 2657 et
1032 2614 1088 2656 tu
1124 2621 1202 2658 re-

200 2671 399 2723 misisti
413 2670 720 2729 impietatem
738 2671 925 2729 peccati
941 2670 1060 2717 mei.

258 2737 372 2785 Pro
408 2731 504 2778 1100
527 2730 690 2778 orabit
721 2732 783 2779 ad
810 2736 857 2779 te
886 2731 1055 2778 omnis
1080 2742 1202 2778 san-

201 2803 362 2846 ctus:
381 2793 434 2840 in
453 2796 676 2849 tempore
695 2796 992 2850 opportuno.

261 2858 625 2907 Veruntamen
647 2853 702 2900 in
733 2852 926 2901 diluvio
950 2863 1201 2910 aquarum

202 2921 526 2969 multarum:
549 2915 611 2963 ad
632 2926 750 2963 eum
773 2927 872 2963 non
890 2913 1204 2974 approxima-

202 2982 360 3031 bunt.

267 3043 352 3092 Tu
370 3053 424 3090 es
445 3038 702 3101 refugium
741 3051 914 3087 meum
937 3051 966 3087 a
990 3037 1203 3088 tribula-

202 3106 347 3155 tione
366 3114 477 3164 quae
497 3102 813 3150 circundedit
831 3114 944 3151 me:
966 3100 1203 3150 exultatio

205 3178 342 3227 mea;
366 3176 485 3214 erue
505 3177 587 3212 me
610 3177 639 3212 a
665 3164 1082 3213 circundantibus
1100 3174 1199 3211 me.

270 3203 588 3278 Intellectum
605 3225 698 3273 tibi
716 3227 864 3285 dab0‚
882 3231 930 3276 et
946 3227 1197 3275 instruam

206 3298 259 3340 te
283 3290 335 3338 in
355 3289 437 3337 via
458 3288 551 3336 1100
570 3300 669 3348 qua
691 3262 971 3347 gradie'ris:
988 3286 1202 3336 firmabo

206 3357 427 3412 superte
447 3351 615 3398 oculos
631 3362 787 3399 111005.

273 3414 440 3464 Nolite
460 3412 570 3461 fieri
587 3412 719 3460 sicut
738 3423 900 3473 equus
915 3416 964 3460 et
985 3410 1201 3459 mulus,
1187 3425 1200 3438 ·

206 3476 404 3539 quibus
419 3486 520 3522 non
536 3478 610 3522 est
624 3474 920 3522 intellectus,

276 3540 337 3586 ln
354 3537 535 3585 chamo
549 3540 598 3584 et
610 3534 766 3584 fraeno
780 3536 1011 3585 maxillas
1025 3545 1201 3582 eorum

2180 375 2294 434 109

1294 504 1634 616 coinstringe.
1670 506 1762 568 qui
1794 519 1896 556 non
1939 505 2295 567 approximant

1297 579 1326 617 a
1387 571 1434 616 te

1359 629 1524 680 Multa
1549 629 1744 690 flagella
1767 628 2075 690 peccatoris·
2091 616 2297 689 speran-

1298 694 1398 739 tem
1422 696 1594 739 autem
1614 693 1668 739 in
1692 693 1808 740 Duo
1828 692 2173 741 misericordia
2196 692 2296 741 cir-

1299 752 1563 800 0000οὺη.

1330 814 1660 861 Laetamini
1646 826 1700 862 111
1717 813 1829 862 1)ῇο
1848 819 1896 862 01
1912 815 2293 887 exultateJusti.

1297 879 1347 923 et
1362 875 1656 936 gloriamini
1672 888 1847 925 omnes
1864 877 1986 925 recti
2006 878 2169 927 corde.

1358 937 1531 986 Gloria
1554 937 1714 986 Patri.

1320 998 1514 1047 Contra
1533 1000 1727 1060 qulam.
1742 999 1984 1047 Psalmus
2012 998 2261 1063 [oeaeoevij].

1296 1061 1556 1173 Domme
1597 1074 1660 1109 ne
1692 1061 1747 1110 in
1791 1061 1958 1109 furore
1991 1066 2077 1109 tuo
2109 1075 2296 1134 arguas

1387 1136 1494 1171 me·
1509 1135 1669 1183 neque
1684 1123 1737 1170 in
1751 1122 1827 1171 ira
1838 1129 1925 1171 tua
1937 1124 2181 1183 corripias
2193 1139 2293 1174 me.

1357 1186 1619 1257 Quoniam
1642 1184 1838 1245 sagittae
1868 1189 1966 1234 tuae
1988 1185 2152 1234 infixae
2172 1193 2295 1235 sunt

1297 1246 1466 1295 mibi·
1452 1284 1466 1297 .
1489 1252 1538 1295 et
1562 1248 1875 1297 confirmasti
1907 1260 2057 1307 super
2080 1260 2162 1296 me
2183 1261 2294 1297 ma-

1296 1320 1424 1356 num
1447 1314 1609 1358 tuam.

1359 1371 1472 1420 Non
1507 1376 1581 1420 est
1621 1371 1814 1420 sanitas
1846 1372 1898 1419 in
1934 1384 2085 1421 001110
2117 1385 2230 1421 11100
2260 1386 2291 1422 0

1298 1431 1424 1481 facie
1454 1433 1544 1481 irae
1565 1437 1663 1481 tuae
1688 1449 1702 1483 z
1725 1446 1826 1481 non
1860 1437 1937 1482 est
1968 1447 2062 1493 pax
2093 1435 2294 1483 ossibus

1297 1494 1428 1542 meis
1468 1507 1498 1542 a
1532 1493 1656 1543 facie
1687 1499 2001 1554 peccatorum
2037 1508 2288 1544 meorum.

1362 1555 1619 1616 Quoniam
1654 1556 1950 1615 iniquitates
1972 1569 2095 1605 meae
2116 1570 2293 1617 supcr—

1299 1629 1483 1677 gressae
1514 1621 1636 1665 sunt
1669 1622 1818 1677 caput
1843 1630 2047 1667 meum:
2081 1624 2129 1667 et
2160 1621 2293 1668 sicut

1297 1692 1428 1728 onus
1451 1692 1602 1741 grave
1624 1684 1842 1740 gravatae
1862 1685 1984 1728 sunt
2016 1693 2167 1741 super
2188 1694 2290 1730 me.

1358 1743 1677 1790 Putruerunt
1696 1747 1745 1790 et
1757 1747 2004 1802 corrupta}
2024 1749 2146 1791 sunt
2167 1744 2292 1792 cica-

1297 1804 1448 1853 trices
1464 1817 1587 1853 meae
1603 1820 1615 1854 2
1637 1816 1666 1852 a
1681 1804 1805 1852 facie
1820 1805 2126 1864 insipientiae
2146 1818 2289 1855 meac.

1360 1867 1519 1917 Miser
1534 1866 1694 1915 sactus
1706 1879 1840 1925 sum,
1856 1871 1904 1915 et
1920 1873 2162 1916 curvatus
2172 1880 2289 1916 sum

1298 1940 1459 1987 usque
1481 1929 1532 1976 in
1547 1929 1702 1976 finem
1720 1943 1733 1977 ι
1755 1933 1858 1977 1010
1869 1929 1951 1976 die
1962 1930 2293 1978 contristatus

1296 1989 1636 2049 ingrediebar.

1360 2052 1615 2110 Quoniam
1639 2049 1802 2098 lumbi
1823 2050 1927 2098 mei
1956 2050 2149 2110 impleti
2169 2057 2293 2099 sunt

1299 2111 1660 2160 illusionibus:
1692 2114 1743 2160 et
1777 2123 1877 2159 non
1915 2117 1988 2159 est
2011 2113 2203 2161 sanitas
2235 2114 2289 2162 in

1300 2185 1451 2222 carne
1473 2185 1605 2221 mea.

1361 2237 1599 2285 Afflictus
1619 2247 1735 2284 sum
1770 2241 1819 2284 et
1839 2235 2141 2286 humiliatus
2172 2249 2288 2286 sum

1300 2299 1496 2371 nimis:
1539 2298 1804 2360 rugiebam
1837 2311 1866 2347 a
1900 2299 2094 2360 gemitu
2126 2301 2292 2349 cordis

1299 2373 1419 2410 mei.

1360 2423 1490 2482 Due,
1531 2425 1650 2471 ante
1693 2426 1741 2471 10
1793 2434 1943 2472 omne
1981 2423 2292 2473 desiderium

1298 2497 1503 2534 meum:
1523 2489 1573 2533 01
1592 2485 1813 2545 gemitus
1825 2497 1971 2534 meus
1991 2499 2021 2534 a
2043 2491 2091 2535 te
2104 2499 2205 2535 non
2218 2492 2294 2536 051

1298 2547 1641 2596 absconditus.

1362 2609 1458 2658 Cor
1479 2621 1652 2657 meum
1667 2609 2023 2656 conturbatum
2044 2613 2135 2667 est,
2159 2610 2295 2658 dere·

1299 2669 1449 2730 liquit
1468 2681 1553 2717 me
1571 2670 1737 2716 virtus
1757 2682 1898 2717 mea:
1920 2674 1968 2717 et
1988 2670 2161 2717 lumen
2183 2682 2295 2718 ocu-

1299 2731 1467 2778 lorum
1501 2742 1731 2778 meorum
1774 2735 1824 2777 et
1863 2730 2034 2789 ipsum
2069 2743 2169 2779 non
2220 2737 2296 2782 est

1301 2803 1522 2840 mecum.

1364 2852 1539 2901 Amici
1570 2853 1673 2901 mei
1703 2856 1750 2902 et
1782 2853 1999 2912 proximi
2031 2854 2132 2903 mei
2158 2871 2170 2905 z
2204 2857 2295 2905 ad-

1300 2926 1505 2963 versum
1544 2927 1627 2964 me
1654 2916 2210 2980 appropinquaverunt,
2244 2923 2294 2968 et

1299 2982 1564 3026 steterunt.

1362 3039 1426 3088 Et
1462 3041 1552 3100 qui
1579 3040 1723 3100 juxta
1754 3052 1837 3089 me
1867 3047 2012 3090 erant
2051 3041 2113 3090 dc
2143 3041 2292 3102 longe

1298 3105 1572 3153 steterunt:
1593 3105 1642 3151 et
1661 3103 1767 3151 vim
1790 3102 2038 3152 faciebant
2056 3103 2147 3163 qui
2160 3116 2294 3162 quae-

1298 3165 1475 3213 rebant
1494 3166 1724 3213 animam
1746 3177 1933 3213 meam.

1358 3226 1423 3275 Et
1472 3227 1562 3288 qui
1603 3227 1930 3286 inquirebant
1972 3225 2106 3274 mala
2158 3227 2290 3277 mihi

1297 3288 1447 3337 locuti
1482 3293 1604 3337 sunt
1633 3288 1917 3338 vanitates:
1939 3291 1988 3336 01
2016 3288 2157 3338 (10105
2184 3294 2289 3340 tota

1296 3350 1377 3398 die
1392 3351 1787 3398 meditabantur.

1360 3411 1470 3471 Ego
1502 3417 1672 3461 autem
1694 3417 1940 3472 tanquam
1969 3411 2158 3460 surdus
2178 3425 2279 3460 non

1298 3473 1597 3523 audiebam:
1617 3477 1667 3522 et
1684 3474 1817 3522 sicut
1837 3478 2013 3522 mutus
2032 3485 2134 3522 non
2166 3485 2282 3534 ape·-

1296 3535 1435 3584 110115
1453 3547 1511 3585 05
1529 3547 1702 3585 51111111.

1967 3615 2030 3665 10
