2910 4457
1001 388 1073 426 m
1113 386 1439 429 nni-urinas.
2170 371 2249 432 ΕΒ

226 502 499 553 Concaluit
516 514 602 551 cor
624 513 802 552 meum
824 502 961 550 lutra
981 514 1064 550 me
1087 508 1163 552 :et

167 568 221 613 in
246 565 576 615 meditatione
591 576 704 613 mea
715 565 996 613 exardescet
1008 563 1160 625 ignis.

229 628 455 676 Locutus
474 638 593 675 sum
618 626 673 674 in
695 626 874 685 lingua
896 637 1006 674 mea
1029 640 1044 675 ·.
1068 626 1164 675 No-

165 695 274 737 tum
298 689 377 737 fac
397 688 533 736 mihi
552 687 666 737 Dfie
690 688 846 736 finem
875 699 1068 735 meum.

224 751 291 799 Et
330 762 611 799 numerum
654 748 855 798 dierum
902 761 1131 797 meorum
1144 787 1158 808 ,

163 814 279 873 quis
298 818 376 860 est
399 827 413 861 ι
437 816 493 859 ιιι
513 812 674 860 sciam
695 813 819 871 quid
837 812 967 860 desit
985 812 1134 859 milii.

225 874 355 923 Ecce
385 873 759 922 mensurabiles
792 873 1010 932 posuisti
1052 873 1161 922 dies

163 948 303 984 meos
327 939 413 985 :et
453 936 740 983 substantia
768 946 880 983 mea
912 940 1159 995 tanquam

168 998 393 1045 nibilum
415 1002 534 1045 ante
554 1001 619 1045 te.

228 1060 582 1108 Veruntamen
631 1058 868 1107 universa
913 1058 1114 1106 vanitas
1145 1074 1159 1107 ε

165 1121 338 1170 omnis
358 1121 512 1168 homo
527 1120 723 1168 vivens.

230 1183 578 1230 Veruntamen
603 1182 657 1229 in
690 1181 913 1241 imagine
929 1186 1162 1240 pertran-

164 1245 229 1292 sit
249 1245 399 1292 bomo
419 1260 431 1293 :
447 1245 592 1292 sedet
607 1244 795 1291 frustra
808 1244 1157 1292 conturbatur.

230 1306 558 1354 Thesaurizat
582 1310 661 1355 :et
688 1305 890 1365 ignorat
924 1305 1008 1352 cui
1038 1317 1160 1353 con-

173 1368 403 1429 gregabit
422 1380 498 1416 ea.

229 1429 292 1478 Et
312 1441 453 1477 nunc
480 1440 592 1489 quae
612 1432 689 1477 est
709 1429 978 1487 expectatio
1006 1440 1118 1477 mea
1132 1430 1157 1477 ‘2

169 1503 335 1539 nonne
354 1492 465 1539 Dfis
482 1527 496 1550 ,
522 1495 569 1539 et
589 1490 876 1538 substantia
896 1502 1009 1538 mea
1021 1491 1156 1551 apud

169 1558 219 1601 te
238 1556 328 1601 est.

229 1614 315 1663 Ab
345 1613 589 1662 omnibus
625 1612 988 1674 iniquitatibus
1028 1613 1158 1663 meis

166 1688 284 1725 erue
297 1688 381 1724 me
405 1690 419 1725 ε
439 1675 767 1736 opprobrium
791 1675 1055 1735 insipienti
1069 1677 1158 1724 de-

166 1739 286 1786 disti
308 1750 408 1786 me.

230 1798 497 1858 obmutui,
515 1803 563 1848 et
579 1811 682 1847 non
697 1798 876 1858 aperui
891 1810 948 1847 os
961 1810 1152 1855 meum,

167 1860 409 1921 quoniam
431 1866 488 1908 tu
505 1860 663 1910 fecisti
680 1871 887 1909 :amove
902 1872 932 1909 a
946 1872 1027 1909 me
1049 1861 1156 1919 pla-

169 1935 258 1983 gas
278 1927 409 1970 tuaS.

134 2016 138 2020 ·
232 1984 279 2032 Α
302 1983 597 2032 fortitudine
615 1995 805 2032 manus
831 1987 931 2031 tuae
950 1994 1041 2043 ego
1068 1983 1156 2031 de-

169 2046 258 2094 l'eci
275 2061 288 2095 ι
305 2045 359 2093 in
374 2046 819 2105 increpationibus,
835 2050 1032 2104 propter
1054 2045 1155 2092 ini-

167 2109 413 2168 quitatem
431 2108 720 2166 corripuisti
735 2107 1012 2154 bominem.

228 2170 293 2219 Et
311 2170 565 2217 tabescere
586 2167 740 2216 iecisti
761 2170 892 2216 sicut
913 2178 1152 2216 araneam

167 2233 400 2281 animam
446 2231 561 2289 ejus
598 2245 612 2279 ς
643 2236 974 2280 veruntamen
1025 2241 1155 2279 vane

167 2294 504 2343 conturbatur
525 2291 692 2339 omnis
711 2292 874 2340 bomo.

226 2353 429 2405 Exaudi
450 2353 725 2402 orationem
757 2354 923 2402 meam
954 2353 1082 2412 Dite,
1105 2356 1155 2401 ct

169 2417 569 2476 deprecationem
591 2426 753 2464 meam
780 2430 792 2464 ε
815 2415 1027 2464 auribus
1048 2427 1154 2474 per·

168 2480 273 2538 cipe
290 2478 577 2538 lachrymas
590 2488 746 2526 meas.

149 2586 168 2597 ,
231 2541 304 2590 Ne
342 2541 511 2599 sileas,
545 2539 788 2598 quoniam
830 2538 1023 2587 advena
1061 2549 1152 2598 ego

172 2614 284 2649 sum
316 2603 448 2661 apud
482 2607 567 2650 te:
605 2605 653 2649 et
690 2601 986 2660 peregrinus
1021 2600 1154 2648 sicut

170 2676 344 2711 omnes
364 2669 529 2722 patres
549 2662 670 2711 mei.

228 2726 448 2773 Remitte
462 2723 610 2783 mihi,
628 2729 686 2770 ut
703 2721 968 2783 refrigerer
986 2723 1155 2782 prius-

170 2799 324 2846 quam
345 2787 561 2836 abeam:
583 2791 632 2834 et
651 2785 874 2843 amplius
896 2797 997 2833 nou
1018 2797 1119 2833 er0.

425 2848 671 2896 Psalmus
691 2847 887 2894 aeaeaeioe.

174 2913 489 3020 Expectans
521 2909 773 2969 expectavi
803 2908 939 2956 Dfim
958 2922 971 2957 z
993 2911 1042 2956 et
1072 2907 1154 2955 in-

256 2972 416 3020 tendit
436 2971 586 3020 mibi.

229 3033 293 3081 Et
309 3033 562 3082 exaudivit
573 3044 740 3092 preces
752 3043 908 3080 meas:
921 3035 970 3080 et
982 3030 1155 3079 eduxit

165 3107 246 3143 me
261 3096 322 3144 de
340 3095 451 3143 lacu
473 3095 710 3151 miseriae,
733 3099 780 3142 et
798 3094 863 3141 de
879 3093 983 3141 luto
1001 3093 1149 3141 i'aeciS.

225 3157 289 3205 Et
333 3156 513 3205 statuit
559 3168 709 3214 super
762 3161 954 3214 petram
1005 3155 1153 3214 pedes

161 3231 300 3267 meos
320 3234 333 3268 ε
355 3224 403 3267 et
422 3219 607 3266 direxit
629 3229 832 3277 gressus
853 3228 1008 3265 meos,

221 3280 288 3328 Et
302 3280 526 3329 immisit
546 3280 600 3327 in
623 3292 679 3327 os
698 3290 870 3327 meum
894 3278 1151 3327 canticum

161 3354 388 3391 novum:
404 3353 611 3391 carmen
632 3341 735 3388 Deo
752 3346 940 3388 nostro,

222 3404 486 3474 Videbunt
526 3403 678 3451 multi
711 3406 760 3450 et
792 3403 1081 3451 timebunt:
1102 3406 1151 3451 et

157 3466 439 3526 sperabunt
462 3464 516 3512 in
537 3466 672 3512 Duo,

221 3528 415 3577 Beatus
453 3527 535 3577 vir
565 3526 717 3585 cujus
736 3530 811 3575 est
833 3537 1014 3575 nomen
1048 3524 1150 3573 Dni

1264 513 1377 561 spes
1396 503 1508 563 ejus
1533 519 1546 554 :
1567 508 1616 554 et
1638 517 1739 554 non
1766 507 1983 566 respexit
2014 506 2072 555 ln
2103 507 2251 555 vani-

1263 568 1387 612 tates
1407 571 1457 614 et
1472 567 1701 615 insanias
1717 567 1882 616 falsas,

1322 627 1486 677 Multa
1519 629 1677 677 iecisti
1706 635 1763 678 tu
1800 630 1911 678 Due
1939 630 2076 679 Dens
2104 641 2249 679 meus

1262 688 1519 738 mirabilia
1569 696 1656 739 tua
1696 703 1710 736 t
1764 697 1813 740 et
1858 693 2249 753 cogitationibus

1261 750 1365 797 tuis
1387 764 1490 799 non
1506 757 1581 799 est
1602 753 1691 812 qui
1712 753 1898 801 similis
1918 756 1987 802 sit
2007 755 2118 802 tibi.

1325 810 1650 860 Annuntiavi
1670 819 1718 861 et
1740 815 1934 863 locutus
1954 828 2099 865 sum.
2111 816 2247 864 mul-

1262 872 1473 931 tiplicati
1491 878 1613 922 sunt
1634 886 1786 934 super
1807 886 2098 925 nnmerum.

1323 934 1641 983 Sacrificium
1697 940 1746 983 et
1796 935 2098 986 oblationem
2154 952 2245 988 no-

1261 995 1401 1044 luisti
1428 1013 1441 1046 :
1465 1009 1614 1046 aures
1633 1003 1803 1046 autem
1825 999 2073 1057 perfecisti
2095 1001 2243 1049 mibi.

1324 1057 1685 1108 Holocaustum
1712 1065 1761 1108 et
1797 1072 1886 1120 pro
1917 1065 2127 1132 peccato·
2142 1074 2243 1109 non

1259 1121 1556 1178 postulasti·
1579 1125 1700 1169 tunc
1719 1122 1851 1182 dixig
1873 1122 2178 1170 Eccevcnio.

1320 1182 1379 1228 In
1399 1184 1559 1241 capite
1574 1184 1691 1231 libri
1709 1184 1957 1243 scriptum
1975 1189 2048 1232 est
2064 1184 2126 1232 de
2141 1196 2243 1244 me,

1259 1248 1314 1289 ut
1336 1243 1549 1292 facerem
1571 1246 1878 1294 voluntatem
1911 1251 2081 1294 tuam·
2068 1282 2082 1305 ,
2104 1246 2240 1294 Deus

1258 1316 1402 1352 meus
1421 1307 1594 1357 volui:
1607 1312 1656 1356 et
1671 1308 1829 1367 legem
1847 1312 1988 1355 tuam
2005 1308 2060 1356 in
2077 1308 2244 1357 medio

1257 1368 1423 1415 cordis
1442 1368 1564 1416 mei.

1320 1427 1642 1478 Annuntiavi
1656 1430 1910 1489 iustitiam
1927 1434 2070 1477 tuam
2088 1430 2142 1477 in
2159 1441 2238 1479 ec·-

1257 1489 1407 1537 clesia
1441 1502 1627 1549 magna
1647 1506 1661 1540 :
1683 1503 1791 1539 ecce
1823 1491 1956 1538 labia
1987 1502 2101 1538 mea
2138 1503 2238 1539 non

1257 1551 1545 1611 probibeb03
1564 1552 1674 1600 Dite
1691 1556 1746 1599 tu
1762 1552 1920 1599 scisti.

1318 1612 1580 1662 Justitiam
1603 1618 1743 1661 tuam
1775 1626 1877 1661 ιιοιι
1909 1612 2147 1662 abscondi
2186 1613 2239 1661 in

1255 1675 1402 1723 corde
1422 1687 1567 1725 meo:
1589 1676 1849 1724 veritatem
1872 1680 2011 1723 tuam
2035 1679 2083 1723 et
2103 1676 2241 1725 salu-

1254 1740 1360 1784 tare
1381 1741 1529 1785 tuum
1550 1738 1673 1786 dixi.

1315 1798 1428 1847 Non
1511 1799 1749 1849 abscondi
1835 1799 2236 1849 misericordiam

1253 1863 1395 1908 tuam
1426 1866 1477 1909 et
1526 1862 1788 1911 veritatem
1826 1867 1967 1910 tuam
2001 1873 2015 1907 t
2046 1873 2076 1909 a
2119 1875 2238 1910 con-

1254 1921 1369 1969 cilio
1409 1923 1590 1971 multo.

1314 1983 1393 2030 Tu
1429 1989 1601 2032 autem
1642 1985 1753 2032 Dfie
1790 1998 1853 2032 ne
1895 1985 2042 2043 longe
2082 1983 2236 2032 l'acias

1253 2044 1603 2092 miserationes
1623 2050 1738 2093 tuas
1760 2057 1788 2092 a
1810 2058 1892 2093 me
1917 2061 1930 2094 z
1952 2045 2240 2092 misericor-

1251 2104 1334 2152 dia
1357 2110 1444 2152 tua
1465 2111 1513 2154 et
1534 2106 1721 2154 veritas
1742 2111 1830 2153 tua
1851 2117 2048 2165 semper
2070 2117 2239 2153 susce-

1252 2171 1436 2225 perunt
1455 2178 1556 2214 me.

1315 2226 1570 2287 Quoniam
1656 2226 2082 2277 circundederunt
2156 2241 2239 2278 me

1252 2291 1386 2338 mala
1423 2302 1644 2350 quorum
1693 2302 1795 2337 non
1841 2294 1916 2338 est
1955 2302 2200 2339 numerus
2224 2307 2237 2341 ε

1252 2352 1739 2411 comprehenderunt
1799 2364 1882 2401 me
1943 2352 2238 2412 iniquitates

1253 2426 1392 2473 meoe,
1416 2418 1466 2463 et
1497 2427 1598 2462 non
1621 2414 1757 2474 potui
1780 2420 1837 2463 ut
1868 2415 2110 2464 viderem.

1313 2476 1663 2537 Multiplicatae
1698 2481 1825 2525 sunt‘
1848 2489 1998 2536 super
2030 2477 2236 2537 capillos

1250 2538 1429 2597 capitis
1465 2540 1603 2588 mei:
1635 2543 1684 2587 et
1725 2551 1808 2588 cor
1855 2551 2027 2587 meum
2058 2541 2237 2589 dereli-

1289 2600 1363 2647 nit
1385 2613 1485 2648 me.

1251 2612 1284 2659 q
1315 2660 1634 2720 Complaceat
1648 2660 1742 2707 tibi
1761 2660 1871 2706 Due
1888 2664 1944 2706 ut
1960 2671 2109 2707 eruas
2122 2673 2204 2708 me
2222 2676 2234 2709 ε

1252 2722 1362 2770 Due
1386 2724 1448 2770 ad
1484 2721 1832 2779 adjuvandum
1849 2731 1931 2767 me
1947 2721 2153 2778 respice.

1315 2783 1704 2832 confundantur
1734 2785 1781 2829 ct
1803 2786 2126 2830 revereantur
2167 2783 2238 2831 si-

1251 2845 1382 2903 mul,
1405 2846 1496 2904 qui
1517 2847 1753 2904 quaerunt
1772 2843 2000 2893 animam
2030 2856 2194 2894 meam
2222 2861 2235 2896 ε

1253 2912 1311 2954 ιιι
1331 2905 1564 2954 auferant
1584 2917 1714 2955 eam.

1316 2967 1686 3017 Convertuntur
1716 2972 1995 3017 retrorsum
2029 2974 2077 3018 et
2098 2983 2236 3020 reve-

1253 3036 1460 3080 reantur
1486 3045 1499 3080 :
1522 3030 1611 3090 qui
1633 3030 1807 3078 volunt
1824 3030 1953 3079 mibi
1975 3033 2128 3081 mala.

1314 3092 1501 3141 Ferant
1573 3091 1835 3141 confestim
1887 3093 2235 3142 confusionem

1252 3166 1398 3202 suam
1440 3170 1453 3205 ι
1487 3154 1578 3215 qui
1626 3155 1802 3203 dicunt
1843 3155 1975 3204 mihi
1994 3191 2008 3214 ,
2062 3154 2233 3216 Euge,

1250 3228 1392 3276 euge.

1312 3276 1550 3327 Exultent
1618 3282 1667 3328 et
1715 3276 1947 3326 laetentur
1994 3289 2146 3337 super
2186 3282 2236 3327 te

1249 3352 1426 3388 omnes
1446 3344 1726 3399 quaerentes
1746 3344 1793 3386 te
1813 3353 1825 3388 :
1844 3343 1892 3385 et
1911 3338 2083 3387 dicant
2103 3352 2237 3388 sem-

1249 3414 1334 3461 per
1354 3439 1367 3460 ,
1382 3401 1738 3461 Magnificetur
1753 3401 1864 3448 Diis
1879 3434 1894 3459 ,
1910 3400 1998 3460 qui
2012 3400 2175 3460 diligu

1249 3464 1470 3512 salutare
1490 3468 1658 3510 tuum.

1312 3524 1419 3586 Ego
1433 3529 1602 3574 autem
1620 3521 1885 3573 mendicus
1907 3534 2023 3571 sum
2046 3526 2095 3572 et
2110 3532 2232 3583 pal·
