2910 4457
666 457 784 505 quta
816 455 1119 513 sanguinem
1139 472 1400 517 servorum
1439 483 1651 528 suorum
1752 481 2034 559 secundum
2078 498 2311 551 ordinem
2359 506 2761 574 Melchisedech.

666 508 951 563 ulciscetur.

723 570 788 619 Et
858 574 867 583 .
909 577 1094 626 d‘ctam
1129 585 1367 630 retribue*
1403 592 1454 630 tn
1483 595 1548 630 bn
1577 604 1592 630 ί
1812 547 1923 598 Dus
1953 566 1982 601 a
2014 557 2202 609 dextris
2229 566 2333 615 tuis
2363 584 2377 618 ε
2411 575 2671 641 confregit
2706 587 2757 635 in

820 585 905 622 vin
945 590 961 623 1
1343 624 1370 630 ..
1550 611 1573 630 ²
1597 613 1650 630 Μ

1808 669 2067 728 Judicabit
2090 683 2143 729 in
2168 688 2493 756 nationibus3
2518 700 2756 763 implebit

1745 731 2328 848 {Itlxlilr'isssmtrtgnquassabit
2349 758 2519 815 capita
2541 763 2597 812 in
2618 772 2754 821 terra

1802 854 1875 903 De
1892 863 2111 914 torrente
2126 867 2180 916 in
2199 872 2281 921 via
2294 874 2459 929 bibet:
2478 892 2749 947 propterea

1739 917 1975 968 exaltabit
1989 936 2042 971 ca
2050 934 2157 985 put.

1799 978 1973 1031 Gloria
2010 987 2170 1039 Patri.
2211 997 2275 1043 A.
2310 998 2439 1050 Sede
2476 1018 2506 1054 a
2549 1010 2744 1066 dextris

1736 1040 1887 1092 meis:
1914 1045 2041 1095 dixit
2061 1051 2172 1101 Diis
2193 1056 2305 1106 Dfio
2326 1072 2461 1113 meo.

2050 1112 2299 1165 Psalmus
2327 1135 2417 1172 cx.

1816 1165 2059 1217 onfitebor
2089 1176 2182 1223 tibi
2216 1180 2327 1231 Dfie
2366 1185 2417 1233 in
2454 1193 2560 1240 toto
2588 1200 2737 1250 corde

1736 1171 1926 1275 Cmeo
1941 1243 1953 1277 :
1968 1230 2021 1279 in
2038 1239 2251 1289 consilio
2260 1243 2544 1312 justorum,
2558 1263 2609 1305 et
2621 1272 2735 1311 con-

1729 1290 2037 1345 gregatione.

1790 1347 1982 1409 Magna
2014 1368 2162 1416 opera
2200 1364 2303 1413 Dfii
2328 1384 2342 1417 ε
2382 1378 2636 1436 exquisita
2673 1384 2726 1434 in

1724 1418 1902 1458 omnes
1918 1416 2199 1471 voluntates
2215 1426 2343 1485 ejus.

1787 1468 2043 1526 Confessio
2082 1488 2131 1530 et
2173 1492 2563 1551 magnificentia
2599 1516 2726 1564 opus

1721 1528 1765 1587 ej
1774 1543 1860 1582 us:
1887 1541 1934 1584 et
1946 1538 2148 1597 ,iustitia
2168 1548 2282 1608 eJus
2298 1563 2477 1607 manet
2492 1562 2547 1611 in
2571 1578 2725 1617 saecu-

1721 1590 1829 1639 lum
1845 1600 2037 1651 saeculi.

1778 1654 2086 1713 Memoriam
2109 1668 2226 1718 fecit
2256 1678 2585 1735 mirabilium
2606 1702 2722 1740 suo—

1716 1725 1861 1779 rum3
1895 1723 2185 1779 misericors
2207 1740 2257 1782 et
2283 1742 2560 1796 miserator
2581 1752 2715 1804 Diis:

1714 1787 1877 1826 escam
1900 1783 2040 1834 dedit
2054 1791 2358 1849 timentibus
2378 1816 2451 1854 se.

1774 1838 1973 1893 Memor
1985 1850 2082 1898 erit
2094 1853 2146 1900 in
2160 1862 2407 1913 saeculum
2425 1872 2713 1925 testamenti

1710 1899 1825 1949 sui:
1856 1905 2095 1960 virtutem
2125 1928 2341 1975 operum
2372 1939 2595 1983 suorum
2614 1949 2711 1986 an-

1708 1964 1966 2016 nuntiabit
1990 1977 2177 2033 populo
2193 1993 2318 2034 suo:

1769 2023 1837 2070 Ut
1857 2027 1939 2077 det
1954 2032 2058 2082 illis
2074 2037 2424 2098 haereditatem
2443 2058 2706 2112 gentium:

1703 2092 1850 2153 opera
1871 2102 2123 2147 manuum
2146 2104 2261 2163 ejus
2283 2112 2475 2163 veritas
2502 2122 2552 2165 et
2568 2120 2707 2180 judi-

1702 2154 1859 2196 cium.

1697 2267 1899 2322 firmata
1922 2277 1975 2324 in
1993 2287 2239 2337 saeculum
2268 2300 2477 2350 saeculi:
2497 2281 2627 2355 saeta
2647 2309 2697 2356 in

1695 2333 1905 2384 veritate
1919 2344 1966 2386 et
1988 2346 2241 2402 aequitate.

1754 2395 2173 2459 Redemptionem
2207 2415 2353 2465 misit
2372 2420 2487 2472 Dr'is
2517 2431 2697 2488 populo

1690 2465 1819 2505 suo:
1855 2465 2120 2516 mandavit
2155 2473 2210 2520 in
2247 2484 2503 2534 aeternum
2548 2495 2697 2541 testa-

1689 2522 1921 2568 mentum
1944 2536 2119 2579 suum.

1750 2577 1991 2633 Sanctum
2018 2596 2066 2637 et
2088 2597 2315 2648 terribile
2336 2615 2526 2658 nomen
2552 2614 2689 2674 ejus:

1685 2637 1891 2690 initium
1915 2651 2175 2706 sapientiae
2198 2660 2353 2710 timor
2371 2667 2498 2718 Dfii.

1744 2702 2032 2759 Intellectus
2052 2715 2217 2768 bonus
2232 2727 2479 2779 omnibus
2497 2733 2689 2786 sacien-

1681 2761 1817 2811 tibus
1848 2778 2000 2820 eum:
2033 2773 2255 2830 laudatio
2288 2787 2402 2847 ejus
2424 2804 2605 2846 manet
2630 2799 2682 2848 in

1678 2827 1918 2876 saeculum
1942 2838 2131 2887 soeculi.

1738 2886 1908 2938 Gloria
1950 2894 2109 2948 Patri.
2152 2905 2217 2952 A.
2268 2907 2469 2963 Fidelia
2506 2923 2682 2972 omnia

1675 2949 1913 2999 mandata
1935 2957 2070 3019 ejuS‚
2099 2967 2399 3021 confirmata
2424 2975 2483 3026 in
2512 2993 2683 3033 saecu-

1673 3005 1783 3055 lum
1804 3015 1994 3066 saeculi.

1981 3080 2227 3135 Psalmus
2245 3093 2353 3153 cxj.

1754 3136 1897 3182 eatus
1939 3141 2018 3188 vir
2060 3148 2149 3204 qui
2197 3152 2343 3202 timet
2391 3159 2534 3212 Dnm
2562 3181 2577 3215 t
2615 3168 2671 3216 in

1668 3139 2008 3250 Bmandatis
2026 3207 2137 3264 ejus
2159 3214 2289 3262 volet
2311 3218 2495 3271 nimis,

1727 3252 1912 3305 Potens
1944 3262 1996 3310 in
2029 3271 2162 3319 terra
2195 3276 2292 3323 erit
2316 3291 2493 3333 semen
2520 3288 2667 3349 ejus:

1665 3319 1920 3373 generatio
1949 3332 2200 3381 rectorum
2223 3337 2570 3398 benedicetur.

1725 3376 1896 3428 Gloria
1912 3389 1961 3431 et
1986 3389 2179 3442 divitiae
2201 3396 2253 3444 in
2273 3400 2427 3452 domo
2448 3409 2594 3467 ejus:
2617 3419 2667 3462 et

1661 3434 1857 3546 justitia
1880 3444 1991 3504 eJus
2015 3461 2184 3504 manet
2209 3458 2261 3506 in
2284 3468 2537 3520 saeculum
2561 3485 2663 3523 εω-

1481 3536 1560 3538 W*
1660 3509 1720 3546 cu
1742 3512 1778 3549 ι.
