2910 4457
176 426 262 477 An
285 426 550 496 §49-55)
979 446 1137 485 sxrnA
1164 447 1350 488 Tamus
1377 448 1645 488 usensis.
2230 459 2318 502 xv

266 573 424 642 Ibid.)
459 575 790 644 debriandus]
824 576 865 629 Ι.
901 594 962 642 e.,
998 580 1139 644 quod
1171 582 1342 648 ipsum
1373 583 1431 632 in
1452 583 1497 632 B
1519 581 1727 649 legitur,
1761 581 2123 635 inebriandus:
2154 599 2205 634 v.
2228 586 2317 636 Du

176 655 366 725 Gange,
396 658 712 711 Glossarium
734 660 922 713 Mediae
945 671 993 713 et
1015 661 1215 730 Infimoe
1236 664 1554 716 Latinitatis.

266 739 366 807 Ib.)
402 741 467 790 ad
502 758 619 793 eum
640 744 844 795 Lumen
878 744 1050 798 subire
1074 746 1352 814 Virtutum]
1388 749 1455 798 ad
1478 749 1615 800 Eum
1644 748 1924 801 ascendere
1947 751 2037 816 qui
2059 750 2316 803 Virtutum

174 827 251 874 est
271 824 485 875 Lumen.

262 908 325 957 In
346 908 468 958 Lee.
494 909 541 971 9,
564 925 658 975 pro
685 910 783 961 “Et
805 910 882 962 si''
906 912 1236 965 scribendum
1259 915 1455 965 “Etsi''.

261 990 456 1042 Gloria.
478 991 592 1058 Ibi.]
619 994 705 1044 Sic
726 1001 866 1046 reete
889 996 933 1046 L
959 1002 1009 1046 et
1031 998 1103 1047 B:
1127 998 1184 1047 in
1206 998 1255 1048 A
1276 997 1413 1048 male
1438 997 1666 1050 “Gloria.
1691 998 1846 1050 Ubi.”

264 1079 302 1149 ὃ
333 1079 488 1150 50.)
525 1088 662 1137 Rex
691 1085 918 1153 gloriose
934 1088 1241 1155 Martyrum]
1272 1090 1424 1139 Metri
1451 1095 1608 1157 typus
1635 1089 1774 1141 idem
1799 1092 1889 1157 qui
1912 1092 1968 1143 in
1994 1093 2057 1155 §5
2085 1097 2130 1158 2,
2156 1094 2202 1160 5,
2234 1100 2315 1159 21,

167 1176 243 1239 26,
267 1177 344 1225 37.
370 1174 574 1227 Similes
592 1183 765 1228 autem
781 1195 1024 1230 versuum
1040 1182 1429 1232 terminationes
1444 1187 1702 1233 notentur.

257 1257 538 1325 Paraclito]
563 1260 702 1310 Male
718 1261 762 1310 B
782 1261 1141 1312 “Paracleto'':
1167 1265 1232 1314 cf.
1258 1264 1408 1314 Fase.
1431 1263 1472 1327 Ι,
1496 1282 1546 1331 p.
1572 1266 1642 1315 ix.

256 1339 359 1391 Pro
383 1340 460 1390 ita
481 1341 617 1406 quod
639 1343 775 1393 male
797 1344 846 1393 A
870 1350 921 1394 et
943 1345 986 1395 B
1010 1344 1206 1410 itaque.-
1230 1346 1286 1395 in
1310 1346 1373 1410 L,
1396 1345 1487 1397 Ita
1509 1355 1678 1398 tamen
1700 1347 1851 1414 quod.

258 1421 536 1491 inprimis]
562 1425 734 1475 Primo
759 1426 896 1477 loeo.
1493 1470 1496 1473 .

257 1501 295 1571 ὃ
324 1503 480 1572 51.)
508 1506 684 1558 eduxit
707 1507 834 1576 eos.]
862 1508 1034 1577 Vulg.,
1058 1509 1270 1561 “eduxit
1290 1509 1467 1562 ilIos.”

257 1587 476 1640 “Oratio
506 1598 563 1640 ut
593 1590 817 1657 supraJ',
854 1592 921 1642 ad
944 1594 1186 1659 Tertiam,
1215 1594 1282 1645 ad
1310 1594 1534 1659 Sextam,
1571 1599 1621 1645 et
1643 1594 1709 1645 ad
1735 1595 1952 1662 Nonam,
1988 1598 2142 1649 etiam
2170 1599 2237 1650 ad
2261 1598 2313 1647 11

162 1670 360 1737 Vesp’s‚
387 1689 489 1723 om.
514 1674 582 1723 L:
607 1692 659 1725 V.
684 1675 751 1724 ad
775 1675 804 1736 5
830 1680 875 1726 2.

257 1754 294 1822 ἓ
328 1752 486 1824 52.)
521 1755 671 1807 “Dfie
704 1758 848 1809 Deus
884 1759 1092 1811 noster”
1121 1761 1178 1810 in
1210 1760 1367 1827 Vulg.
1395 1777 1503 1812 non
1537 1761 1818 1813 invenitur.

261 1852 297 1920 ξ
325 1853 484 1923 53.)
513 1857 755 1905 SANCTI
784 1867 876 1917 per
900 1850 1071 1917 fidem]
1096 1851 1158 1901 In
1181 1851 1338 1918 Vulg.
1363 1851 1497 1914 “Qui
1519 1869 1613 1920 per
1632 1853 1834 1906 fidem’'.

260 1943 317 1992 in
343 1941 572 2009 Christo]
597 1943 717 1992 Hoc
738 1944 795 1992 in
817 1942 971 2007 Vulg.
995 1958 1103 1992 non
1125 1944 1405 1994 invenitur.
1565 1938 1566 1941 ’

261 2039 506 2088 SANCTI
534 2032 776 2100 ludibria]
801 2032 863 2081 In
885 2032 1041 2099 Vulg.
1065 2034 1206 2110 f‘Alii
1228 2050 1354 2085 vero
1376 2033 1649 2086 ludibria'’.

255 2126 358 2176 Pro
384 2124 636 2176 “tentati''
658 2126 702 2176 L
727 2140 868 2174 more
894 2140 989 2174 suo
1014 2125 1328 2191 “temptati'’.

254 2205 292 2274 δ
313 2203 471 2277 54.)
500 2225 611 2260 cum
618 2207 844 2275 propria
860 2198 1091 2274 historia]
1118 2208 1179 2259 V.
1197 2209 1333 2260 infra
1348 2209 1415 2259 ad
1432 2210 1463 2271 ἓ
1480 2210 1560 2261 57.

250 2309 595 2356 JUSTORUM
622 2328 693 2338 —
714 2299 880 2367 pace]
913 2300 976 2350 In
1006 2300 1160 2366 Vulg.
1201 2301 1282 2351 “1.
1321 2301 1592 2351 Justorum
1627 2306 1799 2351 autem
1833 2302 2016 2352 animae
2049 2303 2104 2351 in
2149 2319 2308 2353 manu

160 2390 285 2441 “Dei
302 2400 436 2456 sunt,
456 2397 513 2443 et
527 2407 635 2441 non
650 2396 832 2459 tanget
844 2391 966 2441 illos
984 2396 1297 2442 tormentum
1318 2394 1514 2442 mortiS.
1543 2397 1585 2443 2.
1604 2394 1717 2443 Visi
1736 2398 1857 2443 sunt
1876 2393 2042 2443 oeulis
2058 2394 2305 2459 insipien-

158 2476 311 2526 “tium
332 2477 493 2526 mori:
519 2480 572 2525 et
594 2475 846 2524 aestimata
870 2480 947 2525 est
970 2473 1182 2525 afflictio
1207 2475 1375 2524 exitus
1398 2474 1633 2537 illorum;
1670 2479 1714 2526 3.
1742 2477 1809 2526 Et
1834 2475 1972 2541 quod
1997 2491 2028 2524 a
2051 2477 2203 2527 nobis
2228 2481 2307 2526 est

162 2558 296 2622 “iter,
322 2559 713 2610 exterminium:
736 2557 815 2607 illi
839 2563 1011 2607 autem
1041 2565 1163 2608 sunt
1184 2559 1239 2607 in
1263 2558 1441 2624 pace'’.
1473 2560 1603 2608 Post
1625 2567 1753 2624 quse,
1776 2560 2083 2626 interposito
2107 2567 2306 2611 tantum

161 2640 302 2706 “Et‘’‚
327 2644 561 2707 sequitur
585 2642 759 2690 statim
782 2641 909 2706 Cap.
936 2641 1134 2691 Sextae:
1159 2640 1344 2691 deinde
1370 2640 1497 2707 Cap.
1520 2642 1700 2693 Nonae.

251 2741 370 2792 spes
394 2724 587 2791 autem]
615 2724 850 2775 “autem''
877 2742 976 2775 om.
999 2724 1156 2792 Vulg.
1180 2731 1233 2775 et
1255 2725 1314 2774 L.

250 2810 471 2859 tentavit
502 2809 640 2871 illos,
678 2813 726 2857 et
758 2809 961 2858 invenit
982 2808 1103 2858 illos
1128 2808 1315 2874 dignos
1340 2806 1415 2874 se]
1443 2808 1530 2858 Sic
1551 2807 1600 2857 A
1623 2813 1674 2857 et
1694 2808 1764 2857 B:
1788 2808 1844 2856 in
1867 2808 2022 2875 Vulg.
2052 2795 2312 2861 “tentavit

161 2889 294 2955 “eos,
333 2898 385 2942 et
420 2891 630 2943 invenit
658 2890 780 2941 illos
822 2891 1008 2958 dignos
1044 2891 1159 2942 se’':
1196 2893 1254 2941 in
1287 2892 1348 2955 L,
1382 2891 1687 2956 “temptavit
1715 2890 1852 2955 illos,
1895 2896 1945 2940 et
1976 2892 2178 2942 invenit
2210 2909 2301 2944 eos

159 2972 371 3039 “dignos
395 2974 502 3027 se''.

252 3057 403 3119 Quod
428 3064 604 3109 autem
624 3058 681 3107 in
705 3056 943 3122 classica,
977 3072 1306 3122 nequaquam
1330 3056 1468 3107 idem
1489 3058 1545 3107 in
1567 3058 1868 3108 inferiorum
1890 3061 2181 3126 temporum
2203 3062 2303 3109 La-

156 3140 355 3191 tinitate
377 3143 513 3192 inter
536 3141 581 3191 is
605 3146 656 3191 et
676 3141 765 3192 ille
790 3140 974 3191 sensus
996 3140 1271 3191 discrimen
1290 3140 1649 3206 quaerendum3
1673 3143 1729 3191 in
1748 3143 1853 3206 qua
1871 3148 2065 3205 eontra,
2091 3149 2149 3193 ut
2165 3141 2303 3191 idem

157 3223 394 3289 valentia,
427 3241 566 3292 saepe
600 3224 666 3276 ob
699 3225 816 3275 soni
847 3230 1050 3275 tantum
1080 3225 1419 3275 variationem
1450 3225 1562 3274 haee
1593 3225 1899 3291 pronomina
1928 3227 2063 3275 inter
2098 3241 2153 3276 se
2187 3241 2301 3290 per-

157 3310 337 3359 mutari
367 3309 640 3369 videntur3
678 3308 825 3372 cujus
859 3309 950 3371 rei,
984 3314 1041 3357 ut
1062 3305 1147 3358 hie
1182 3313 1234 3358 et
1257 3307 1395 3371 alibi,
1428 3309 1506 3358 sio
1530 3313 1581 3357 et
1603 3308 1669 3357 ad
1693 3309 1848 3358 finem
1869 3308 2066 3358 Psalmi
2090 3313 2147 3357 27
2175 3309 2300 3372 (He-

156 3388 302 3441 braeis
328 3391 429 3456 28),
466 3397 519 3442 et
542 3391 665 3441 inde
700 3394 763 3452 in?
791 3392 1064 3443 Canticum
1106 3390 1175 3442 Te
1208 3391 1377 3442 Deum
1408 3391 1730 3454 translatum,
1768 3391 2061 3457 exemplum
2089 3391 2298 3440 omnino

154 3479 333 3524 notatu
356 3475 575 3542 dignum
596 3474 872 3527 habemus:
899 3476 999 3524 “Et
1019 3491 1141 3541 rege
1166 3491 1272 3539 eos,
1299 3482 1349 3525 et
1373 3474 1562 3525 extolle
1586 3474 1722 3537 illos,
1747 3487 1911 3538 usque
1934 3475 1988 3522 in
2008 3472 2301 3523 aeternum.'’

251 3555 289 3623 δ
316 3555 469 3623 55.)
497 3558 616 3608 Alie
638 3556 909 3608 Lecciones
932 3555 1283 3608 Plurimorum
1305 3555 1620 3623 Mai-tirum]
1646 3557 1709 3606 V.
1734 3556 1801 3605 ad
1824 3557 1853 3617 ἓ
1880 3560 1966 3605 27:
2005 3570 2299 3620 quanquam

156 3637 264 3689 fieri
294 3646 468 3707 potest
499 3645 560 3690 ut
592 3657 655 3690 ex
688 3642 855 3707 prima
888 3641 1134 3690 sectionis
1169 3641 1230 3691 53
1260 3640 1468 3691 rubrica
1502 3638 1896 3712 intelligendum
1933 3638 2023 3700 sit,
2048 3637 2298 3687 lectiones
2380 3703 2384 3707 .

154 3721 246 3774 has
270 3740 380 3774 cum
399 3724 763 3790 suprascriptis
785 3723 999 3774 alternis
1022 3723 1210 3774 vicibus
1228 3739 1324 3788 per
1346 3723 1711 3774 hebdomadam
1733 3721 1981 3788 legendas
2007 3736 2135 3770 esse.

251 3819 409 3870 “NON
444 3816 584 3867 enim
616 3817 926 3883 suscipimus
961 3815 1102 3880 quod
1130 3815 1275 3882 passi
1296 3819 1433 3880 sunt,
1469 3813 1562 3865 sed
1594 3818 1805 3881 propter
1837 3828 1990 3879 quem
2010 3812 2156 3879 passi
2177 3817 2302 3864 sunt
