2910 4457
599 400 681 450 civ
890 414 965 450 nn
992 414 1078 450 PB.
1103 413 1177 450 m:
1205 413 1253 449 T.
1279 412 1554 449 Ant—nn
1580 411 1700 448 nn.
1726 407 2236 446 nunna—munim
2356 390 2508 459 [Ano.
2536 409 2609 445 ET

662 553 766 594 tur.
839 539 908 593 Si
930 549 1101 592 autem
1123 539 1333 610 aliquod
1343 540 1545 611 festum
1579 539 1797 591 evenerit
1825 555 1922 607 per
1944 536 2078 589 Adv.
2105 534 2285 587 diebus
2295 533 2606 605 ferialibus,

594 634 629 658 ‘⁶
651 627 1000 681 nihilominus
1033 637 1254 679 servetur
1291 627 1414 679 ordo
1454 625 1918 697 Responsoriorum
1957 620 2313 675 Dominicalis
2354 621 2605 685 historice,

595 720 627 743 ‘⁶
654 716 731 766 ita
755 713 894 783 quod
916 712 1124 765 nullum
1155 714 1461 766 omittatur:
1502 722 1551 765 et
1574 712 1668 764 hoc
1698 711 1769 763 sit
1800 707 2033 778 yenerale
2058 726 2157 778 per
2194 716 2357 760 totum
2392 724 2616 773 annum,

593 804 625 829 “
650 801 757 851 nisi
781 801 842 851 in
865 799 1029 869 feriis
1057 809 1176 869 post
1204 799 1317 852 Oct.
1345 798 1545 869 Epiph.
1582 815 1740 867 usque
1774 796 1844 847 ad
1869 795 2050 859 LXX,
2085 792 2182 845 ubi
2219 793 2476 845 habentur
2502 792 2607 844 Re-

594 890 627 914 “
651 886 917 955 sponsoria
930 885 1156 955 ferialia
1173 886 1393 956 propria
1416 884 1633 938 cuilibet
1645 882 1851 954 serice.''

663 989 715 1041 Ρ.
741 975 811 1023 30
833 973 885 1036 b,
909 972 946 1024 l.
970 971 1066 1024 ult.
1095 972 1179 1024 De
1204 971 1310 1024 ΟΕ.
1344 971 1521 1024 Heres.
1547 989 1595 1023 v.
1622 969 1689 1023 ad
1717 962 1777 1022 P.
1803 973 1873 1020 23
1896 969 1948 1021 b.

663 1076 716 1128 p.
742 1062 813 1111 38
838 1075 888 1123 a,
910 1058 945 1110 l.
970 1062 1058 1121 23,
1082 1062 1168 1110 24.
1209 1056 1276 1110 In
1303 1057 1410 1111 ΟΕ.
1434 1056 1618 1110 Heres.
1639 1058 1696 1109 in
1722 1055 1930 1124 Compl.
1956 1071 2163 1124 quoque
2186 1063 2304 1122 post
2328 1057 2358 1082 ‘⁸
2373 1055 2605 1123 primum

596 1144 680 1196 0”
703 1144 1010 1197 omittendae
1037 1152 1163 1198 sunt
1184 1147 1216 1173 “
1238 1144 1481 1196 Preces''.

666 1230 747 1301 (p.
776 1235 841 1282 17
864 1230 926 1299 b)
954 1248 1005 1300 p.
1028 1231 1139 1294 lvii,
1152 1231 1187 1283 l.
1214 1235 1265 1294 5,
1282 1240 1401 1300 post
1417 1229 1908 1300 “judicandum—”
1934 1229 2070 1282 adde
2087 1229 2291 1282 “facies
2306 1245 2601 1298 pauperum

594 1316 962 1371 confunditis.''
989 1334 1117 1370 cum
1142 1318 1301 1370 noui:

656 1419 705 1442 ¹²¹¹
740 1413 823 1460 Sic
843 1413 976 1461 enim
997 1429 1083 1476 pro
1091 1412 1138 1475 f.
1156 1431 1206 1475 p.
1232 1417 1511 1471 commolitis,
1535 1428 1648 1476 quae
1669 1412 1907 1460 librorum
1928 1419 2204 1461 nostrorum
2225 1418 2273 1460 et
2297 1411 2424 1460 Bibl.
2450 1411 2601 1474 Vulg.

591 1494 736 1541 lectio
768 1502 853 1553 est,
881 1494 963 1544 Br.
990 1495 1164 1550 Ebor.;
1202 1509 1415 1558 quocum
1450 1495 1707 1543 concordat
1729 1495 1986 1557 antiquum
2017 1494 2160 1542 Brev.
2190 1493 2368 1541 Sarisb.
2394 1493 2601 1541 MStum

595 1575 654 1621 de
677 1590 771 1637 quo
795 1590 842 1637 p.
865 1575 951 1623 kxi.
974 1576 1026 1623 in
1047 1576 1176 1624 nota.

1099 1683 1175 1725 IN
1207 1684 1475 1727 TABULA
1510 1683 2102 1726 BENEDICTIONUM.

663 1789 714 1840 p.
730 1771 806 1835 lx,
828 1772 864 1823 l.
884 1774 919 1823 6
942 1788 976 1824 a
999 1772 1122 1835 fine,
1138 1788 1232 1841 pro
1250 1776 1283 1801 “
1302 1780 1497 1842 purget
1512 1772 1641 1825 nos”
1661 1772 1951 1842 legendum
1975 1789 2097 1825 cum
2117 1771 2280 1826 MSto
2296 1774 2526 1842 antiquo
2536 1775 2602 1828 de

594 1876 697 1927 quo
704 1875 756 1927 Ρ.
765 1857 843 1909 lxi
856 1858 912 1910 in
924 1860 1070 1921 nota,
1078 1875 1306 1927 quocum
1317 1857 1638 1911 concordant
1653 1859 1745 1911 Br.
1759 1859 1918 1912 Ebor.
1935 1868 1989 1913 et
2005 1859 2209 1923 Heres„
2218 1863 2250 1887 “
2263 1877 2357 1913 nos
2365 1861 2601 1930 purget'’.

661 1961 712 2013 p.
736 1945 830 2008 lxi,
854 1944 889 1996 l.
920 1947 1002 2009 13,
1025 1961 1119 2013 pro
1142 1949 1175 1975 ‘⁶
1194 1944 1394 2008 terti0‚’'
1416 1960 1516 1997 scr.
1539 1949 1572 1974 ‘⁶
1591 1946 1744 1998 tertio
1769 1945 2088 1999 Nocturno.'’

663 2031 696 2082 1.
728 2035 811 2096 15,
834 2041 953 2101 post
975 2034 1007 2061 ‘⁶
1024 2030 1282 2100 quidem,''
1306 2029 1444 2083 adde
1470 2036 1502 2061 “
1522 2039 1576 2085 et
1598 2048 1691 2100 per
1713 2033 1982 2097 octavaS‚'’.

664 2118 750 2170 Ad
774 2117 934 2171 finem
959 2119 1169 2187 paginae
1193 2116 1360 2171 adde:

666 2204 734 2257 In
754 2204 845 2257 Br.
863 2204 1024 2259 Ebor.
1044 2213 1241 2269 autem,
1255 2210 1276 2258 l
1289 2246 1301 2258 .
1326 2204 1395 2258 In
1413 2204 1602 2259 bened.
1621 2210 1656 2259 7
1668 2222 1716 2271 e,
1724 2223 1818 2276 pro
1832 2209 1865 2235 “
1878 2204 1994 2260 hic”
2012 2205 2204 2260 dicitur
2216 2207 2449 2262 “nunc'’.
2463 2211 2516 2263 2.
2531 2209 2599 2263 ln

595 2292 700 2345 Off.
716 2297 750 2345 9
767 2294 884 2346 lect.
902 2294 1200 2347 benedictio
1218 2311 1360 2347 nona
1376 2311 1582 2364 semper
1600 2301 1697 2358 est,
1711 2299 1744 2324 ‘⁶
1761 2293 1882 2347 Rex
1898 2296 2208 2363 angelorum
2228 2296 2485 2366 perducat
2508 2316 2604 2352 nos

591 2378 661 2431 ad
679 2396 844 2448 regna
861 2380 1162 2433 coelorum.'’
1180 2383 1231 2432 3.
1253 2380 1323 2432 In
1342 2379 1446 2432 ΟΕ.
1467 2384 1501 2432 3
1518 2381 1639 2433 lect.
1659 2380 1716 2434 in
1735 2384 1767 2410 “
1782 2380 1912 2451 (B)'’
1931 2381 2221 2436 includitur
2237 2385 2399 2437 etiam
2418 2390 2450 2414 “
2464 2384 2601 2452 (C).'’

666 2465 749 2517 De
772 2465 1229 2519 benedictionibus
1255 2465 1730 2519 Herefordensibus
1752 2466 1988 2536 posthac.

1190 2597 1347 2640 Ann.
1381 2597 1463 2639 m·
1495 2597 1691 2641 comt.
1727 2566 2012 2641 mmm.

665 2686 725 2739 P.
757 2691 780 2739 1
811 2704 844 2739 a
870 2685 969 2740 διο.
998 2687 1103 2740 Pro
1120 2688 1364 2757 perennis
1388 2686 1483 2739 Br.
1512 2686 1670 2740 Ebot.
1698 2687 1898 2757 Gough
1923 2691 1957 2739 6
1972 2688 2268 2755 perhennis,
2292 2693 2511 2759 passim.

665 2773 757 2844 (P.
788 2779 812 2826 1
840 2771 905 2845 b)
931 2792 985 2844 p.
1011 2793 1066 2839 x,
1082 2774 1120 2827 1.
1151 2779 1235 2836 10,
1254 2791 1348 2844 pro
1371 2774 1782 2843 “simplicibus”
1806 2791 1903 2827 scr.
1928 2777 2081 2828 “non
2108 2775 2450 2846 duplicibus'‘.

661 2862 698 2911 l.
729 2863 811 2912 13.
836 2860 1173 2931 incipiendae]
1202 2859 1359 2913 Adde
1382 2868 1597 2913 notam:

654 2954 701 2976 ⁰⁰
746 2948 873 2996 Quae
909 2948 1108 3010 quidem
1150 2949 1375 3011 incepti0,
1413 2948 1457 2994 si
1499 2949 1735 2996 cantando
1768 2948 1839 3006 fit,
1880 2949 2259 2998 Franco-Gallis
2300 2958 2374 2998 est
2416 2955 2447 2978 ‘⁶
2462 2955 2608 3001 elever

593 3028 625 3074 1’
652 3028 939 3076 antienne”.

664 3105 755 3177 (P.
782 3109 846 3158 13
865 3106 928 3175 b)
947 3124 997 3175 p.
1015 3107 1169 3171 lxvii,
1185 3108 1221 3159 l.
1241 3112 1275 3159 4
1295 3124 1329 3160 a
1347 3108 1471 3171 fine,
1490 3117 1615 3160 ante
1639 3112 1671 3138 “
1692 3109 1937 3178 aliaque''
1954 3110 2142 3176 insere,
2159 3112 2192 3141 “
2207 3110 2376 3163 forma
2396 3113 2609 3176 minori,

598 3195 750 3247 nobis
773 3211 807 3246 a
831 3193 1175 3247 Bollandistis
1196 3192 1579 3263 benignissime
1605 3194 2001 3248 commodatum
2025 3194 2111 3261 (of.
2136 3214 2188 3266 Ρ.
2213 3197 2495 3266 lxxxiii)‚”.

693 3282 758 3334 P.
790 3284 855 3332 16
880 3282 935 3350 a)
960 3298 1010 3350 p.
1033 3281 1208 3343 lxviii,
1231 3280 1268 3333 1.
1296 3284 1330 3332 3
1354 3297 1388 3332 a
1413 3280 1547 3351 fine)
1575 3279 1788 3351 altaris]
1817 3281 1969 3335 Adde
1993 3283 2264 3335 notulam:

642 3386 696 3409 θ’
724 3384 793 3422 Ita
809 3393 958 3423 omnes
983 3396 1011 3424 a
1032 3384 1157 3423 nobis
1183 3384 1388 3434 inspeetae
1415 3384 1641 3432 editiones,
1660 3396 1808 3425 omnes
1835 3385 1927 3425 scil.
1947 3385 1992 3424 in
2009 3385 2121 3425 Bibl.
2140 3385 2375 3426 Bodleian&
2402 3388 2608 3429 invente.

593 3455 701 3492 Sunt
717 3457 862 3492 autem
878 3452 972 3492 hae:
1003 3454 1041 3491 1.
1057 3452 1323 3500 Rotkomuffl.
1345 3454 1458 3492 1500.
1490 3454 1531 3492 2.
1549 3453 1661 3492 [bid.
1682 3455 1794 3492 1510.
1822 3454 1860 3491 3.
1877 3454 1989 3492 thid.
2012 3454 2124 3493 1522.
2151 3455 2190 3492 4.
2208 3455 2475 3503 Annam,
2499 3457 2608 3495 1523.

592 3524 630 3560 5.
658 3522 853 3569 Parisiis,
886 3523 997 3562 1530.
1040 3524 1079 3561 6.
1105 3523 1218 3562 loia.
1247 3522 1359 3562 1537.
1406 3523 1446 3562 7.
1476 3524 1580 3562 Ant.
1607 3524 1764 3563 1⁵42-3.
1805 3525 1843 3562 8.
1873 3523 1998 3562 Roth.
2033 3524 2144 3563 1543.
2190 3526 2229 3563 9.
2258 3525 2457 3572 bandini,
2496 3527 2607 3564 15⁵4.
