2910 4457
585 352 666 417 50
1411 369 1576 409 rnau
1621 368 1834 417 Quian

800 482 1010 533 FERIA
1043 483 1351 544 QUARTA.

855 546 936 593 Ad
973 545 1285 593 Matutinus.

649 605 1116 655 Invitatorium:1n
1145 618 1303 655 manu
1321 610 1408 654 tua
1431 605 1540 655 Dfie
1554 642 1567 664 ,

585 668 776 716 Omnes
798 667 924 715 fines
942 673 1106 717 terrae.
1130 669 1221 716 Ps.
1239 668 1436 716 Venite.

648 730 690 775 Α
729 728 838 777 Dite
876 742 939 777 ne
976 731 1028 778 in
1068 730 1143 778 ira
1180 743 1335 791 usque
1369 730 1439 776 ad
1473 741 1543 776 xl.
1558 763 1572 786 ,

584 791 864 852 quandode
894 790 976 851 iiij
1006 789 1141 851 serici
1164 793 1354 852 ayitur,
1386 790 1576 838 dicitur

584 852 654 902 ad
684 851 820 900 Mat.
840 865 1045 913 sequens
1069 853 1329 914 Hymnus

587 923 828 1022 Rerum
843 914 1045 962 Creator
1067 916 1270 974 optime,

687 977 964 1035 Rectorque
984 982 1167 1035 noster,
1191 976 1379 1037 aspice,

589 1037 691 1086 Nos
711 1050 740 1085 a
761 1038 927 1096 quiete
945 1039 1088 1086 noxia
1150 1056 1155 1057 ⁷

588 1100 783 1150 Mersos
804 1112 977 1160 sopore
997 1100 1173 1148 libera.

651 1161 722 1208 Te
738 1197 750 1218 ‚
777 1161 974 1209 Christe.
994 1166 1164 1209 sancte
1180 1197 1192 1219 ,
1212 1161 1467 1220 poscimus
1485 1196 1500 1220 ,

590 1222 799 1281 Ignosce
821 1228 875 1269 tu
893 1222 1197 1271 criminibus
1220 1237 1233 1271 ε

589 1283 672 1331 Ad
696 1283 1035 1337 confitendum
1063 1285 1354 1344 surgimus,

589 1345 861 1404 Morasque
883 1346 1045 1393 noctis
1066 1346 1374 1405 rumpimus,

652 1406 849 1457 Mentes
865 1419 1149 1467 manusque
1166 1407 1393 1456 tollimus
1409 1421 1424 1456 ι

592 1467 838 1528 Propheta
861 1469 1010 1528 (sicut
1025 1469 1278 1527 novimus)

591 1529 748 1580 Nobis
773 1531 1051 1590 gerendum
1070 1530 1291 1591 praecipit
1304 1566 1319 1589 ,

594 1591 883 1652 Paulusque
899 1593 1051 1652 gestis
1071 1595 1285 1641 censuit.

660 1655 812 1701 Vides
829 1656 1022 1702 malum
1039 1689 1052 1711 ,
1075 1655 1210 1714 quod
1234 1654 1474 1702 fecimus:

592 1716 800 1764 Occulta
820 1721 987 1762 nostra
1010 1716 1283 1774 pandimus
1306 1729 1318 1762 :

592 1780 771 1827 Preces
791 1781 1046 1836 gementes
1069 1776 1364 1826 fundimus:

594 1837 803 1887 Dimitte
818 1837 952 1897 quod
976 1837 1310 1896 peccavimus,

666 1898 857 1961 [Gloria
884 1897 1009 1956 tibi,
1034 1898 1160 1947 nne.
1190 1898 1261 1958 (p.
1289 1896 1359 1959 1.)
1384 1896 1487 1960 vel]

654 1961 845 2010 Praesta
862 1961 1028 2009 Pater.
1054 1958 1208 2018 (ibid.)

594 2025 698 2072 Per
726 2024 985 2071 AEstatem
1014 2022 1259 2081 Hymnus
1295 2020 1446 2072 Nocte
1473 2034 1588 2070 sur-

658 2090 850 2145 gentes·
875 2083 1032 2145 (ibid.)
1342 2116 1348 2120 -

914 2146 1158 2193 Psalmtta
1180 2143 1258 2205 12:7¹.

686 2210 777 2260 ixit
793 2208 1040 2270 insipiens
1066 2207 1119 2256 in
1142 2207 1288 2257 corde
1315 2218 1407 2256 suo
1435 2221 1449 2257 t
1475 2207 1586 2258 Non

596 2224 761 2322 Dest
775 2274 930 2321 DeuS.

659 2334 895 2393 Corrupti
934 2336 1081 2389 sunt,
1123 2335 1172 2380 et
1223 2332 1590 2380 abominabiles

600 2398 714 2445 fac-ti
734 2399 856 2443 sunt
879 2398 932 2441 in
963 2393 1322 2452 iniquitatibus
1347 2409 1360 2443 :
1390 2406 1493 2441 non
1516 2397 1591 2441 cst

598 2459 688 2518 qui
714 2457 859 2504 saciat
875 2455 1085 2502 bonum.

662 2520 799 2567 Deus
811 2518 872 2564 de
889 2516 1011 2563 eoelo
1027 2515 1277 2574 prospexit
1294 2528 1444 2575 super
1460 2515 1592 2563 filios

599 2580 866 2629 hominum
904 2592 918 2626 z
953 2581 1009 2624 ut
1037 2577 1205 2625 videat
1235 2578 1278 2624 si
1301 2582 1375 2626 est
1397 2577 1593 2626 intelli-

601 2655 726 2704 gens
741 2678 754 2699 ‚
769 2644 858 2688 aut
878 2638 1144 2699 requirens
1159 2639 1342 2687 Deum.

664 2705 856 2754 Omnes
875 2701 1280 2761 declinaverunt,
1299 2699 1454 2749 simul
1479 2699 1595 2747 inu-

602 2768 714 2815 tiles
744 2765 856 2812 saeti
881 2769 1002 2811 sunt
1027 2779 1038 2811 ε
1072 2777 1172 2811 ῃοη
1211 2770 1285 2812 est
1319 2764 1408 2823 qui
1446 2761 1595 2811 faciat

603 2830 792 2877 bonum
810 2863 822 2884 ‚
841 2838 941 2873 non
964 2831 1211 2885 estusque
1232 2827 1293 2874 ad
1314 2838 1497 2873 unum.

664 2890 842 2938 Nonne
854 2887 1018 2934 scient
1030 2899 1113 2934 om
1121 2900 1207 2934 nes
1218 2888 1305 2946 qui
1323 2891 1595 2945 operantur

602 2950 923 3009 iniquitatem
959 2962 972 2996 ε
1007 2948 1097 3007 qui
1128 2949 1370 2996 devorant
1402 2949 1593 3008 plebem

604 3023 768 3060 meam
792 3012 847 3054 ut
866 3009 1035 3054 cibum
1057 3009 1200 3066 panis
1216 3010 1240 3056 *Ι
1551 3013 1554 3016 ’

665 3074 827 3121 Deum
854 3082 952 3116 non
976 3069 1370 3119 invocaverunt:
1391 3069 1493 3118 illic
1507 3075 1600 3117 tre-

605 3135 904 3196 pidaverunt
950 3130 1158 3189 timore,
1209 3130 1296 3179 ubi
1347 3143 1447 3178 non
1504 3132 1598 3179 t'uit

612 3199 783 3245 timor.

668 3257 924 3318 Quoniam
979 3257 1116 3304 Deus
1166 3254 1435 3315 dissipavit
1486 3267 1598 3303 ossa

607 3332 783 3370 eorum
798 3320 886 3379 qui
904 3318 1202 3366 hominibus
1224 3317 1420 3376 placent
1443 3332 1458 3366 ι
1482 3330 1601 3366 eon-

606 3383 702 3431 fusi
727 3386 864 3439 sunt,
883 3382 1123 3441 quoniam
1142 3379 1276 3426 Deus
1287 3379 1477 3439 sprevit
1499 3392 1600 3428 eos.

669 3445 800 3505 Quis
814 3444 954 3492 dabit
965 3457 1021 3492 ex
1040 3442 1159 3491 Sion
1175 3441 1394 3489 salutare
1408 3441 1561 3490 lsra'el
1578 3445 1602 3490 *Γ

605 3507 723 3556 eum
761 3506 1059 3554 converterit
1091 3504 1227 3552 Deus
1258 3505 1599 3564 captivitatem

1673 480 1831 540 plebis
1848 493 1982 530 sum:
2005 482 2250 531 exultabit
2263 481 2419 531 Jacob
2430 518 2446 542 ‚
2464 487 2514 532 et
2536 484 2676 533 laeta·

1672 543 1812 591 bitur
1832 543 2007 591 Isra‘el.

1738 603 1854 653 Non
1894 605 2083 652 dicitur
2127 605 2196 653 αα
2236 605 2526 653 Nectar-nos
2573 606 2674 656 isto

1676 666 1766 713 Ps.
1786 665 1881 726 tiij.
1896 667 2051 721 Deus,
2069 667 2120 714 in
2141 667 2363 715 nomine.
2378 673 2444 726 (p.
2458 666 2556 728 18.)

1977 728 2220 775 Psalmus
2253 728 2370 789 Ιίἰϋ.

1681 789 1912 899 Exaudi
1956 790 2093 838 Deus
2128 791 2406 839 orationem
2453 801 2622 839 meam
2661 807 2676 841 t

1764 855 1812 899 et
1849 863 1913 899 ne
1953 851 2239 910 despexeris
2268 852 2681 911 deprecationem

1680 924 1878 969 meam;
1905 913 2109 962 intende
2137 913 2286 971 mibi,
2304 919 2351 962 et
2369 915 2547 962 exaudi
2573 927 2681 965 me.

1742 973 2081 1022 contristatus
2106 987 2223 1022 sum
2242 976 2295 1022 in
2325 976 2685 1026 exercitatione

1680 1047 1791 1083 mea
1813 1040 1891 1084 :et
1914 1036 2245 1084 conturbatus
2265 1048 2380 1084 sum
2399 1050 2426 1084 a
2444 1049 2560 1086 voce
2576 1039 2684 1088 ini-

1680 1097 1801 1145 mici
1825 1133 1837 1155 ,
1862 1102 1910 1145 et
1931 1110 1960 1144 a
1981 1098 2306 1145 tribulatione
2324 1099 2617 1157 peccatoris·

1744 1159 2001 1218 Quoniam
2018 1160 2401 1208 declinaverunt
2420 1160 2472 1207 in
2488 1162 2682 1210 meini-

1681 1221 1900 1279 quitates
1912 1235 1923 1267 :
1937 1226 1985 1268 et
2000 1221 2051 1268 in
2071 1223 2144 1269 ira
2157 1221 2354 1269 molesti
2370 1224 2684 1272 erantmihi.

1745 1281 1841 1330 Cor
1887 1294 2059 1330 meum
2097 1283 2453 1331 conturbatum
2495 1288 2573 1332 est
2626 1286 2683 1333 in

1681 1354 1763 1392 me
1786 1358 1800 1392 t
1817 1346 1865 1392 et
1889 1343 2105 1393 formido
2122 1345 2302 1394 mortis
2317 1345 2493 1394 cecidit
2525 1357 2686 1406 super

1684 1416 1784 1452 me.

1745 1466 1921 1514 Timor
1942 1471 1992 1515 et
2020 1471 2210 1516 tremor
2243 1473 2489 1516 venerunt
2520 1480 2682 1529 super

1682 1540 1765 1576 me
1788 1534 1867 1577 :et
1888 1533 2213 1577 contexerunt
2236 1531 2563 1578 metenebrae.

1746 1590 1810 1638 Et
1831 1590 1966 1649 dixi,
2002 1592 2120 1651 quis
2151 1591 2292 1639 dabit
2322 1591 2450 1639 mibi
2482 1604 2684 1652 pennas

1684 1652 1817 1699 sicut
1849 1653 2093 1702 columbae
2132 1666 2146 1702 ι
2181 1658 2230 1702 et
2266 1653 2469 1714 volabo,
2510 1658 2560 1703 et
2598 1667 2687 1705 re-

1685 1713 1978 1771 quiescam?

1748 1774 1874 1822 Eeee
1895 1774 2129 1833 elongavi
2160 1773 2361 1835 rugiens
2394 1781 2479 1826 :et
2509 1781 2692 1828 mansi

1687 1835 1740 1883 in
1764 1836 2052 1895 solitudine.

1749 1896 2082 1957 Expectabam
2098 1910 2216 1947 eum
2245 1899 2334 1958 qui
2355 1898 2555 1947 salvum
2591 1913 2679 1951 me

1690 1955 1804 2006 fecit
1837 1974 1852 2007 ε
1885 1971 1912 2006 a
1949 1961 2365 2020 pusillanimitate
2385 1961 2601 2022 spiritus
2633 1968 2684 2012 et

1687 2024 1997 2079 tempestate.

1752 2081 2015 2141 Praecipita
2067 2083 2205 2142 Due,
2260 2083 2431 2134 divide
2475 2083 2688 2146 linguas

1688 2155 1864 2191 eorum
1900 2158 1913 2192 :
1940 2145 2182 2203 quoniam
2217 2146 2321 2195 vidi
2354 2146 2686 2206 iniquitatem

1690 2209 1739 2254 et
1761 2207 2208 2256 contradictionem
2230 2207 2284 2256 in
2304 2207 2523 2257 civitate.

1752 2268 1846 2317 Die
1872 2281 1928 2317 ac
1953 2275 2091 2317 noete
2116 2270 2436 2320 circundabit
2455 2283 2569 2319 eam
2592 2283 2687 2319 su-

1691 2342 1775 2389 per
1800 2342 1976 2378 muros
1990 2330 2098 2389 eJ'us
2113 2331 2389 2391 iniquitas;
2408 2336 2454 2381 et
2469 2332 2612 2381 labor
2630 2333 2691 2382 in

1692 2392 1859 2439 medio
1878 2393 1989 2451 eJus
2004 2429 2017 2451 ,
2037 2397 2085 2440 et
2105 2392 2379 2452 injustitia.
2629 2433 2632 2436 .

1753 2453 1820 2501 Et
1852 2467 1949 2502 non
1986 2454 2166 2503 defecit
2198 2456 2260 2505 de
2296 2456 2473 2516 plateis
2519 2457 2636 2517 ejus
2666 2470 2682 2503 ε

1692 2527 1848 2563 usura
1863 2521 1910 2564 et
1926 2517 2089 2564 doluS.

1756 2577 2010 2635 Quoniam
2029 2578 2072 2625 si
2097 2578 2341 2626 inimicus
2356 2590 2502 2627 meus
2522 2579 2690 2628 male-

1693 2638 1899 2687 dixisset
1918 2640 2042 2687 mihi
2070 2641 2464 2689 :sustinuissem
2487 2641 2691 2702 utique.

1758 2700 1822 2748 Et
1852 2701 1895 2748 si
1928 2702 1973 2749 is
1994 2702 2083 2761 qui
2114 2702 2286 2750 oderat
2316 2714 2398 2751 me
2431 2715 2584 2762 super
2608 2715 2695 2753 me

1694 2774 1882 2822 magna
1917 2762 2112 2811 locutus
2144 2764 2319 2812 suisset
2354 2763 2694 2814 :abscondis-

1695 2836 1802 2873 sem
1823 2837 1905 2871 me
1928 2825 2136 2873 forsitan
2156 2826 2219 2873 ab
2235 2838 2310 2874 ee.

1758 2886 1838 2933 Tu
1880 2898 1996 2934 vero
2042 2887 2193 2935 homo
2229 2887 2495 2936 unanimis
2534 2902 2549 2937 ε
2586 2887 2694 2936 dux

1698 2959 1841 2995 meus
1866 2952 1914 2996 et
1938 2952 2086 2997 notus
2102 2960 2279 2997 meus:

1761 3009 1863 3068 Qui
1880 3010 2034 3057 simul
2053 3023 2252 3059 mecum
2267 3010 2442 3059 dulces
2458 3010 2696 3071 capiebas

1697 3071 1837 3119 cibos
1870 3085 1884 3119 ε
1923 3073 1975 3119 in
2007 3072 2157 3121 domo
2187 3073 2280 3121 Dei
2312 3073 2701 3122 ambulavimus

1699 3144 1815 3180 cum
1840 3143 2107 3183 consensu.

1766 3194 1948 3242 Veniat
1963 3208 2103 3244 mors
2114 3209 2263 3256 super
2280 3196 2394 3245 illos
2411 3199 2486 3245 :et
2499 3197 2701 3246 deseen-

1700 3256 1824 3304 dant
1847 3257 1898 3304 in
1921 3257 2176 3306 internum
2194 3258 2436 3307 viventeS.

1765 3318 2020 3378 Quoniam
2050 3319 2288 3379 nequitiae
2318 3320 2370 3367 in
2394 3319 2705 3370 habitaculis

1704 3393 1878 3428 eorum
1903 3381 1987 3428 :in
2012 3383 2179 3430 medio
2194 3393 2391 3431 eorum.

1770 3442 1874 3502 Ego
1891 3448 2059 3490 autem
2079 3444 2141 3492 ad
2175 3444 2338 3493 Deum
2373 3444 2591 3493 clamavi
2619 3449 2698 3495 :et

1708 3504 1816 3552 Diis
1837 3503 2046 3555 salvavit
2073 3518 2170 3554 me.
2365 3531 2368 3534 =
