<?xml version="1.0" encoding="UTF-8"?>
<!DOCTYPE html PUBLIC "-//W3C//DTD XHTML 1.0 Transitional//EN"
    "http://www.w3.org/TR/xhtml1/DTD/xhtml1-transitional.dtd">
<html xmlns="http://www.w3.org/1999/xhtml" xml:lang="en" lang="en">
 <head>
  <title>
</title>
<meta http-equiv="Content-Type" content="text/html;charset=utf-8" />
  <meta name='ocr-system' content='tesseract 3.04.00' />
  <meta name='ocr-capabilities' content='ocr_page ocr_carea ocr_par ocr_line ocrx_word'/>
</head>
<body>
  <div class='ocr_page' id='page_1' title='image "./portiforiiseubr00cathgoog_0166.png"; bbox 0 0 2910 4457; ppageno 0'>
   <div class='ocr_carea' id='block_1_1' title="bbox 610 406 1855 469">
    <p class='ocr_par' dir='ltr' id='par_1_1' title="bbox 610 406 1855 469">
     <span class='ocr_line' id='line_1_1' title="bbox 610 406 1855 469; baseline -0.003 0"><span class='ocrx_word' id='word_1_1' title='bbox 610 406 690 469; x_wconf 58' lang='lat'>148</span> <span class='ocrx_word' id='word_1_2' title='bbox 1439 427 1607 467; x_wconf 71' lang='lat' dir='ltr'>itanu</span> <span class='ocrx_word' id='word_1_3' title='bbox 1650 426 1855 466; x_wconf 73' lang='lat' dir='ltr'>mam</span> 
     </span>
    </p>
   </div>
   <div class='ocr_carea' id='block_1_2' title="bbox 582 535 1603 1643">
    <p class='ocr_par' dir='ltr' id='par_1_2' title="bbox 607 535 1594 596">
     <span class='ocr_line' id='line_1_2' title="bbox 607 535 1594 596; baseline 0.001 -11"><span class='ocrx_word' id='word_1_4' title='bbox 607 543 814 595; x_wconf 85' lang='lat' dir='ltr'>terram,</span> <span class='ocrx_word' id='word_1_5' title='bbox 845 535 1128 585; x_wconf 89' lang='lat' dir='ltr'>discernere</span> <span class='ocrx_word' id='word_1_6' title='bbox 1156 537 1396 596; x_wconf 88' lang='lat' dir='ltr'>populum</span> <span class='ocrx_word' id='word_1_7' title='bbox 1422 549 1594 586; x_wconf 90' lang='lat' dir='ltr'>suum.</span> 
     </span>
    </p>

    <p class='ocr_par' dir='ltr' id='par_1_3' title="bbox 603 597 1599 773">
     <span class='ocr_line' id='line_1_3' title="bbox 668 597 1599 659; baseline 0 -11"><span class='ocrx_word' id='word_1_8' title='bbox 668 599 978 659; x_wconf 80' lang='lat' dir='ltr'>Congregate</span> <span class='ocrx_word' id='word_1_9' title='bbox 1006 597 1081 647; x_wconf 92' lang='lat' dir='ltr'>illi</span> <span class='ocrx_word' id='word_1_10' title='bbox 1112 604 1312 647; x_wconf 85' lang='lat' dir='ltr'>sanctos</span> <span class='ocrx_word' id='word_1_11' title='bbox 1333 599 1476 658; x_wconf 81' lang='lat' dir='ltr'>ejus:</span> <span class='ocrx_word' id='word_1_12' title='bbox 1508 599 1599 659; x_wconf 86' lang='lat' dir='ltr'>qui</span> 
     </span>
     <span class='ocr_line' id='line_1_4' title="bbox 604 660 1597 721; baseline 0.001 -12"><span class='ocrx_word' id='word_1_13' title='bbox 604 660 845 709; x_wconf 89' lang='lat' dir='ltr'>ordinant</span> <span class='ocrx_word' id='word_1_14' title='bbox 893 664 1252 709; x_wconf 58' lang='lat' dir='ltr'>tastamentum</span> <span class='ocrx_word' id='word_1_15' title='bbox 1295 661 1406 721; x_wconf 86' lang='lat' dir='ltr'>ejus</span> <span class='ocrx_word' id='word_1_16' title='bbox 1445 672 1597 721; x_wconf 89' lang='lat' dir='ltr'>super</span> 
     </span>
     <span class='ocr_line' id='line_1_5' title="bbox 603 721 866 773; baseline -0.015 0"><span class='ocrx_word' id='word_1_17' title='bbox 603 721 866 773; x_wconf 84' lang='lat' dir='ltr'>sacrificia.</span> 
     </span>
    </p>

    <p class='ocr_par' dir='ltr' id='par_1_4' title="bbox 601 781 1598 905">
     <span class='ocr_line' id='line_1_6' title="bbox 665 781 1598 842; baseline 0.002 -10"><span class='ocrx_word' id='word_1_18' title='bbox 665 783 731 832; x_wconf 91' lang='lat' dir='ltr'>Et</span> <span class='ocrx_word' id='word_1_19' title='bbox 775 783 1157 832; x_wconf 87' lang='lat' dir='ltr'>annuntiabunt</span> <span class='ocrx_word' id='word_1_20' title='bbox 1198 781 1308 830; x_wconf 86' lang='lat' dir='ltr'>eoeli</span> <span class='ocrx_word' id='word_1_21' title='bbox 1341 781 1598 842; x_wconf 74' lang='lat' dir='ltr'>,iustitiam</span> 
     </span>
     <span class='ocr_line' id='line_1_7' title="bbox 601 844 1441 905; baseline -0.001 -11"><span class='ocrx_word' id='word_1_22' title='bbox 601 844 714 905; x_wconf 77' lang='lat' dir='ltr'>eJus</span> <span class='ocrx_word' id='word_1_23' title='bbox 732 861 745 893; x_wconf 91' lang='lat'>:</span> <span class='ocrx_word' id='word_1_24' title='bbox 766 844 1009 904; x_wconf 83' lang='lat' dir='ltr'>quoniam</span> <span class='ocrx_word' id='word_1_25' title='bbox 1026 846 1161 894; x_wconf 88' lang='lat' dir='ltr'>Deus</span> <span class='ocrx_word' id='word_1_26' title='bbox 1173 844 1326 903; x_wconf 88' lang='lat' dir='ltr'>judex</span> <span class='ocrx_word' id='word_1_27' title='bbox 1348 850 1441 893; x_wconf 91' lang='lat' dir='ltr'>est.</span> 
     </span>
    </p>

    <p class='ocr_par' dir='ltr' id='par_1_5' title="bbox 602 906 1599 1089">
     <span class='ocr_line' id='line_1_8' title="bbox 666 906 1599 967; baseline 0.001 -12"><span class='ocrx_word' id='word_1_28' title='bbox 666 906 806 956; x_wconf 87' lang='lat' dir='ltr'>Audi</span> <span class='ocrx_word' id='word_1_29' title='bbox 824 908 1036 967; x_wconf 89' lang='lat' dir='ltr'>populus</span> <span class='ocrx_word' id='word_1_30' title='bbox 1047 919 1207 964; x_wconf 67' lang='lat' dir='ltr'>mem,</span> <span class='ocrx_word' id='word_1_31' title='bbox 1232 912 1281 955; x_wconf 92' lang='lat' dir='ltr'>et</span> <span class='ocrx_word' id='word_1_32' title='bbox 1304 907 1505 966; x_wconf 65' lang='lat' dir='ltr'>l‘oquan</span> <span class='ocrx_word' id='word_1_33' title='bbox 1524 908 1599 956; x_wconf 84' lang='lat' dir='ltr'>Is-</span> 
     </span>
     <span class='ocr_line' id='line_1_9' title="bbox 602 968 1598 1026; baseline 0.003 -10"><span class='ocrx_word' id='word_1_34' title='bbox 602 969 722 1026; x_wconf 72' lang='lat' dir='ltr'>rael,</span> <span class='ocrx_word' id='word_1_35' title='bbox 739 973 787 1017; x_wconf 91' lang='lat' dir='ltr'>et</span> <span class='ocrx_word' id='word_1_36' title='bbox 809 969 1110 1017; x_wconf 83' lang='lat' dir='ltr'>testificabor</span> <span class='ocrx_word' id='word_1_37' title='bbox 1142 968 1234 1016; x_wconf 88' lang='lat' dir='ltr'>tibi</span> <span class='ocrx_word' id='word_1_38' title='bbox 1256 983 1268 1016; x_wconf 72' lang='grc' dir='ltr'>ι</span> <span class='ocrx_word' id='word_1_39' title='bbox 1290 968 1426 1017; x_wconf 88' lang='lat' dir='ltr'>Deus</span> <span class='ocrx_word' id='word_1_40' title='bbox 1461 970 1598 1019; x_wconf 87' lang='lat' dir='ltr'>Deus</span> 
     </span>
     <span class='ocr_line' id='line_1_10' title="bbox 607 1035 992 1089; baseline 0.003 -12"><span class='ocrx_word' id='word_1_41' title='bbox 607 1035 728 1078; x_wconf 88' lang='lat' dir='ltr'>tuus</span> <span class='ocrx_word' id='word_1_42' title='bbox 743 1042 835 1089; x_wconf 85' lang='lat' dir='ltr'>ego</span> <span class='ocrx_word' id='word_1_43' title='bbox 856 1043 992 1079; x_wconf 90' lang='lat' dir='ltr'>sum.</span> 
     </span>
    </p>

    <p class='ocr_par' dir='ltr' id='par_1_6' title="bbox 602 1089 1599 1273">
     <span class='ocr_line' id='line_1_11' title="bbox 664 1089 1595 1150; baseline -0.002 -8"><span class='ocrx_word' id='word_1_44' title='bbox 664 1092 776 1142; x_wconf 88' lang='lat' dir='ltr'>Non</span> <span class='ocrx_word' id='word_1_45' title='bbox 801 1091 854 1139; x_wconf 91' lang='lat' dir='ltr'>in</span> <span class='ocrx_word' id='word_1_46' title='bbox 876 1090 1138 1141; x_wconf 74' lang='lat' dir='ltr'>sacrificiis</span> <span class='ocrx_word' id='word_1_47' title='bbox 1161 1089 1264 1139; x_wconf 88' lang='lat' dir='ltr'>tuis</span> <span class='ocrx_word' id='word_1_48' title='bbox 1279 1103 1493 1150; x_wconf 80' lang='lat' dir='ltr'><strong>arguam</strong></span> <span class='ocrx_word' id='word_1_49' title='bbox 1516 1096 1595 1140; x_wconf 85' lang='lat' dir='ltr'>te:</span> 
     </span>
     <span class='ocr_line' id='line_1_12' title="bbox 602 1152 1599 1212; baseline -0.002 -10"><span class='ocrx_word' id='word_1_50' title='bbox 602 1154 890 1203; x_wconf 87' lang='lat' dir='ltr'>holocausta</span> <span class='ocrx_word' id='word_1_51' title='bbox 924 1158 1094 1201; x_wconf 88' lang='lat' dir='ltr'>autem</span> <span class='ocrx_word' id='word_1_52' title='bbox 1127 1157 1212 1200; x_wconf 87' lang='lat' dir='ltr'>tua</span> <span class='ocrx_word' id='word_1_53' title='bbox 1246 1152 1300 1199; x_wconf 92' lang='lat' dir='ltr'>in</span> <span class='ocrx_word' id='word_1_54' title='bbox 1331 1158 1599 1212; x_wconf 88' lang='lat' dir='ltr'>conspectu</span> 
     </span>
     <span class='ocr_line' id='line_1_13' title="bbox 603 1219 1082 1273; baseline -0.004 -10"><span class='ocrx_word' id='word_1_55' title='bbox 603 1228 717 1263; x_wconf 86' lang='lat' dir='ltr'>meo</span> <span class='ocrx_word' id='word_1_56' title='bbox 732 1219 853 1262; x_wconf 92' lang='lat' dir='ltr'>sunt</span> <span class='ocrx_word' id='word_1_57' title='bbox 868 1227 1082 1273; x_wconf 87' lang='lat' dir='ltr'>semper.</span> 
     </span>
    </p>

    <p class='ocr_par' dir='ltr' id='par_1_7' title="bbox 582 1274 1600 1396">
     <span class='ocr_line' id='line_1_14' title="bbox 665 1274 1600 1335; baseline -0.004 -9"><span class='ocrx_word' id='word_1_58' title='bbox 665 1276 779 1326; x_wconf 87' lang='lat' dir='ltr'>Non</span> <span class='ocrx_word' id='word_1_59' title='bbox 801 1275 1044 1335; x_wconf 81' lang='lat' dir='ltr'><strong>accipiam</strong></span> <span class='ocrx_word' id='word_1_60' title='bbox 1079 1275 1141 1323; x_wconf 88' lang='lat' dir='ltr'>de</span> <span class='ocrx_word' id='word_1_61' title='bbox 1171 1275 1319 1324; x_wconf 91' lang='lat' dir='ltr'>domo</span> <span class='ocrx_word' id='word_1_62' title='bbox 1353 1279 1439 1322; x_wconf 89' lang='lat' dir='ltr'>tua</span> <span class='ocrx_word' id='word_1_63' title='bbox 1472 1274 1600 1322; x_wconf 86' lang='lat' dir='ltr'>vitu-</span> 
     </span>
     <span class='ocr_line' id='line_1_15' title="bbox 582 1335 1598 1396; baseline 0.001 -11"><span class='ocrx_word' id='word_1_64' title='bbox 582 1338 710 1386; x_wconf 43' lang='lat' dir='ltr'>flos:</span> <span class='ocrx_word' id='word_1_65' title='bbox 736 1348 896 1396; x_wconf 83' lang='lat' dir='ltr'>neque</span> <span class='ocrx_word' id='word_1_66' title='bbox 928 1338 990 1386; x_wconf 87' lang='lat' dir='ltr'>de</span> <span class='ocrx_word' id='word_1_67' title='bbox 1011 1335 1248 1396; x_wconf 80' lang='lat' dir='ltr'>gregibus</span> <span class='ocrx_word' id='word_1_68' title='bbox 1279 1335 1381 1384; x_wconf 90' lang='lat' dir='ltr'>tuis</span> <span class='ocrx_word' id='word_1_69' title='bbox 1412 1337 1598 1386; x_wconf 91' lang='lat' dir='ltr'>hircos.</span> 
     </span>
    </p>

    <p class='ocr_par' dir='ltr' id='par_1_8' title="bbox 603 1398 1602 1571">
     <span class='ocr_line' id='line_1_16' title="bbox 667 1398 1599 1460; baseline 0.002 -15"><span class='ocrx_word' id='word_1_70' title='bbox 667 1398 922 1460; x_wconf 79' lang='lat' dir='ltr'><strong>Quoniam</strong></span> <span class='ocrx_word' id='word_1_71' title='bbox 961 1411 1084 1447; x_wconf 81' lang='lat' dir='ltr'>meae</span> <span class='ocrx_word' id='word_1_72' title='bbox 1118 1403 1240 1446; x_wconf 91' lang='lat' dir='ltr'>sunt</span> <span class='ocrx_word' id='word_1_73' title='bbox 1277 1410 1454 1447; x_wconf 90' lang='lat' dir='ltr'>omnes</span> <span class='ocrx_word' id='word_1_74' title='bbox 1486 1399 1599 1448; x_wconf 76' lang='lat' dir='ltr'>ferae</span> 
     </span>
     <span class='ocr_line' id='line_1_17' title="bbox 603 1460 1602 1519; baseline -0.001 -9"><span class='ocrx_word' id='word_1_75' title='bbox 603 1460 852 1510; x_wconf 88' lang='lat' dir='ltr'>silvarum</span> <span class='ocrx_word' id='word_1_76' title='bbox 879 1460 1145 1519; x_wconf 77' lang='lat' dir='ltr'>:jumenta</span> <span class='ocrx_word' id='word_1_77' title='bbox 1179 1461 1234 1508; x_wconf 91' lang='lat' dir='ltr'>in</span> <span class='ocrx_word' id='word_1_78' title='bbox 1267 1460 1526 1509; x_wconf 85' lang='lat' dir='ltr'>montibus</span> <span class='ocrx_word' id='word_1_79' title='bbox 1552 1466 1602 1509; x_wconf 91' lang='lat' dir='ltr'>et</span> 
     </span>
     <span class='ocr_line' id='line_1_18' title="bbox 610 1524 778 1571; baseline -0.007 0"><span class='ocrx_word' id='word_1_80' title='bbox 610 1524 778 1571; x_wconf 90' lang='lat' dir='ltr'>boves.</span> 
     </span>
    </p>

    <p class='ocr_par' dir='ltr' id='par_1_9' title="bbox 668 1581 1603 1643">
     <span class='ocr_line' id='line_1_19' title="bbox 668 1581 1603 1643; baseline 0 -11"><span class='ocrx_word' id='word_1_81' title='bbox 668 1582 892 1643; x_wconf 83' lang='lat' dir='ltr'>Cognovi</span> <span class='ocrx_word' id='word_1_82' title='bbox 923 1581 1097 1631; x_wconf 90' lang='lat' dir='ltr'>omnia</span> <span class='ocrx_word' id='word_1_83' title='bbox 1121 1581 1343 1632; x_wconf 88' lang='lat' dir='ltr'>volatilia</span> <span class='ocrx_word' id='word_1_84' title='bbox 1375 1584 1518 1632; x_wconf 88' lang='lat' dir='ltr'>coeli·</span> <span class='ocrx_word' id='word_1_85' title='bbox 1552 1588 1603 1632; x_wconf 87' lang='lat' dir='ltr'>et</span> 
     </span>
    </p>
   </div>
   <div class='ocr_carea' id='block_1_3' title="bbox 533 1645 1381 1717">
    <p class='ocr_par' dir='ltr' id='par_1_10' title="bbox 533 1645 1381 1717">
     <span class='ocr_line' id='line_1_20' title="bbox 533 1645 1381 1717; baseline -0.001 -24"><span class='ocrx_word' id='word_1_86' title='bbox 533 1693 540 1713; x_wconf 61' lang='grc'>,</span> <span class='ocrx_word' id='word_1_87' title='bbox 605 1646 926 1717; x_wconf 83' lang='lat' dir='ltr'>pulchritudo</span> <span class='ocrx_word' id='word_1_88' title='bbox 947 1645 1058 1704; x_wconf 84' lang='lat' dir='ltr'>agri</span> <span class='ocrx_word' id='word_1_89' title='bbox 1075 1657 1273 1693; x_wconf 90' lang='lat' dir='ltr'>meeum</span> <span class='ocrx_word' id='word_1_90' title='bbox 1288 1649 1381 1692; x_wconf 89' lang='lat' dir='ltr'>est.</span> 
     </span>
    </p>
   </div>
   <div class='ocr_carea' id='block_1_4' title="bbox 602 1705 1614 3602">
    <p class='ocr_par' dir='ltr' id='par_1_11' title="bbox 606 1705 1603 1888">
     <span class='ocr_line' id='line_1_21' title="bbox 670 1705 1603 1755; baseline 0 -1"><span class='ocrx_word' id='word_1_91' title='bbox 670 1706 724 1755; x_wconf 93' lang='lat' dir='ltr'>Si</span> <span class='ocrx_word' id='word_1_92' title='bbox 745 1707 965 1755; x_wconf 83' lang='lat' dir='ltr'>esuriero</span> <span class='ocrx_word' id='word_1_93' title='bbox 990 1719 1089 1754; x_wconf 90' lang='lat' dir='ltr'>non</span> <span class='ocrx_word' id='word_1_94' title='bbox 1119 1705 1285 1754; x_wconf 88' lang='lat' dir='ltr'>dicam</span> <span class='ocrx_word' id='word_1_95' title='bbox 1310 1705 1432 1753; x_wconf 88' lang='lat' dir='ltr'>tibi:</span> <span class='ocrx_word' id='word_1_96' title='bbox 1458 1717 1603 1754; x_wconf 90' lang='lat' dir='ltr'>meus</span> 
     </span>
     <span class='ocr_line' id='line_1_22' title="bbox 606 1766 1603 1825; baseline 0.001 -10"><span class='ocrx_word' id='word_1_97' title='bbox 606 1772 680 1816; x_wconf 90' lang='lat' dir='ltr'>est</span> <span class='ocrx_word' id='word_1_98' title='bbox 724 1767 863 1815; x_wconf 89' lang='lat' dir='ltr'>enim</span> <span class='ocrx_word' id='word_1_99' title='bbox 909 1766 1046 1815; x_wconf 89' lang='lat' dir='ltr'>orbis</span> <span class='ocrx_word' id='word_1_100' title='bbox 1080 1772 1224 1816; x_wconf 80' lang='lat' dir='ltr'>terrae</span> <span class='ocrx_word' id='word_1_101' title='bbox 1259 1772 1307 1815; x_wconf 88' lang='lat' dir='ltr'>et</span> <span class='ocrx_word' id='word_1_102' title='bbox 1344 1766 1603 1825; x_wconf 88' lang='lat' dir='ltr'>plenitudo</span> 
     </span>
     <span class='ocr_line' id='line_1_23' title="bbox 607 1829 737 1888; baseline -0.015 -11"><span class='ocrx_word' id='word_1_103' title='bbox 607 1829 737 1888; x_wconf 78' lang='lat' dir='ltr'>ejus,</span> 
     </span>
    </p>

    <p class='ocr_par' dir='ltr' id='par_1_12' title="bbox 608 1888 1604 2073">
     <span class='ocr_line' id='line_1_24' title="bbox 670 1888 1604 1950; baseline -0.004 -10"><span class='ocrx_word' id='word_1_104' title='bbox 670 1889 914 1950; x_wconf 85' lang='lat' dir='ltr'>Nunquid</span> <span class='ocrx_word' id='word_1_105' title='bbox 948 1888 1264 1938; x_wconf 80' lang='lat' dir='ltr'>manducabo</span> <span class='ocrx_word' id='word_1_106' title='bbox 1291 1901 1470 1937; x_wconf 89' lang='lat' dir='ltr'>carnes</span> <span class='ocrx_word' id='word_1_107' title='bbox 1491 1893 1604 1937; x_wconf 90' lang='lat' dir='ltr'>tau-</span> 
     </span>
     <span class='ocr_line' id='line_1_25' title="bbox 608 1950 1604 2061; baseline 0.001 -62"><span class='ocrx_word' id='word_1_108' title='bbox 608 1955 826 2061; x_wconf 55' lang='lat' dir='ltr'>roruffi?</span> <span class='ocrx_word' id='word_1_109' title='bbox 862 1955 951 2001; x_wconf 89' lang='lat' dir='ltr'>aut</span> <span class='ocrx_word' id='word_1_110' title='bbox 992 1950 1297 2011; x_wconf 82' lang='lat' dir='ltr'>sanguinem</span> <span class='ocrx_word' id='word_1_111' title='bbox 1345 1950 1604 2000; x_wconf 79' lang='lat' dir='ltr'>hircorum</span> 
     </span>
     <span class='ocr_line' id='line_1_26' title="bbox 611 2015 831 2073; baseline 0.009 -13"><span class='ocrx_word' id='word_1_112' title='bbox 611 2018 726 2073; x_wconf 92' lang='lat' dir='ltr'>pota</span> <span class='ocrx_word' id='word_1_113' title='bbox 806 2015 831 2062; x_wconf 73' lang='lat'>‘1</span> 
     </span>
    </p>

    <p class='ocr_par' dir='ltr' id='par_1_13' title="bbox 613 2073 1607 2186">
     <span class='ocr_line' id='line_1_27' title="bbox 671 2073 1607 2125; baseline -0.002 0"><span class='ocrx_word' id='word_1_114' title='bbox 671 2075 887 2125; x_wconf 90' lang='lat' dir='ltr'>Immola</span> <span class='ocrx_word' id='word_1_115' title='bbox 901 2075 1004 2124; x_wconf 89' lang='lat' dir='ltr'>Deo</span> <span class='ocrx_word' id='word_1_116' title='bbox 1019 2073 1323 2123; x_wconf 85' lang='lat' dir='ltr'>sacrificium</span> <span class='ocrx_word' id='word_1_117' title='bbox 1340 2074 1540 2124; x_wconf 88' lang='lat' dir='ltr'>laudis:</span> <span class='ocrx_word' id='word_1_118' title='bbox 1558 2081 1607 2124; x_wconf 88' lang='lat' dir='ltr'>et</span> 
     </span>
     <span class='ocr_line' id='line_1_28' title="bbox 613 2137 1322 2186; baseline -0.003 0"><span class='ocrx_word' id='word_1_119' title='bbox 613 2138 763 2186; x_wconf 85' lang='lat' dir='ltr'>redde</span> <span class='ocrx_word' id='word_1_120' title='bbox 786 2137 1055 2186; x_wconf 86' lang='lat' dir='ltr'>Altissimo</span> <span class='ocrx_word' id='word_1_121' title='bbox 1076 2142 1188 2185; x_wconf 87' lang='lat' dir='ltr'>vota</span> <span class='ocrx_word' id='word_1_122' title='bbox 1217 2142 1322 2184; x_wconf 91' lang='lat' dir='ltr'>tua.</span> 
     </span>
    </p>

    <p class='ocr_par' dir='ltr' id='par_1_14' title="bbox 616 2183 1604 2312">
     <span class='ocr_line' id='line_1_29' title="bbox 674 2183 1604 2249; baseline 0 0"><span class='ocrx_word' id='word_1_123' title='bbox 674 2198 774 2249; x_wconf 93' lang='lat' dir='ltr'>Et</span> <span class='ocrx_word' id='word_1_124' title='bbox 760 2212 937 2249; x_wconf 82' lang='lat' dir='ltr'>invoca</span> <span class='ocrx_word' id='word_1_125' title='bbox 960 2212 1042 2249; x_wconf 90' lang='lat' dir='ltr'>me</span> <span class='ocrx_word' id='word_1_126' title='bbox 1058 2197 1110 2247; x_wconf 92' lang='lat' dir='ltr'>in</span> <span class='ocrx_word' id='word_1_127' title='bbox 1129 2199 1211 2249; x_wconf 87' lang='lat' dir='ltr'>die</span> <span class='ocrx_word' id='word_1_128' title='bbox 1233 2183 1604 2249; x_wconf 72' lang='lat' dir='ltr'>tribulationis,</span> 
     </span>
     <span class='ocr_line' id='line_1_30' title="bbox 616 2261 1427 2312; baseline -0.003 0"><span class='ocrx_word' id='word_1_129' title='bbox 616 2274 793 2312; x_wconf 85' lang='lat' dir='ltr'>eruam</span> <span class='ocrx_word' id='word_1_130' title='bbox 816 2268 865 2311; x_wconf 86' lang='lat' dir='ltr'>te</span> <span class='ocrx_word' id='word_1_131' title='bbox 885 2267 933 2311; x_wconf 91' lang='lat' dir='ltr'>et</span> <span class='ocrx_word' id='word_1_132' title='bbox 953 2261 1306 2310; x_wconf 82' lang='lat' dir='ltr'>honorificabis</span> <span class='ocrx_word' id='word_1_133' title='bbox 1328 2275 1427 2310; x_wconf 88' lang='lat' dir='ltr'>me.</span> 
     </span>
    </p>

    <p class='ocr_par' dir='ltr' id='par_1_15' title="bbox 616 2322 1610 2503">
     <span class='ocr_line' id='line_1_31' title="bbox 680 2322 1608 2383; baseline 0.001 -12"><span class='ocrx_word' id='word_1_134' title='bbox 680 2323 930 2372; x_wconf 83' lang='lat' dir='ltr'>Peccatori</span> <span class='ocrx_word' id='word_1_135' title='bbox 938 2327 1111 2372; x_wconf 88' lang='lat' dir='ltr'>autem</span> <span class='ocrx_word' id='word_1_136' title='bbox 1128 2322 1255 2372; x_wconf 83' lang='lat' dir='ltr'>dixit</span> <span class='ocrx_word' id='word_1_137' title='bbox 1268 2323 1420 2381; x_wconf 90' lang='lat' dir='ltr'>Deus,</span> <span class='ocrx_word' id='word_1_138' title='bbox 1437 2322 1608 2383; x_wconf 87' lang='lat' dir='ltr'>Quare</span> 
     </span>
     <span class='ocr_line' id='line_1_32' title="bbox 616 2384 1610 2444; baseline 0.002 -13"><span class='ocrx_word' id='word_1_139' title='bbox 616 2390 674 2431; x_wconf 92' lang='lat' dir='ltr'>tu</span> <span class='ocrx_word' id='word_1_140' title='bbox 690 2397 899 2432; x_wconf 89' lang='lat' dir='ltr'>enarras</span> <span class='ocrx_word' id='word_1_141' title='bbox 910 2384 1137 2444; x_wconf 85' lang='lat' dir='ltr'>justitias</span> <span class='ocrx_word' id='word_1_142' title='bbox 1149 2397 1311 2433; x_wconf 80' lang='lat' dir='ltr'>meas:</span> <span class='ocrx_word' id='word_1_143' title='bbox 1326 2390 1373 2433; x_wconf 89' lang='lat' dir='ltr'>et</span> <span class='ocrx_word' id='word_1_144' title='bbox 1388 2385 1610 2433; x_wconf 87' lang='lat' dir='ltr'>assumis</span> 
     </span>
     <span class='ocr_line' id='line_1_33' title="bbox 618 2449 1555 2503; baseline 0.002 -10"><span class='ocrx_word' id='word_1_145' title='bbox 618 2450 978 2494; x_wconf 88' lang='lat' dir='ltr'>testamentum</span> <span class='ocrx_word' id='word_1_146' title='bbox 998 2457 1169 2493; x_wconf 90' lang='lat' dir='ltr'>meum</span> <span class='ocrx_word' id='word_1_147' title='bbox 1187 2458 1273 2503; x_wconf 88' lang='lat' dir='ltr'>per</span> <span class='ocrx_word' id='word_1_148' title='bbox 1294 2458 1350 2493; x_wconf 92' lang='lat' dir='ltr'>os</span> <span class='ocrx_word' id='word_1_149' title='bbox 1373 2449 1555 2495; x_wconf 72' lang='lat' dir='ltr'>tuum?</span> 
     </span>
    </p>

    <p class='ocr_par' dir='ltr' id='par_1_16' title="bbox 602 2506 1610 2626">
     <span class='ocr_line' id='line_1_34' title="bbox 602 2506 1610 2565; baseline 0 -11"><span class='ocrx_word' id='word_1_150' title='bbox 602 2511 606 2522; x_wconf 86' lang='lat'>&#39;</span> <span class='ocrx_word' id='word_1_151' title='bbox 685 2506 764 2554; x_wconf 89' lang='lat' dir='ltr'>Tu</span> <span class='ocrx_word' id='word_1_152' title='bbox 807 2518 923 2554; x_wconf 90' lang='lat' dir='ltr'>vero</span> <span class='ocrx_word' id='word_1_153' title='bbox 959 2506 1109 2553; x_wconf 89' lang='lat' dir='ltr'>odisti</span> <span class='ocrx_word' id='word_1_154' title='bbox 1143 2506 1464 2565; x_wconf 83' lang='lat' dir='ltr'>disciplinam</span> <span class='ocrx_word' id='word_1_155' title='bbox 1506 2522 1519 2556; x_wconf 90' lang='lat'>:</span> <span class='ocrx_word' id='word_1_156' title='bbox 1561 2511 1610 2556; x_wconf 92' lang='lat' dir='ltr'>et</span> 
     </span>
     <span class='ocr_line' id='line_1_35' title="bbox 622 2566 1610 2626; baseline 0.003 -12"><span class='ocrx_word' id='word_1_157' title='bbox 622 2566 874 2626; x_wconf 86' lang='lat' dir='ltr'>projecisti</span> <span class='ocrx_word' id='word_1_158' title='bbox 888 2579 1146 2615; x_wconf 89' lang='lat' dir='ltr'>sermones</span> <span class='ocrx_word' id='word_1_159' title='bbox 1158 2578 1296 2615; x_wconf 90' lang='lat' dir='ltr'>meos</span> <span class='ocrx_word' id='word_1_160' title='bbox 1310 2572 1610 2617; x_wconf 86' lang='lat' dir='ltr'>retrorsum.</span> 
     </span>
    </p>

    <p class='ocr_par' dir='ltr' id='par_1_17' title="bbox 619 2628 1610 2813">
     <span class='ocr_line' id='line_1_36' title="bbox 686 2628 1610 2687; baseline 0 -9"><span class='ocrx_word' id='word_1_161' title='bbox 686 2629 741 2678; x_wconf 92' lang='lat' dir='ltr'>Si</span> <span class='ocrx_word' id='word_1_162' title='bbox 776 2629 981 2679; x_wconf 81' lang='lat' dir='ltr'>videbas</span> <span class='ocrx_word' id='word_1_163' title='bbox 1004 2628 1186 2687; x_wconf 79' lang='lat' dir='ltr'>furem,</span> <span class='ocrx_word' id='word_1_164' title='bbox 1217 2629 1454 2677; x_wconf 89' lang='lat' dir='ltr'>currebas</span> <span class='ocrx_word' id='word_1_165' title='bbox 1491 2643 1610 2679; x_wconf 91' lang='lat' dir='ltr'>cum</span> 
     </span>
     <span class='ocr_line' id='line_1_37' title="bbox 619 2691 1609 2801; baseline 0.001 -61"><span class='ocrx_word' id='word_1_166' title='bbox 619 2703 677 2740; x_wconf 85' lang='lat' dir='ltr'>eo</span> <span class='ocrx_word' id='word_1_167' title='bbox 692 2706 706 2740; x_wconf 90' lang='lat'><strong>:</strong></span> <span class='ocrx_word' id='word_1_168' title='bbox 722 2695 901 2801; x_wconf 46' lang='lat' dir='ltr'>ehcum</span> <span class='ocrx_word' id='word_1_169' title='bbox 915 2691 1156 2740; x_wconf 87' lang='lat' dir='ltr'>adulteris</span> <span class='ocrx_word' id='word_1_170' title='bbox 1171 2691 1449 2751; x_wconf 90' lang='lat' dir='ltr'>portionem</span> <span class='ocrx_word' id='word_1_171' title='bbox 1466 2696 1609 2741; x_wconf 89' lang='lat' dir='ltr'>tuam</span> 
     </span>
     <span class='ocr_line' id='line_1_38' title="bbox 621 2765 859 2813; baseline 0.008 -14"><span class='ocrx_word' id='word_1_172' title='bbox 621 2765 750 2813; x_wconf 91' lang='lat' dir='ltr'>pone</span> <span class='ocrx_word' id='word_1_173' title='bbox 785 2766 859 2801; x_wconf 77' lang='lat' dir='ltr'>as,</span> 
     </span>
    </p>

    <p class='ocr_par' dir='ltr' id='par_1_18' title="bbox 618 2814 1612 2934">
     <span class='ocr_line' id='line_1_39' title="bbox 682 2814 1612 2865; baseline 0 -3"><span class='ocrx_word' id='word_1_174' title='bbox 682 2814 754 2862; x_wconf 91' lang='lat' dir='ltr'>Os</span> <span class='ocrx_word' id='word_1_175' title='bbox 788 2819 939 2862; x_wconf 92' lang='lat' dir='ltr'>tuum</span> <span class='ocrx_word' id='word_1_176' title='bbox 972 2815 1250 2864; x_wconf 89' lang='lat' dir='ltr'>abundavit</span> <span class='ocrx_word' id='word_1_177' title='bbox 1283 2814 1480 2863; x_wconf 88' lang='lat' dir='ltr'>malitia</span> <span class='ocrx_word' id='word_1_178' title='bbox 1514 2830 1527 2865; x_wconf 73' lang='grc' dir='ltr'><strong><em>ε</em></strong></span> <span class='ocrx_word' id='word_1_179' title='bbox 1563 2820 1612 2864; x_wconf 88' lang='lat' dir='ltr'>et</span> 
     </span>
     <span class='ocr_line' id='line_1_40' title="bbox 618 2874 1431 2934; baseline -0.001 -9"><span class='ocrx_word' id='word_1_180' title='bbox 618 2874 797 2934; x_wconf 81' lang='lat' dir='ltr'>lingua</span> <span class='ocrx_word' id='word_1_181' title='bbox 820 2880 906 2923; x_wconf 91' lang='lat' dir='ltr'>tua</span> <span class='ocrx_word' id='word_1_182' title='bbox 922 2877 1256 2925; x_wconf 84' lang='lat' dir='ltr'>concinnabat</span> <span class='ocrx_word' id='word_1_183' title='bbox 1274 2877 1431 2926; x_wconf 92' lang='lat' dir='ltr'>dolos.</span> 
     </span>
    </p>

    <p class='ocr_par' dir='ltr' id='par_1_19' title="bbox 617 2936 1613 3168">
     <span class='ocr_line' id='line_1_41' title="bbox 682 2936 1610 2986; baseline 0.002 -3"><span class='ocrx_word' id='word_1_184' title='bbox 682 2936 870 2983; x_wconf 87' lang='lat' dir='ltr'>Sedens</span> <span class='ocrx_word' id='word_1_185' title='bbox 921 2936 1163 2985; x_wconf 89' lang='lat' dir='ltr'>adversus</span> <span class='ocrx_word' id='word_1_186' title='bbox 1210 2937 1417 2986; x_wconf 76' lang='lat' dir='ltr'>fratrem</span> <span class='ocrx_word' id='word_1_187' title='bbox 1460 2942 1610 2985; x_wconf 89' lang='lat' dir='ltr'>tuum</span> 
     </span>
     <span class='ocr_line' id='line_1_42' title="bbox 617 2995 1613 3056; baseline 0.001 -11"><span class='ocrx_word' id='word_1_188' title='bbox 617 2995 938 3056; x_wconf 88' lang='lat' dir='ltr'>loquebaris·</span> <span class='ocrx_word' id='word_1_189' title='bbox 961 3001 1008 3044; x_wconf 89' lang='lat' dir='ltr'>et</span> <span class='ocrx_word' id='word_1_190' title='bbox 1029 2999 1271 3046; x_wconf 89' lang='lat' dir='ltr'>adversus</span> <span class='ocrx_word' id='word_1_191' title='bbox 1301 2998 1468 3046; x_wconf 86' lang='lat' dir='ltr'>filium</span> <span class='ocrx_word' id='word_1_192' title='bbox 1502 3011 1613 3047; x_wconf 89' lang='lat' dir='ltr'>ma-</span> 
     </span>
     <span class='ocr_line' id='line_1_43' title="bbox 620 3057 1613 3119; baseline 0.003 -15"><span class='ocrx_word' id='word_1_193' title='bbox 620 3057 715 3106; x_wconf 90' lang='lat' dir='ltr'>tris</span> <span class='ocrx_word' id='word_1_194' title='bbox 750 3061 850 3105; x_wconf 84' lang='lat' dir='ltr'>tuae</span> <span class='ocrx_word' id='word_1_195' title='bbox 886 3057 1101 3115; x_wconf 88' lang='lat' dir='ltr'>ponebas</span> <span class='ocrx_word' id='word_1_196' title='bbox 1136 3059 1462 3119; x_wconf 82' lang='lat' dir='ltr'>scandalum3</span> <span class='ocrx_word' id='word_1_197' title='bbox 1509 3060 1613 3108; x_wconf 83' lang='lat' dir='ltr'>baec</span> 
     </span>
     <span class='ocr_line' id='line_1_44' title="bbox 620 3118 1037 3176; baseline -0.008 -8"><span class='ocrx_word' id='word_1_198' title='bbox 620 3118 797 3176; x_wconf 78' lang='lat' dir='ltr'>fecisti,</span> <span class='ocrx_word' id='word_1_199' title='bbox 821 3123 869 3166; x_wconf 91' lang='lat' dir='ltr'>et</span> <span class='ocrx_word' id='word_1_200' title='bbox 884 3118 1037 3167; x_wconf 88' lang='lat' dir='ltr'>tacui.</span> 
     </span>
    </p>

    <p class='ocr_par' dir='ltr' id='par_1_20' title="bbox 617 3180 1614 3352">
     <span class='ocr_line' id='line_1_45' title="bbox 680 3180 1608 3240; baseline 0.001 -11"><span class='ocrx_word' id='word_1_201' title='bbox 680 3180 994 3229; x_wconf 87' lang='lat' dir='ltr'>Existimasti</span> <span class='ocrx_word' id='word_1_202' title='bbox 1030 3180 1203 3239; x_wconf 89' lang='lat' dir='ltr'>inique</span> <span class='ocrx_word' id='word_1_203' title='bbox 1238 3181 1372 3240; x_wconf 83' lang='lat' dir='ltr'>quod</span> <span class='ocrx_word' id='word_1_204' title='bbox 1409 3193 1495 3229; x_wconf 89' lang='lat' dir='ltr'>ero</span> <span class='ocrx_word' id='word_1_205' title='bbox 1533 3182 1608 3230; x_wconf 90' lang='lat' dir='ltr'>tui</span> 
     </span>
     <span class='ocr_line' id='line_1_46' title="bbox 617 3241 1614 3301; baseline 0 -10"><span class='ocrx_word' id='word_1_206' title='bbox 617 3241 842 3291; x_wconf 84' lang='lat' dir='ltr'>similis:</span> <span class='ocrx_word' id='word_1_207' title='bbox 862 3253 1076 3301; x_wconf 81' lang='lat' dir='ltr'>arguam</span> <span class='ocrx_word' id='word_1_208' title='bbox 1099 3247 1163 3301; x_wconf 89' lang='lat' dir='ltr'>te,</span> <span class='ocrx_word' id='word_1_209' title='bbox 1187 3247 1235 3291; x_wconf 91' lang='lat' dir='ltr'>et</span> <span class='ocrx_word' id='word_1_210' title='bbox 1254 3246 1478 3291; x_wconf 84' lang='lat' dir='ltr'>statuam</span> <span class='ocrx_word' id='word_1_211' title='bbox 1498 3255 1614 3291; x_wconf 91' lang='lat' dir='ltr'>con-</span> 
     </span>
     <span class='ocr_line' id='line_1_47' title="bbox 619 3303 1078 3352; baseline 0 0"><span class='ocrx_word' id='word_1_212' title='bbox 619 3310 698 3352; x_wconf 87' lang='lat' dir='ltr'>tra</span> <span class='ocrx_word' id='word_1_213' title='bbox 720 3303 895 3352; x_wconf 80' lang='lat' dir='ltr'>faciem</span> <span class='ocrx_word' id='word_1_214' title='bbox 918 3309 1078 3352; x_wconf 87' lang='lat' dir='ltr'>tuam.</span> 
     </span>
    </p>

    <p class='ocr_par' dir='ltr' id='par_1_21' title="bbox 617 3365 1612 3550">
     <span class='ocr_line' id='line_1_48' title="bbox 682 3365 1609 3425; baseline 0.001 -12"><span class='ocrx_word' id='word_1_215' title='bbox 682 3365 951 3425; x_wconf 85' lang='lat' dir='ltr'>Intelligite</span> <span class='ocrx_word' id='word_1_216' title='bbox 976 3366 1100 3424; x_wconf 79' lang='lat' dir='ltr'>haec,</span> <span class='ocrx_word' id='word_1_217' title='bbox 1135 3366 1224 3425; x_wconf 83' lang='lat' dir='ltr'>qui</span> <span class='ocrx_word' id='word_1_218' title='bbox 1247 3365 1609 3415; x_wconf 88' lang='lat' dir='ltr'>obliviscimini</span> 
     </span>
     <span class='ocr_line' id='line_1_49' title="bbox 617 3428 1612 3488; baseline -0.001 -12"><span class='ocrx_word' id='word_1_219' title='bbox 617 3428 783 3476; x_wconf 86' lang='lat' dir='ltr'>Deum</span> <span class='ocrx_word' id='word_1_220' title='bbox 809 3442 822 3476; x_wconf 90' lang='lat'>:</span> <span class='ocrx_word' id='word_1_221' title='bbox 846 3429 1110 3487; x_wconf 79' lang='lat' dir='ltr'>nequando</span> <span class='ocrx_word' id='word_1_222' title='bbox 1133 3428 1311 3488; x_wconf 90' lang='lat' dir='ltr'>rapiat,</span> <span class='ocrx_word' id='word_1_223' title='bbox 1334 3433 1381 3476; x_wconf 88' lang='lat' dir='ltr'>et</span> <span class='ocrx_word' id='word_1_224' title='bbox 1403 3441 1504 3476; x_wconf 92' lang='lat' dir='ltr'>non</span> <span class='ocrx_word' id='word_1_225' title='bbox 1544 3428 1612 3476; x_wconf 92' lang='lat' dir='ltr'>sit</span> 
     </span>
     <span class='ocr_line' id='line_1_50' title="bbox 619 3488 930 3550; baseline 0 -13"><span class='ocrx_word' id='word_1_226' title='bbox 619 3490 707 3550; x_wconf 84' lang='lat' dir='ltr'>qui</span> <span class='ocrx_word' id='word_1_227' title='bbox 731 3488 930 3549; x_wconf 81' lang='lat' dir='ltr'>eripiat.</span> 
     </span>
    </p>

    <p class='ocr_par' dir='ltr' id='par_1_22' title="bbox 683 3550 1610 3602">
     <span class='ocr_line' id='line_1_51' title="bbox 683 3550 1610 3602; baseline 0 -3"><span class='ocrx_word' id='word_1_228' title='bbox 683 3551 1000 3602; x_wconf 81' lang='lat' dir='ltr'>Sacrificium</span> <span class='ocrx_word' id='word_1_229' title='bbox 1054 3550 1219 3600; x_wconf 89' lang='lat' dir='ltr'>laudis</span> <span class='ocrx_word' id='word_1_230' title='bbox 1260 3551 1610 3600; x_wconf 83' lang='lat' dir='ltr'>honorificabit</span> 
     </span>
    </p>
   </div>
   <div class='ocr_carea' id='block_1_5' title="bbox 1694 536 2736 3001">
    <p class='ocr_par' dir='ltr' id='par_1_23' title="bbox 1694 536 2736 1261">
     <span class='ocr_line' id='line_1_52' title="bbox 1696 536 2693 598; baseline 0 -12"><span class='ocrx_word' id='word_1_231' title='bbox 1696 549 1815 587; x_wconf 86' lang='lat' dir='ltr'>me:</span> <span class='ocrx_word' id='word_1_232' title='bbox 1844 542 1893 586; x_wconf 88' lang='lat' dir='ltr'>et</span> <span class='ocrx_word' id='word_1_233' title='bbox 1923 536 2028 586; x_wconf 88' lang='lat' dir='ltr'>illic</span> <span class='ocrx_word' id='word_1_234' title='bbox 2055 537 2148 586; x_wconf 87' lang='lat' dir='ltr'>iter</span> <span class='ocrx_word' id='word_1_235' title='bbox 2178 548 2279 598; x_wconf 90' lang='lat' dir='ltr'>quo</span> <span class='ocrx_word' id='word_1_236' title='bbox 2308 537 2574 587; x_wconf 83' lang='lat' dir='ltr'>ostendam</span> <span class='ocrx_word' id='word_1_237' title='bbox 2614 538 2693 586; x_wconf 87' lang='lat' dir='ltr'>illi</span> 
     </span>
     <span class='ocr_line' id='line_1_53' title="bbox 1694 599 2046 648; baseline -0.006 0"><span class='ocrx_word' id='word_1_238' title='bbox 1694 600 1915 648; x_wconf 88' lang='lat' dir='ltr'>salutare</span> <span class='ocrx_word' id='word_1_239' title='bbox 1935 599 2046 647; x_wconf 87' lang='lat' dir='ltr'>Dei.</span> 
     </span>
     <span class='ocr_line' id='line_1_54' title="bbox 1830 659 2554 711; baseline -0.003 0"><span class='ocrx_word' id='word_1_240' title='bbox 1830 661 1946 711; x_wconf 79' lang='lat' dir='ltr'>Non</span> <span class='ocrx_word' id='word_1_241' title='bbox 1966 660 2155 708; x_wconf 74' lang='lat' dir='ltr'>dicitur</span> <span class='ocrx_word' id='word_1_242' title='bbox 2174 659 2243 707; x_wconf 84' lang='lat' dir='ltr'>ad</span> <span class='ocrx_word' id='word_1_243' title='bbox 2264 659 2554 709; x_wconf 76' lang='lat' dir='ltr'>Nocturnus</span> 
     </span>
     <span class='ocr_line' id='line_1_55' title="bbox 1984 721 2401 770; baseline 0.003 -2"><span class='ocrx_word' id='word_1_244' title='bbox 1984 722 2078 770; x_wconf 76' lang='lat' dir='ltr'>iste</span> <span class='ocrx_word' id='word_1_245' title='bbox 2098 721 2340 769; x_wconf 80' lang='lat' dir='ltr'>Psalmus</span> <span class='ocrx_word' id='word_1_246' title='bbox 2365 721 2401 770; x_wconf 84' lang='lat' dir='ltr'>l.</span> 
     </span>
     <span class='ocr_line' id='line_1_56' title="bbox 1757 783 2696 833; baseline -0.001 0"><span class='ocrx_word' id='word_1_247' title='bbox 1757 783 1999 833; x_wconf 87' lang='lat' dir='ltr'>Miserere</span> <span class='ocrx_word' id='word_1_248' title='bbox 2016 783 2114 831; x_wconf 89' lang='lat' dir='ltr'>mei</span> <span class='ocrx_word' id='word_1_249' title='bbox 2133 783 2269 831; x_wconf 86' lang='lat' dir='ltr'>Deus</span> <span class='ocrx_word' id='word_1_250' title='bbox 2281 784 2562 832; x_wconf 86' lang='lat' dir='ltr'>secundum</span> <span class='ocrx_word' id='word_1_251' title='bbox 2577 796 2696 832; x_wconf 89' lang='lat' dir='ltr'>ma-</span> 
     </span>
     <span class='ocr_line' id='line_1_57' title="bbox 1698 845 2632 906; baseline 0.002 -13"><span class='ocrx_word' id='word_1_252' title='bbox 1698 856 1853 904; x_wconf 81' lang='lat' dir='ltr'>gnam</span> <span class='ocrx_word' id='word_1_253' title='bbox 1875 845 2277 893; x_wconf 84' lang='lat' dir='ltr'>misericordiam</span> <span class='ocrx_word' id='word_1_254' title='bbox 2309 849 2401 893; x_wconf 81' lang='lat' dir='ltr'>etc.</span> <span class='ocrx_word' id='word_1_255' title='bbox 2430 846 2501 906; x_wconf 90' lang='lat' dir='ltr'>(p.</span> <span class='ocrx_word' id='word_1_256' title='bbox 2523 846 2632 906; x_wconf 88' lang='grc'><strong>38.)</strong></span> 
     </span>
     <span class='ocr_line' id='line_1_58' title="bbox 2031 905 2355 966; baseline -0.003 -13"><span class='ocrx_word' id='word_1_257' title='bbox 2031 906 2273 953; x_wconf 77' lang='lat' dir='ltr'>Psalmus</span> <span class='ocrx_word' id='word_1_258' title='bbox 2298 905 2355 966; x_wconf 80' lang='lat' dir='ltr'>lj.</span> 
     </span>
     <span class='ocr_line' id='line_1_59' title="bbox 1696 967 2690 1138; baseline 0.002 -123"><span class='ocrx_word' id='word_1_259' title='bbox 1696 969 1817 1138; x_wconf 52' lang='grc' dir='ltr'>(ξι</span> <span class='ocrx_word' id='word_1_260' title='bbox 1782 967 1872 1016; x_wconf 92' lang='lat' dir='ltr'>uid</span> <span class='ocrx_word' id='word_1_261' title='bbox 1896 967 2168 1028; x_wconf 84' lang='lat' dir='ltr'>gloriaris</span> <span class='ocrx_word' id='word_1_262' title='bbox 2154 981 2205 1015; x_wconf 81' lang='lat' dir='ltr'>in</span> <span class='ocrx_word' id='word_1_263' title='bbox 2231 968 2464 1016; x_wconf 89' lang='lat' dir='ltr'>malitia:</span> <span class='ocrx_word' id='word_1_264' title='bbox 2482 968 2573 1028; x_wconf 91' lang='lat' dir='ltr'>qui</span> <span class='ocrx_word' id='word_1_265' title='bbox 2597 980 2690 1028; x_wconf 90' lang='lat' dir='ltr'>po-</span> 
     </span>
     <span class='ocr_line' id='line_1_60' title="bbox 1785 1029 2736 1088; baseline 0.002 -12"><span class='ocrx_word' id='word_1_266' title='bbox 1785 1036 1894 1077; x_wconf 90' lang='lat' dir='ltr'>tens</span> <span class='ocrx_word' id='word_1_267' title='bbox 1915 1042 1968 1077; x_wconf 90' lang='lat' dir='ltr'>es</span> <span class='ocrx_word' id='word_1_268' title='bbox 1991 1030 2041 1076; x_wconf 90' lang='lat' dir='ltr'>in</span> <span class='ocrx_word' id='word_1_269' title='bbox 2067 1029 2372 1088; x_wconf 73' lang='lat' dir='ltr'>iniquitate⁰</span> <span class='ocrx_word' id='word_1_270' title='bbox 2733 1050 2736 1055; x_wconf 53' lang='lat'><strong>⁴</strong></span> 
     </span>
     <span class='ocr_line' id='line_1_61' title="bbox 1803 1091 2697 1150; baseline 0.002 -12"><span class='ocrx_word' id='word_1_271' title='bbox 1803 1097 1884 1138; x_wconf 90' lang='lat' dir='ltr'>ota</span> <span class='ocrx_word' id='word_1_272' title='bbox 1904 1091 1986 1140; x_wconf 90' lang='lat' dir='ltr'>die</span> <span class='ocrx_word' id='word_1_273' title='bbox 2008 1091 2316 1149; x_wconf 86' lang='lat' dir='ltr'>injustitiam</span> <span class='ocrx_word' id='word_1_274' title='bbox 2338 1091 2575 1150; x_wconf 81' lang='lat' dir='ltr'>cogitavit</span> <span class='ocrx_word' id='word_1_275' title='bbox 2599 1092 2697 1140; x_wconf 90' lang='lat' dir='ltr'>lin-</span> 
     </span>
     <span class='ocr_line' id='line_1_62' title="bbox 1697 1152 2695 1261; baseline 0.003 -62"><span class='ocrx_word' id='word_1_276' title='bbox 1697 1163 1797 1261; x_wconf 48' lang='lat' dir='ltr'>guua</span> <span class='ocrx_word' id='word_1_277' title='bbox 1815 1157 1935 1201; x_wconf 87' lang='lat' dir='ltr'>tua.</span> <span class='ocrx_word' id='word_1_278' title='bbox 1957 1152 2090 1199; x_wconf 89' lang='lat' dir='ltr'>sicut</span> <span class='ocrx_word' id='word_1_279' title='bbox 2107 1153 2347 1200; x_wconf 90' lang='lat' dir='ltr'>novacula</span> <span class='ocrx_word' id='word_1_280' title='bbox 2363 1158 2513 1200; x_wconf 89' lang='lat' dir='ltr'>acuta</span> <span class='ocrx_word' id='word_1_281' title='bbox 2531 1153 2695 1202; x_wconf 80' lang='lat' dir='ltr'>fecisti</span> 
     </span>
     <span class='ocr_line' id='line_1_63' title="bbox 1696 1215 1890 1261; baseline 0.005 -1"><span class='ocrx_word' id='word_1_282' title='bbox 1696 1215 1760 1261; x_wconf 86' lang='lat' dir='ltr'>do</span> <span class='ocrx_word' id='word_1_283' title='bbox 1783 1226 1890 1261; x_wconf 91' lang='lat' dir='ltr'>um.</span> 
     </span>
    </p>

    <p class='ocr_par' dir='ltr' id='par_1_24' title="bbox 1696 1274 2697 1457">
     <span class='ocr_line' id='line_1_64' title="bbox 1757 1274 2697 1335; baseline 0.001 -13"><span class='ocrx_word' id='word_1_284' title='bbox 1757 1275 1990 1324; x_wconf 84' lang='lat' dir='ltr'>Dilexisti</span> <span class='ocrx_word' id='word_1_285' title='bbox 2009 1274 2256 1323; x_wconf 82' lang='lat' dir='ltr'>malitiam</span> <span class='ocrx_word' id='word_1_286' title='bbox 2279 1287 2429 1335; x_wconf 87' lang='lat' dir='ltr'>super</span> <span class='ocrx_word' id='word_1_287' title='bbox 2452 1275 2697 1335; x_wconf 83' lang='lat' dir='ltr'>benigni-</span> 
     </span>
     <span class='ocr_line' id='line_1_65' title="bbox 1696 1336 2694 1408; baseline 0.003 -25"><span class='ocrx_word' id='word_1_288' title='bbox 1696 1340 1851 1384; x_wconf 88' lang='lat' dir='ltr'>tatem</span> <span class='ocrx_word' id='word_1_289' title='bbox 1891 1351 1905 1385; x_wconf 83' lang='lat'>:</span> <span class='ocrx_word' id='word_1_290' title='bbox 1958 1336 2278 1408; x_wconf 77' lang='lat' dir='ltr'>iniquitatem</span> <span class='ocrx_word' id='word_1_291' title='bbox 2322 1337 2490 1397; x_wconf 80' lang='lat' dir='ltr'>magis</span> <span class='ocrx_word' id='word_1_292' title='bbox 2531 1350 2694 1396; x_wconf 86' lang='lat' dir='ltr'>quam</span> 
     </span>
     <span class='ocr_line' id='line_1_66' title="bbox 1699 1398 2161 1457; baseline -0.002 -12"><span class='ocrx_word' id='word_1_293' title='bbox 1699 1398 1835 1457; x_wconf 85' lang='lat' dir='ltr'>loqui</span> <span class='ocrx_word' id='word_1_294' title='bbox 1858 1398 2161 1456; x_wconf 62' lang='lat' dir='ltr'>aequitatem.</span> 
     </span>
    </p>

    <p class='ocr_par' dir='ltr' id='par_1_25' title="bbox 1700 1459 2699 1579">
     <span class='ocr_line' id='line_1_67' title="bbox 1766 1459 2699 1527; baseline 0.003 -21"><span class='ocrx_word' id='word_1_295' title='bbox 1766 1459 1989 1507; x_wconf 78' lang='lat' dir='ltr'>Dilexisti</span> <span class='ocrx_word' id='word_1_296' title='bbox 2027 1459 2199 1506; x_wconf 90' lang='lat' dir='ltr'>omnia</span> <span class='ocrx_word' id='word_1_297' title='bbox 2237 1460 2386 1527; x_wconf 85' lang='lat' dir='ltr'>verba</span> <span class='ocrx_word' id='word_1_298' title='bbox 2418 1460 2699 1520; x_wconf 83' lang='lat' dir='ltr'>praecipita-</span> 
     </span>
     <span class='ocr_line' id='line_1_68' title="bbox 1700 1521 2301 1579; baseline 0.003 -12"><span class='ocrx_word' id='word_1_299' title='bbox 1700 1521 1891 1570; x_wconf 88' lang='lat' dir='ltr'>tionis:</span> <span class='ocrx_word' id='word_1_300' title='bbox 1916 1521 2089 1579; x_wconf 84' lang='lat' dir='ltr'>lingua</span> <span class='ocrx_word' id='word_1_301' title='bbox 2111 1521 2301 1569; x_wconf 86' lang='lat' dir='ltr'>dolosa.</span> 
     </span>
    </p>

    <p class='ocr_par' dir='ltr' id='par_1_26' title="bbox 1700 1582 2703 1815">
     <span class='ocr_line' id='line_1_69' title="bbox 1762 1582 2697 1642; baseline 0.001 -12"><span class='ocrx_word' id='word_1_302' title='bbox 1762 1583 2029 1642; x_wconf 83' lang='lat' dir='ltr'>Propterea</span> <span class='ocrx_word' id='word_1_303' title='bbox 2080 1582 2217 1630; x_wconf 92' lang='lat' dir='ltr'>Deus</span> <span class='ocrx_word' id='word_1_304' title='bbox 2261 1583 2485 1631; x_wconf 85' lang='lat' dir='ltr'>destruet</span> <span class='ocrx_word' id='word_1_305' title='bbox 2536 1586 2587 1631; x_wconf 88' lang='lat' dir='ltr'>te</span> <span class='ocrx_word' id='word_1_306' title='bbox 2640 1583 2697 1631; x_wconf 93' lang='lat' dir='ltr'>in</span> 
     </span>
     <span class='ocr_line' id='line_1_70' title="bbox 1701 1643 2703 1704; baseline 0.004 -14"><span class='ocrx_word' id='word_1_307' title='bbox 1701 1643 1894 1692; x_wconf 88' lang='lat' dir='ltr'>finem:</span> <span class='ocrx_word' id='word_1_308' title='bbox 1917 1643 2089 1693; x_wconf 80' lang='lat' dir='ltr'>evellet</span> <span class='ocrx_word' id='word_1_309' title='bbox 2110 1648 2174 1701; x_wconf 87' lang='lat' dir='ltr'>te,</span> <span class='ocrx_word' id='word_1_310' title='bbox 2198 1648 2246 1692; x_wconf 91' lang='lat' dir='ltr'>et</span> <span class='ocrx_word' id='word_1_311' title='bbox 2272 1644 2544 1704; x_wconf 84' lang='lat' dir='ltr'>emigrabit</span> <span class='ocrx_word' id='word_1_312' title='bbox 2564 1649 2614 1693; x_wconf 81' lang='lat' dir='ltr'>te</span> <span class='ocrx_word' id='word_1_313' title='bbox 2634 1645 2703 1694; x_wconf 83' lang='lat' dir='ltr'>de</span> 
     </span>
     <span class='ocr_line' id='line_1_71' title="bbox 1700 1705 2698 1765; baseline 0.003 -14"><span class='ocrx_word' id='word_1_314' title='bbox 1700 1705 2020 1753; x_wconf 85' lang='lat' dir='ltr'>tabernaculo</span> <span class='ocrx_word' id='word_1_315' title='bbox 2058 1710 2172 1765; x_wconf 83' lang='lat' dir='ltr'>tu03</span> <span class='ocrx_word' id='word_1_316' title='bbox 2211 1710 2258 1752; x_wconf 89' lang='lat' dir='ltr'>et</span> <span class='ocrx_word' id='word_1_317' title='bbox 2291 1705 2509 1754; x_wconf 88' lang='lat' dir='ltr'>radicem</span> <span class='ocrx_word' id='word_1_318' title='bbox 2549 1710 2698 1754; x_wconf 88' lang='lat' dir='ltr'>tuam</span> 
     </span>
     <span class='ocr_line' id='line_1_72' title="bbox 1701 1767 2238 1815; baseline -0.002 0"><span class='ocrx_word' id='word_1_319' title='bbox 1701 1767 1763 1815; x_wconf 90' lang='lat' dir='ltr'>de</span> <span class='ocrx_word' id='word_1_320' title='bbox 1784 1772 1917 1814; x_wconf 88' lang='lat' dir='ltr'>terra</span> <span class='ocrx_word' id='word_1_321' title='bbox 1939 1767 2238 1814; x_wconf 82' lang='lat' dir='ltr'>viventium.</span> 
     </span>
    </p>

    <p class='ocr_par' dir='ltr' id='par_1_27' title="bbox 1701 1827 2703 2062">
     <span class='ocr_line' id='line_1_73' title="bbox 1765 1827 2701 1887; baseline 0.002 -13"><span class='ocrx_word' id='word_1_322' title='bbox 1765 1828 2022 1876; x_wconf 87' lang='lat' dir='ltr'>Videbunt</span> <span class='ocrx_word' id='word_1_323' title='bbox 2073 1827 2200 1887; x_wconf 83' lang='lat' dir='ltr'>J’usti</span> <span class='ocrx_word' id='word_1_324' title='bbox 2240 1832 2289 1876; x_wconf 92' lang='lat' dir='ltr'>et</span> <span class='ocrx_word' id='word_1_325' title='bbox 2330 1827 2600 1885; x_wconf 86' lang='lat' dir='ltr'>timebunt,</span> <span class='ocrx_word' id='word_1_326' title='bbox 2648 1834 2701 1877; x_wconf 87' lang='lat' dir='ltr'>et</span> 
     </span>
     <span class='ocr_line' id='line_1_74' title="bbox 1701 1889 2703 1948; baseline 0.002 -11"><span class='ocrx_word' id='word_1_327' title='bbox 1701 1901 1852 1948; x_wconf 87' lang='lat' dir='ltr'>super</span> <span class='ocrx_word' id='word_1_328' title='bbox 1869 1902 1986 1938; x_wconf 91' lang='lat' dir='ltr'>eum</span> <span class='ocrx_word' id='word_1_329' title='bbox 2005 1889 2260 1946; x_wconf 86' lang='lat' dir='ltr'>ridebunt,</span> <span class='ocrx_word' id='word_1_330' title='bbox 2280 1893 2325 1937; x_wconf 88' lang='lat' dir='ltr'>et</span> <span class='ocrx_word' id='word_1_331' title='bbox 2341 1889 2509 1937; x_wconf 89' lang='lat' dir='ltr'>dicent</span> <span class='ocrx_word' id='word_1_332' title='bbox 2533 1905 2546 1938; x_wconf 92' lang='lat'><strong>:</strong></span> <span class='ocrx_word' id='word_1_333' title='bbox 2569 1890 2703 1939; x_wconf 84' lang='lat' dir='ltr'>Ecce</span> 
     </span>
     <span class='ocr_line' id='line_1_75' title="bbox 1702 1951 2702 2012; baseline 0.001 -14"><span class='ocrx_word' id='word_1_334' title='bbox 1702 1951 1854 1998; x_wconf 91' lang='lat' dir='ltr'>homo</span> <span class='ocrx_word' id='word_1_335' title='bbox 1884 1951 2097 2010; x_wconf 88' lang='lat' dir='ltr'>quinon</span> <span class='ocrx_word' id='word_1_336' title='bbox 2120 1951 2288 2011; x_wconf 90' lang='lat' dir='ltr'>posuit</span> <span class='ocrx_word' id='word_1_337' title='bbox 2308 1951 2471 1999; x_wconf 90' lang='lat' dir='ltr'>Deum</span> <span class='ocrx_word' id='word_1_338' title='bbox 2503 1951 2702 2012; x_wconf 89' lang='lat' dir='ltr'>adjuto-</span> 
     </span>
     <span class='ocr_line' id='line_1_76' title="bbox 1705 2025 2029 2062; baseline 0.009 -3"><span class='ocrx_word' id='word_1_339' title='bbox 1705 2025 1812 2061; x_wconf 91' lang='lat' dir='ltr'>rem</span> <span class='ocrx_word' id='word_1_340' title='bbox 1835 2025 1988 2060; x_wconf 90' lang='lat' dir='ltr'>suum</span> <span class='ocrx_word' id='word_1_341' title='bbox 2015 2027 2029 2062; x_wconf 73' lang='grc' dir='ltr'>ι</span> 
     </span>
    </p>

    <p class='ocr_par' dir='ltr' id='par_1_28' title="bbox 1704 2072 2705 2246">
     <span class='ocr_line' id='line_1_77' title="bbox 1767 2072 2704 2132; baseline 0.002 -10"><span class='ocrx_word' id='word_1_342' title='bbox 1767 2074 1862 2122; x_wconf 88' lang='lat' dir='ltr'>Sed</span> <span class='ocrx_word' id='word_1_343' title='bbox 1894 2073 2115 2132; x_wconf 87' lang='lat' dir='ltr'>speravit</span> <span class='ocrx_word' id='word_1_344' title='bbox 2135 2072 2187 2120; x_wconf 92' lang='lat' dir='ltr'>in</span> <span class='ocrx_word' id='word_1_345' title='bbox 2212 2072 2542 2122; x_wconf 88' lang='lat' dir='ltr'>multitudine</span> <span class='ocrx_word' id='word_1_346' title='bbox 2572 2074 2704 2123; x_wconf 87' lang='lat' dir='ltr'>divi-</span> 
     </span>
     <span class='ocr_line' id='line_1_78' title="bbox 1704 2135 2705 2195; baseline 0.003 -13"><span class='ocrx_word' id='word_1_347' title='bbox 1704 2135 1892 2183; x_wconf 91' lang='lat' dir='ltr'>tiarum</span> <span class='ocrx_word' id='word_1_348' title='bbox 1915 2147 2128 2183; x_wconf 87' lang='lat' dir='ltr'>suarum</span> <span class='ocrx_word' id='word_1_349' title='bbox 2155 2140 2233 2185; x_wconf 86' lang='lat' dir='ltr'>:et</span> <span class='ocrx_word' id='word_1_350' title='bbox 2255 2136 2516 2195; x_wconf 85' lang='lat' dir='ltr'>praevaluit</span> <span class='ocrx_word' id='word_1_351' title='bbox 2539 2136 2594 2184; x_wconf 92' lang='lat' dir='ltr'>in</span> <span class='ocrx_word' id='word_1_352' title='bbox 2618 2148 2705 2185; x_wconf 86' lang='lat' dir='ltr'>va·</span> 
     </span>
     <span class='ocr_line' id='line_1_79' title="bbox 1706 2197 1994 2246; baseline -0.003 0"><span class='ocrx_word' id='word_1_353' title='bbox 1706 2197 1862 2246; x_wconf 88' lang='lat' dir='ltr'>nitate</span> <span class='ocrx_word' id='word_1_354' title='bbox 1883 2209 1994 2246; x_wconf 90' lang='lat' dir='ltr'>sua.</span> 
     </span>
    </p>

    <p class='ocr_par' dir='ltr' id='par_1_29' title="bbox 1705 2257 2705 2493">
     <span class='ocr_line' id='line_1_80' title="bbox 1765 2257 2701 2319; baseline 0 -11"><span class='ocrx_word' id='word_1_355' title='bbox 1765 2259 1873 2319; x_wconf 85' lang='lat' dir='ltr'>Ego</span> <span class='ocrx_word' id='word_1_356' title='bbox 1904 2265 2091 2317; x_wconf 89' lang='lat' dir='ltr'>autem,</span> <span class='ocrx_word' id='word_1_357' title='bbox 2123 2258 2256 2307; x_wconf 90' lang='lat' dir='ltr'>sicut</span> <span class='ocrx_word' id='word_1_358' title='bbox 2279 2257 2410 2307; x_wconf 88' lang='lat' dir='ltr'>oliva</span> <span class='ocrx_word' id='word_1_359' title='bbox 2442 2257 2701 2308; x_wconf 75' lang='lat' dir='ltr'>fructifera</span> 
     </span>
     <span class='ocr_line' id='line_1_81' title="bbox 1705 2321 2705 2380; baseline 0 -10"><span class='ocrx_word' id='word_1_360' title='bbox 1705 2322 1760 2370; x_wconf 92' lang='lat' dir='ltr'>in</span> <span class='ocrx_word' id='word_1_361' title='bbox 1803 2322 1953 2370; x_wconf 91' lang='lat' dir='ltr'>domo</span> <span class='ocrx_word' id='word_1_362' title='bbox 1990 2322 2079 2369; x_wconf 90' lang='lat' dir='ltr'>Dei</span> <span class='ocrx_word' id='word_1_363' title='bbox 2121 2336 2134 2370; x_wconf 75' lang='lat' dir='ltr'>x</span> <span class='ocrx_word' id='word_1_364' title='bbox 2176 2321 2374 2380; x_wconf 88' lang='lat' dir='ltr'>speravi</span> <span class='ocrx_word' id='word_1_365' title='bbox 2412 2321 2465 2369; x_wconf 90' lang='lat' dir='ltr'>in</span> <span class='ocrx_word' id='word_1_366' title='bbox 2506 2322 2705 2370; x_wconf 91' lang='lat' dir='ltr'>miseri-</span> 
     </span>
     <span class='ocr_line' id='line_1_82' title="bbox 1705 2383 2705 2443; baseline 0.002 -12"><span class='ocrx_word' id='word_1_367' title='bbox 1705 2383 1875 2432; x_wconf 87' lang='lat' dir='ltr'>cordia</span> <span class='ocrx_word' id='word_1_368' title='bbox 1896 2383 1987 2431; x_wconf 86' lang='lat' dir='ltr'>Dei</span> <span class='ocrx_word' id='word_1_369' title='bbox 2019 2383 2072 2431; x_wconf 92' lang='lat' dir='ltr'>in</span> <span class='ocrx_word' id='word_1_370' title='bbox 2095 2387 2368 2443; x_wconf 82' lang='lat' dir='ltr'>aeternum3</span> <span class='ocrx_word' id='word_1_371' title='bbox 2394 2387 2443 2431; x_wconf 90' lang='lat' dir='ltr'>et</span> <span class='ocrx_word' id='word_1_372' title='bbox 2465 2383 2519 2430; x_wconf 91' lang='lat' dir='ltr'>in</span> <span class='ocrx_word' id='word_1_373' title='bbox 2542 2395 2705 2433; x_wconf 82' lang='lat' dir='ltr'>saecu-</span> 
     </span>
     <span class='ocr_line' id='line_1_83' title="bbox 1707 2445 2028 2493; baseline -0.003 0"><span class='ocrx_word' id='word_1_374' title='bbox 1707 2445 1816 2493; x_wconf 92' lang='lat' dir='ltr'>lum</span> <span class='ocrx_word' id='word_1_375' title='bbox 1833 2445 2028 2493; x_wconf 75' lang='lat' dir='ltr'>saeculi.</span> 
     </span>
    </p>

    <p class='ocr_par' dir='ltr' id='par_1_30' title="bbox 1706 2504 2705 2739">
     <span class='ocr_line' id='line_1_84' title="bbox 1768 2504 2705 2565; baseline 0.002 -11"><span class='ocrx_word' id='word_1_376' title='bbox 1768 2505 2049 2555; x_wconf 88' lang='lat' dir='ltr'>Confitebor</span> <span class='ocrx_word' id='word_1_377' title='bbox 2074 2505 2166 2554; x_wconf 90' lang='lat' dir='ltr'>tibi</span> <span class='ocrx_word' id='word_1_378' title='bbox 2198 2504 2251 2552; x_wconf 88' lang='lat' dir='ltr'>in</span> <span class='ocrx_word' id='word_1_379' title='bbox 2284 2505 2545 2562; x_wconf 83' lang='lat' dir='ltr'>saeculum‚</span> <span class='ocrx_word' id='word_1_380' title='bbox 2579 2507 2705 2565; x_wconf 83' lang='lat' dir='ltr'>quia</span> 
     </span>
     <span class='ocr_line' id='line_1_85' title="bbox 1707 2566 2703 2628; baseline 0.003 -14"><span class='ocrx_word' id='word_1_381' title='bbox 1707 2566 1865 2615; x_wconf 74' lang='lat' dir='ltr'>fecisti</span> <span class='ocrx_word' id='word_1_382' title='bbox 1891 2583 1904 2618; x_wconf 71' lang='grc' dir='ltr'><strong>ε</strong></span> <span class='ocrx_word' id='word_1_383' title='bbox 1938 2573 1987 2616; x_wconf 91' lang='lat' dir='ltr'>ct</span> <span class='ocrx_word' id='word_1_384' title='bbox 2019 2567 2279 2626; x_wconf 86' lang='lat' dir='ltr'>expectabo</span> <span class='ocrx_word' id='word_1_385' title='bbox 2310 2579 2493 2615; x_wconf 91' lang='lat' dir='ltr'>nomen</span> <span class='ocrx_word' id='word_1_386' title='bbox 2529 2572 2703 2628; x_wconf 90' lang='lat' dir='ltr'>tuum,</span> 
     </span>
     <span class='ocr_line' id='line_1_86' title="bbox 1706 2630 2702 2690; baseline 0.003 -14"><span class='ocrx_word' id='word_1_387' title='bbox 1706 2630 1951 2689; x_wconf 83' lang='lat' dir='ltr'>quoniam</span> <span class='ocrx_word' id='word_1_388' title='bbox 1990 2631 2180 2678; x_wconf 92' lang='lat' dir='ltr'>bonum</span> <span class='ocrx_word' id='word_1_389' title='bbox 2223 2634 2297 2677; x_wconf 88' lang='lat' dir='ltr'>est</span> <span class='ocrx_word' id='word_1_390' title='bbox 2337 2630 2391 2678; x_wconf 91' lang='lat' dir='ltr'>in</span> <span class='ocrx_word' id='word_1_391' title='bbox 2429 2635 2702 2690; x_wconf 85' lang='lat' dir='ltr'>conspectu</span> 
     </span>
     <span class='ocr_line' id='line_1_87' title="bbox 1707 2695 2247 2739; baseline -0.002 0"><span class='ocrx_word' id='word_1_392' title='bbox 1707 2695 2000 2739; x_wconf 88' lang='lat' dir='ltr'>sanctorum</span> <span class='ocrx_word' id='word_1_393' title='bbox 2023 2696 2247 2739; x_wconf 88' lang='lat' dir='ltr'>tuorum.</span> 
     </span>
    </p>

    <p class='ocr_par' dir='ltr' id='par_1_31' title="bbox 1707 2751 2704 2863">
     <span class='ocr_line' id='line_1_88' title="bbox 1770 2751 2704 2802; baseline 0.001 -1"><span class='ocrx_word' id='word_1_394' title='bbox 1770 2752 1942 2801; x_wconf 91' lang='lat' dir='ltr'>Gloria</span> <span class='ocrx_word' id='word_1_395' title='bbox 1956 2754 2115 2802; x_wconf 88' lang='lat' dir='ltr'>Patri.</span> <span class='ocrx_word' id='word_1_396' title='bbox 2133 2755 2196 2801; x_wconf 81' lang='grc' dir='ltr'>Α.</span> <span class='ocrx_word' id='word_1_397' title='bbox 2215 2752 2351 2801; x_wconf 88' lang='lat' dir='ltr'>Deus</span> <span class='ocrx_word' id='word_1_398' title='bbox 2364 2751 2578 2800; x_wconf 89' lang='lat' dir='ltr'>deorum</span> <span class='ocrx_word' id='word_1_399' title='bbox 2601 2753 2704 2802; x_wconf 87' lang='lat' dir='ltr'>Do-</span> 
     </span>
     <span class='ocr_line' id='line_1_89' title="bbox 1707 2815 2213 2863; baseline -0.002 -1"><span class='ocrx_word' id='word_1_400' title='bbox 1707 2815 1884 2863; x_wconf 89' lang='lat' dir='ltr'>minus</span> <span class='ocrx_word' id='word_1_401' title='bbox 1905 2815 2101 2863; x_wconf 91' lang='lat' dir='ltr'>locutus</span> <span class='ocrx_word' id='word_1_402' title='bbox 2121 2819 2213 2862; x_wconf 88' lang='lat' dir='ltr'>est.</span> 
     </span>
    </p>

    <p class='ocr_par' dir='ltr' id='par_1_32' title="bbox 1707 2873 2705 3001">
     <span class='ocr_line' id='line_1_90' title="bbox 1770 2873 2705 2935; baseline -0.001 -10"><span class='ocrx_word' id='word_1_403' title='bbox 1770 2873 1832 2935; x_wconf 61' lang='lat' dir='ltr'>ils.</span> <span class='ocrx_word' id='word_1_404' title='bbox 1865 2877 2077 2925; x_wconf 87' lang='lat' dir='ltr'>Immola</span> <span class='ocrx_word' id='word_1_405' title='bbox 2109 2877 2212 2924; x_wconf 88' lang='lat' dir='ltr'>Deo</span> <span class='ocrx_word' id='word_1_406' title='bbox 2244 2874 2551 2923; x_wconf 85' lang='lat' dir='ltr'>sacrificium</span> <span class='ocrx_word' id='word_1_407' title='bbox 2592 2875 2705 2924; x_wconf 88' lang='lat' dir='ltr'>lau-</span> 
     </span>
     <span class='ocr_line' id='line_1_91' title="bbox 1707 2937 2702 3001; baseline 0.001 -15"><span class='ocrx_word' id='word_1_408' title='bbox 1707 2938 1806 2987; x_wconf 75' lang='lat' dir='ltr'>dis·</span> <span class='ocrx_word' id='word_1_409' title='bbox 1823 2949 1887 3001; x_wconf 75' lang='lat'>13²·</span> <span class='ocrx_word' id='word_1_410' title='bbox 1909 2938 1974 2987; x_wconf 93' lang='lat' dir='ltr'>Et</span> <span class='ocrx_word' id='word_1_411' title='bbox 1995 2939 2144 2988; x_wconf 89' lang='lat' dir='ltr'>redde</span> <span class='ocrx_word' id='word_1_412' title='bbox 2165 2937 2434 2986; x_wconf 86' lang='lat' dir='ltr'>Altissimo</span> <span class='ocrx_word' id='word_1_413' title='bbox 2455 2942 2571 2985; x_wconf 78' lang='lat' dir='ltr'>vota</span> <span class='ocrx_word' id='word_1_414' title='bbox 2592 2942 2702 2987; x_wconf 87' lang='lat' dir='ltr'>tua.</span> 
     </span>
    </p>
   </div>
   <div class='ocr_carea' id='block_1_6' title="bbox 1705 3058 2703 3610">
    <p class='ocr_par' dir='ltr' id='par_1_33' title="bbox 1708 3058 2703 3182">
     <span class='ocr_line' id='line_1_92' title="bbox 1708 3058 2703 3182; baseline 0.003 -75"><span class='ocrx_word' id='word_1_415' title='bbox 1708 3059 2161 3182; x_wconf 42' lang='lat' dir='ltr'>d·A1}z·rn318,A)nnsss</span> <span class='ocrx_word' id='word_1_416' title='bbox 2185 3058 2244 3122; x_wconf 60' lang='grc' dir='ltr'>φ.</span> <span class='ocrx_word' id='word_1_417' title='bbox 2263 3059 2377 3108; x_wconf 84' lang='lat' dir='ltr'>Fiat</span> <span class='ocrx_word' id='word_1_418' title='bbox 2397 3060 2703 3110; x_wconf 88' lang='lat' dir='ltr'>misericor-</span> 
     </span>
     <span class='ocr_line' id='line_1_93' title="bbox 1745 3134 2009 3181; baseline 0 -12"><span class='ocrx_word' id='word_1_419' title='bbox 1745 3135 1809 3170; x_wconf 77' lang='grc' dir='ltr'>ιιι.</span> <span class='ocrx_word' id='word_1_420' title='bbox 1854 3134 1901 3181; x_wconf 91' lang='lat' dir='ltr'>p.</span> <span class='ocrx_word' id='word_1_421' title='bbox 1997 3157 2009 3169; x_wconf 91' lang='lat'>.</span> 
     </span>
    </p>

    <p class='ocr_par' dir='ltr' id='par_1_34' title="bbox 1705 3182 2703 3426">
     <span class='ocr_line' id='line_1_94' title="bbox 1770 3182 2702 3233; baseline 0.004 -4"><span class='ocrx_word' id='word_1_422' title='bbox 1770 3183 1835 3229; x_wconf 87' lang='lat' dir='ltr'>In</span> <span class='ocrx_word' id='word_1_423' title='bbox 1890 3182 2163 3231; x_wconf 73' lang='lat' dir='ltr'>Laudibus.</span> <span class='ocrx_word' id='word_1_424' title='bbox 2218 3185 2352 3231; x_wconf 66' lang='lat' dir='ltr'>Area.</span> <span class='ocrx_word' id='word_1_425' title='bbox 2403 3183 2702 3233; x_wconf 89' lang='lat' dir='ltr'>Secundum</span> 
     </span>
     <span class='ocr_line' id='line_1_95' title="bbox 1707 3245 2703 3304; baseline 0.004 -13"><span class='ocrx_word' id='word_1_426' title='bbox 1707 3256 1949 3304; x_wconf 80' lang='lat' dir='ltr'>magnam</span> <span class='ocrx_word' id='word_1_427' title='bbox 1972 3245 2373 3294; x_wconf 87' lang='lat' dir='ltr'>misericordiam</span> <span class='ocrx_word' id='word_1_428' title='bbox 2396 3249 2541 3293; x_wconf 89' lang='lat' dir='ltr'>tuam</span> <span class='ocrx_word' id='word_1_429' title='bbox 2561 3281 2574 3303; x_wconf 94' lang='lat'><strong>‚</strong></span> <span class='ocrx_word' id='word_1_430' title='bbox 2601 3247 2703 3295; x_wconf 91' lang='lat' dir='ltr'>mi-</span> 
     </span>
     <span class='ocr_line' id='line_1_96' title="bbox 1706 3306 2702 3356; baseline 0.003 -3"><span class='ocrx_word' id='word_1_431' title='bbox 1706 3318 1869 3354; x_wconf 88' lang='lat' dir='ltr'>serere</span> <span class='ocrx_word' id='word_1_432' title='bbox 1900 3307 1999 3353; x_wconf 90' lang='lat' dir='ltr'>mei</span> <span class='ocrx_word' id='word_1_433' title='bbox 2029 3306 2181 3355; x_wconf 82' lang='lat' dir='ltr'>DeuS.</span> <span class='ocrx_word' id='word_1_434' title='bbox 2217 3307 2307 3354; x_wconf 76' lang='lat' dir='ltr'>Ps.</span> <span class='ocrx_word' id='word_1_435' title='bbox 2330 3306 2577 3356; x_wconf 86' lang='lat' dir='ltr'>Miserere</span> <span class='ocrx_word' id='word_1_436' title='bbox 2598 3308 2702 3356; x_wconf 90' lang='lat' dir='ltr'>mei</span> 
     </span>
     <span class='ocr_line' id='line_1_97' title="bbox 1705 3366 2048 3426; baseline -0.006 -11"><span class='ocrx_word' id='word_1_437' title='bbox 1705 3368 1859 3415; x_wconf 77' lang='lat' dir='ltr'>Deus·</span> <span class='ocrx_word' id='word_1_438' title='bbox 1895 3366 2048 3426; x_wconf 70' lang='lat' dir='ltr'>(ibid.)</span> 
     </span>
    </p>

    <p class='ocr_par' dir='ltr' id='par_1_35' title="bbox 1715 3427 2700 3610">
     <span class='ocr_line' id='line_1_98' title="bbox 2003 3427 2390 3488; baseline -0.003 -12"><span class='ocrx_word' id='word_1_439' title='bbox 2003 3429 2247 3476; x_wconf 77' lang='lat' dir='ltr'>Psalmus</span> <span class='ocrx_word' id='word_1_440' title='bbox 2272 3427 2390 3488; x_wconf 57' lang='lat' dir='ltr'>xlii.</span> 
     </span>
     <span class='ocr_line' id='line_1_99' title="bbox 1715 3489 2700 3600; baseline 0.002 -64"><span class='ocrx_word' id='word_1_441' title='bbox 1715 3489 1932 3600; x_wconf 80' lang='lat' dir='ltr'>Judiea</span> <span class='ocrx_word' id='word_1_442' title='bbox 1961 3502 2042 3538; x_wconf 93' lang='lat' dir='ltr'>me</span> <span class='ocrx_word' id='word_1_443' title='bbox 2058 3491 2210 3546; x_wconf 82' lang='lat' dir='ltr'>DeuS,</span> <span class='ocrx_word' id='word_1_444' title='bbox 2244 3494 2292 3538; x_wconf 90' lang='lat' dir='ltr'>et</span> <span class='ocrx_word' id='word_1_445' title='bbox 2316 3490 2548 3538; x_wconf 87' lang='lat' dir='ltr'>discerne</span> <span class='ocrx_word' id='word_1_446' title='bbox 2578 3502 2700 3539; x_wconf 85' lang='lat' dir='ltr'>cau-</span> 
     </span>
     <span class='ocr_line' id='line_1_100' title="bbox 1783 3552 2697 3610; baseline 0.003 -12"><span class='ocrx_word' id='word_1_447' title='bbox 1783 3562 1893 3598; x_wconf 88' lang='lat' dir='ltr'>sam</span> <span class='ocrx_word' id='word_1_448' title='bbox 1912 3563 2078 3600; x_wconf 88' lang='lat' dir='ltr'>meam</span> <span class='ocrx_word' id='word_1_449' title='bbox 2101 3552 2162 3600; x_wconf 89' lang='lat' dir='ltr'>de</span> <span class='ocrx_word' id='word_1_450' title='bbox 2185 3557 2330 3610; x_wconf 82' lang='lat' dir='ltr'>gente</span> <span class='ocrx_word' id='word_1_451' title='bbox 2357 3564 2458 3599; x_wconf 89' lang='lat' dir='ltr'>non</span> <span class='ocrx_word' id='word_1_452' title='bbox 2481 3558 2659 3600; x_wconf 81' lang='lat' dir='ltr'>sane-ta</span> <span class='ocrx_word' id='word_1_453' title='bbox 2685 3568 2697 3601; x_wconf 91' lang='lat'>:</span> 
     </span>
    </p>
   </div>
  </div>
 </body>
</html>
