2910 4457
1012 367 1085 406 An
1126 368 1260 408 HAT.
1308 369 1378 409 m·
1418 368 1647 410 mouns.

283 482 419 530 tione
444 496 458 530 ι
504 481 628 540 quia
675 492 806 528 vana
847 479 988 528 salus
1033 481 1275 530 hominis.

344 544 402 591 In
422 543 527 590 Deo
551 541 796 590 faciemus
811 541 1053 590 virtutem
1074 558 1087 591 :
1111 548 1158 590 et
1176 542 1281 602 ipse

285 604 344 653 ad
357 603 580 652 nihilum
595 604 807 652 deducet
820 602 1053 652 inimicos
1062 609 1279 656 nostros-

579 665 824 712 Psalmus
845 664 983 725 cviij.

369 739 461 775 eus
501 726 707 774 laudem
744 738 910 774 meam
936 739 998 775 ne
1020 728 1237 777 tacueris
1262 744 1277 778 ε

369 789 494 849 quia
532 801 591 837 os
628 787 902 847 peccatoris
934 793 984 837 et
1018 801 1075 837 os
1116 790 1277 839 dolosi

280 862 429 910 super
457 863 541 899 me
563 854 793 908 apertum
817 854 910 897 est.

339 913 522 960 Locuti
542 917 665 958 sunt
689 912 958 959 adversum
990 924 1071 960 me
1099 912 1275 973 lingua

280 973 448 1022 dolosa
464 989 477 1022 t
491 979 540 1022 et
562 972 882 1020 sermonibus
897 974 998 1021 odii
1013 974 1276 1023 circunde-

280 1036 468 1084 derunt
509 1047 610 1093 me,
655 1038 704 1082 et
740 1042 1152 1095 expugnaverunt
1193 1048 1275 1085 me

279 1098 460 1158 gratis·

339 1159 441 1207 Pro
463 1170 521 1206 eo
542 1161 599 1206 ut
621 1168 705 1206 me
730 1156 1015 1216 diligerent,
1044 1158 1273 1208 detrabe-

277 1219 402 1268 bant
425 1220 560 1268 mihi
582 1234 595 1267 t
619 1232 712 1279 ego
729 1223 901 1267 autem
922 1220 1146 1268 orabam.

338 1282 406 1331 Et
426 1286 707 1341 posuerunt
727 1281 996 1329 adversum
1026 1294 1107 1329 me
1135 1280 1269 1330 mala

279 1355 369 1403 pro
395 1343 548 1391 bonis
571 1358 584 1393 :
612 1347 661 1391 et
688 1343 863 1391 odium
890 1355 981 1402 pro
1007 1343 1272 1392 dilectione

280 1417 409 1454 mea.

339 1465 606 1516 Constitue
628 1477 779 1525 super
793 1477 909 1513 eum
928 1469 1233 1524 peccatorem
1254 1480 1267 1515 ι

279 1531 325 1576 ει
345 1527 578 1577 diabolus
598 1532 695 1575 stet
715 1540 744 1575 a
766 1527 952 1575 dextris
972 1526 1099 1585 ejuS.

339 1590 473 1640 Cum
491 1589 771 1648 judicatur,
805 1594 943 1636 exeat
971 1590 1269 1638 condemna·

277 1657 360 1700 tus
384 1667 398 1700 ε
422 1656 471 1699 ει
492 1652 651 1698 oratio
667 1650 778 1709 ejns
799 1650 886 1698 fiat
914 1650 966 1696 in
985 1656 1264 1709 peccatum.

340 1714 494 1762 Fiant
509 1712 617 1761 dies
632 1712 676 1771 ej
684 1724 744 1759 us
760 1711 905 1771 pauci
925 1726 937 1759 z
953 1716 1001 1760 et
1021 1712 1269 1772 episcopa·

276 1780 387 1823 tum
411 1774 522 1833 eius
541 1774 750 1832 accipiat
770 1773 912 1821 alter.

339 1838 493 1884 Fiant
523 1835 618 1883 filii
648 1835 760 1895 ejus
783 1833 997 1894 orphani
1022 1848 1034 1882 ε
1064 1839 1113 1883 ει
1140 1847 1265 1884 uxor

278 1899 388 1958 eius
408 1898 586 1945 vidua.

340 1961 590 2009 Nutantes
621 1956 988 2006 transferantur
1030 1957 1124 2006 filii
1154 1958 1266 2018 ejus

276 2027 323 2070 ει
345 2021 637 2070 mendicent
657 2036 669 2068 ε
688 2026 735 2068 ει
755 2019 1021 2079 ejiciantur
1045 2021 1106 2069 de
1127 2020 1266 2069 habi-

276 2084 554 2132 tationibus
576 2082 702 2130 suis·

337 2146 600 2194 Scrutetur
627 2143 891 2192 foenerator
912 2155 1115 2191 omnem
1142 2143 1265 2192 sub-

277 2207 517 2257 stantiam
553 2205 662 2265 eJus
695 2220 709 2254 :
748 2210 796 2254 et
831 2204 1075 2265 diripiant
1109 2204 1264 2255 alieni

277 2270 471 2319 labores
490 2268 619 2327 ejus·
1246 2267 1251 2272 ‘

340 2332 452 2380 Non
482 2332 548 2379 sit
579 2329 653 2377 illi
682 2329 879 2389 adjutor
910 2343 928 2378 z
957 2340 1048 2378 nec
1078 2327 1146 2377 sit
1171 2328 1262 2390 qui

278 2394 581 2441 misereatur
598 2391 804 2451 pupillis
822 2391 948 2449 eius·

340 2455 494 2503 Fiant
524 2455 630 2502 nati
655 2454 767 2512 eius
788 2453 842 2500 in
869 2451 1133 2500 interitum
1161 2465 1173 2499 z
1203 2450 1259 2500 in

280 2516 599 2588 generatione
638 2527 744 2562 una
793 2513 1018 2563 deleatur
1075 2525 1259 2563 nomen

277 2590 406 2638 ejus,

340 2641 397 2689 ln
417 2637 719 2686 memoriam
737 2637 903 2685 redeat
918 2635 1162 2695 iniquitas
1180 2649 1262 2697 pa·

276 2707 414 2750 trum
431 2701 542 2759 ejus
566 2700 619 2747 in
647 2705 913 2758 conspectu
930 2699 1031 2746 Dni
1051 2713 1064 2746 t
1082 2702 1131 2746 et
1148 2711 1261 2759 pec-

270 2768 445 2814 catum
468 2761 650 2810 matris
670 2761 781 2821 ejus
802 2773 900 2808 non
924 2760 1166 2809 deleatur.

337 2825 490 2873 Fiant
512 2828 685 2871 eontra
700 2823 835 2870 Dr'im
849 2834 1063 2881 semper,
1095 2827 1143 2869 et
1163 2822 1262 2873 dis-

269 2891 443 2948 pereat
456 2887 518 2934 de
533 2891 666 2934 terra
685 2885 930 2933 memoria
940 2896 1115 2932 eorum
1134 2898 1149 2933 :
1171 2897 1260 2944 pro

269 2962 328 2998 eo
362 2948 498 3009 quod
537 2959 638 2994 non
669 2951 745 2995 est
780 2946 1070 2996 recordatus
1104 2945 1262 3009 facere

267 3009 699 3059 misericordiam:

334 3072 398 3121 Et
430 3075 723 3131 persecutus
751 3073 825 3117 est
860 3068 1119 3117 bominem
1157 3068 1262 3117 ino·

267 3145 385 3193 pem
404 3138 452 3182 et
468 3132 765 3180 mendicum
791 3147 805 3180 ι
826 3137 874 3181 ει
900 3135 1260 3190 compunctum

263 3196 416 3244 corde
438 3193 761 3242 mortificare.

330 3257 396 3306 Et
407 3256 585 3305 dilexit
601 3254 1020 3313 maledictionem,
1038 3257 1086 3303 et
1096 3253 1262 3303 veniet

264 3319 321 3367 ei
340 3324 420 3367 :et
442 3317 607 3366 uoluit
628 3316 1043 3374 benedictionem,
1060 3320 1109 3364 et
1122 3316 1263 3365 elon-

264 3381 470 3441 gabitur
491 3379 556 3427 ab
581 3391 657 3426 eo·

329 3443 396 3491 Et
450 3441 624 3490 induit
679 3439 1082 3488 maledictionem
1128 3437 1263 3487 sicut

264 3504 635 3554 vestimentum
655 3515 669 3549 z
693 3504 741 3550 et
755 3500 964 3551 intravit
978 3500 1109 3550 sicut
1128 3512 1260 3562 aqua

2284 350 2367 422 83

1378 482 1433 531 in
1468 483 1708 532 interiora
1735 485 1864 544 ejus,
1895 488 1944 533 et
1970 485 2101 533 sicut
2120 484 2287 536 oleum
2306 487 2362 536 in

1375 545 1577 593 ossibus
1596 546 1723 604 eius·

1438 607 1553 655 Fiat
1590 608 1636 656 ei
1678 607 1811 655 sicut
1856 608 2217 657 vestimentum
2261 622 2364 671 quo

1374 668 1597 740 operitur
1619 684 1632 718 z
1664 674 1711 717 et
1738 670 1870 718 sicut
1892 683 2016 719 zona
2041 683 2142 732 qua
2163 684 2362 732 semper

1374 731 1722 790 praeeingitur.

1434 792 1543 840 Hoc
1578 804 1707 850 opus
1739 802 1915 839 eorum
1953 794 2042 852 qui
2085 794 2361 844 detrabunt

1374 852 1502 901 mihi
1528 853 1661 911 apud
1685 853 1820 900 Diim
1845 866 1858 898 t
1884 857 1932 900 et
1962 855 2053 913 qui
2082 856 2361 915 loquuntur

1372 915 1507 963 mala
1529 915 1770 962 adversus
1791 912 2018 962 animam
2041 928 2226 966 meam.

1434 976 1499 1025 Et
1527 980 1582 1022 tu
1614 975 1725 1023 Dne
1744 974 1872 1033 Dine,
1893 975 1968 1023 l'ac
1987 989 2186 1025 mecum
2211 992 2363 1040 prop-

1371 1041 1445 1086 ter
1480 1049 1662 1085 nomen
1700 1042 1847 1084 tuum
1883 1050 1895 1084 t
1926 1038 2047 1098 quia
2077 1041 2250 1089 suavis
2285 1047 2361 1092 est

1370 1098 1715 1147 misericordia
1739 1103 1843 1146 tua.

1430 1161 1610 1209 Libera
1628 1174 1725 1220 me,
1744 1160 1865 1220 quia
1888 1172 2079 1221 egenus
2094 1166 2142 1210 et
2167 1175 2357 1223 pauper

1366 1235 1459 1282 ego
1481 1235 1596 1271 sum
1623 1238 1635 1271 ε
1652 1226 1700 1271 ει
1716 1234 1799 1271 cor
1816 1235 1988 1272 meum
2001 1225 2358 1276 conturbatum

1365 1289 1443 1333 est
1465 1286 1599 1333 intra
1623 1297 1720 1332 me.

1428 1347 1569 1395 Sicut
1591 1346 1773 1395 umbra
1791 1343 1908 1394 eum
1925 1345 2141 1395 declinat
2159 1348 2362 1400 ablatus

1364 1419 1482 1455 sum
1507 1423 1519 1457 ε
1537 1412 1585 1456 ει
1605 1419 1842 1456 excussus
1855 1421 1969 1455 sum
1986 1409 2119 1456 sicut
2135 1410 2355 1460 locustae.

1425 1469 1601 1517 Genua
1628 1482 1739 1516 mea
1778 1468 2035 1518 infirmata
2069 1477 2244 1520 sunta
2278 1473 2358 1531 je-

1358 1527 1510 1590 Junio
1545 1546 1558 1580 :
1594 1535 1643 1578 et
1674 1542 1788 1577 caro
1828 1542 1940 1578 mea
1981 1531 2249 1580 immutata
2281 1538 2357 1583 oet

1362 1597 1565 1651 propter
1590 1591 1777 1639 oleum.

1423 1653 1488 1701 Et
1503 1666 1592 1714 ego
1614 1653 1773 1701 sactus
1800 1663 1917 1699 sum
1942 1652 2269 1712 opprobrium
2291 1654 2356 1703 il-

1362 1714 1452 1765 lis:
1477 1716 1715 1764 viderunt
1731 1726 1829 1774 me,
1847 1719 1896 1763 et
1906 1720 2175 1765 moverunt
2189 1718 2354 1777 capita

1360 1789 1473 1826 sua.

1424 1838 1628 1898 Adiuva
1654 1849 1737 1887 me
1760 1837 1869 1887 Dne
1893 1838 2031 1888 Deus
2049 1851 2224 1890 meus:
2253 1841 2355 1889 sal-

1359 1910 1483 1948 vum
1513 1913 1596 1948 me
1636 1900 1711 1949 rac
1748 1902 2028 1950 secundum
2064 1902 2354 1952 misericor-

1359 1961 1501 2011 diam
1537 1966 1698 2010 tuam.

1419 2023 1483 2071 Et
1502 2023 1666 2071 sciant
1685 2022 1807 2082 quia
1827 2034 2013 2070 manus
2033 2026 2121 2071 tua
2143 2022 2247 2071 baec
2269 2028 2350 2074 :et

1358 2088 1415 2133 tu
1437 2085 1549 2131 Dite
1570 2083 1729 2131 fecisti
1743 2095 1873 2131 eam.

1419 2145 1723 2196 Maledicent
1756 2144 1848 2201 illi,
1883 2147 1932 2191 et
1953 2147 2009 2190 tu
2046 2142 2308 2194 benedices
2333 2161 2350 2196 ε

1358 2208 1449 2269 qui
1472 2207 1745 2266 insurgunt
1766 2205 1819 2254 in
1840 2216 1922 2254 me
1942 2203 2349 2271 confundantur3

1357 2282 1535 2320 servus
1550 2274 1718 2317 autem
1740 2273 1860 2314 tuus
1875 2266 2144 2315 laetabitur.

1418 2332 1705 2380 Induantur
1726 2329 1816 2389 qui
1828 2329 2099 2377 detrahunt
2111 2329 2240 2377 mibi
2262 2342 2350 2389 pu-

1357 2394 1477 2444 dore
1514 2407 1528 2442 z
1561 2397 1608 2441 et
1640 2391 1932 2451 operiantur
1963 2391 2095 2439 sicut
2132 2391 2351 2452 diploide

1357 2468 1448 2505 con
1457 2454 1653 2502 fusione
1671 2465 1784 2502 sua.

1420 2517 1701 2567 Confitebor
1719 2516 1833 2564 Duo
1855 2513 2011 2563 nimis
2025 2514 2078 2563 in
2099 2527 2185 2563 ore
2199 2527 2313 2565 meo
2333 2531 2347 2567 ε

1357 2585 1405 2629 ει
1416 2580 1472 2628 in
1488 2578 1655 2628 medio
1669 2579 1950 2626 multorum
1974 2577 2187 2625 laudabo
2207 2591 2346 2627 eum.

1417 2641 1523 2701 Qui
1553 2640 1713 2687 astitit
1732 2652 1760 2687 a
1781 2639 1969 2687 dextris
2001 2639 2266 2697 pauperis:
2291 2644 2348 2686 ut

1354 2703 1547 2751 salvam
1562 2702 1741 2749 laceret
1759 2712 1787 2747 a
1808 2699 2227 2758 persequentibus
2238 2699 2352 2748 ani-

1358 2776 1498 2813 mam
1522 2773 1710 2809 meam.

1417 2823 1589 2873 Gloria
1620 2819 1780 2871 Patri.
1816 2820 1881 2868 Α.
1912 2816 2195 2868 Confitebor
2233 2819 2349 2870 Dfio

1356 2884 1516 2936 nimis
1541 2885 1697 2931 inore
1721 2894 1851 2930 meo.
1975 2906 1978 2909 >

1418 2945 1480 3009 Ῠ.
1503 2947 1612 2994 Βῇε
1644 2943 1823 2994 exaudi
1850 2943 2130 2992 orationem
2157 2955 2346 2995 meam.

1354 3021 1421 3074 132.
1451 3009 1518 3058 Et
1538 3008 1726 3057 clamor
1760 3006 1929 3069 [meus
1948 3006 2011 3055 ad
2032 3011 2081 3055 te
2102 3006 2313 3070 veniatJ.

1417 3132 1574 3181 ANTE
1593 3133 1799 3180 Laupas
1816 3126 1877 3190 ᾧ.
1901 3129 2015 3177 Fiat
2030 3129 2149 3177 mis,
2163 3130 2229 3189 (p.
2248 3129 2348 3189 38.)

1417 3195 1483 3241 1η
1515 3192 1771 3242 Laudibus
1803 3194 1866 3240 A.
1912 3190 2137 3249 Benigne
2170 3190 2244 3238 fac
2291 3191 2345 3239 in

1354 3256 1486 3304 bona
1516 3256 1772 3304 voluntate
1803 3258 1889 3301 tua
1924 3253 2052 3301 Dite.
2074 3251 2166 3301 Ps.
2193 3252 2349 3305 Mise-

1356 3330 1466 3366 rere
1486 3315 1605 3367 mei.
1635 3315 1788 3377 (ibid.)
2005 3373 2017 3385 .

1665 3376 1908 3425 Psalmus
1927 3386 2033 3435 ωε).

1438 3452 1598 3488 onum
1617 3445 1690 3487 est
1711 3436 1936 3487 confiteri
1961 3437 2074 3485 Dfio
2101 3451 2114 3486 ε
2146 3441 2194 3486 ει
2214 3436 2347 3496 psal-

1440 3502 1541 3554 lere
1567 3499 1766 3551 nomini
1789 3505 1893 3560 tuo,
1916 3498 2199 3549 Altissime.
