2910 4457
240 330 430 400 conn.]
992 351 1066 388 DE
1094 353 1494 391 comuzromo.
2156 346 2243 398 xci

302 486 334 509 ‘⁴
361 479 446 532 Ab
485 480 583 532 Ιιύι·
617 479 700 530 die
735 479 979 530 dicantur
1018 479 1284 549 Capitula,
1309 483 1535 552 Hymni,
1568 484 1838 550 Versiculi,
1861 497 1909 539 et
1945 490 2090 543 An'ae
2122 510 2239 544 eum

228 572 261 596 ‘⁴
290 584 495 630 neuma,
518 565 632 618 nia
667 565 734 615 ad
766 564 962 628 Hora-5,
986 575 1033 617 et
1065 565 1245 619 Preces
1275 569 1344 619 ad
1369 570 1610 622 Primam
1640 581 1688 623 et
1719 574 1788 625 ad
1816 574 2034 645 Compl.‚
2067 588 2115 629 et
2149 578 2238 630 Fi-

225 656 258 681 ⁴‘
290 651 493 704 delium
517 653 709 704 animae
736 650 863 702 &c.''

304 738 371 791 In
420 738 619 808 Compl.
661 754 744 802 xv,
796 738 1006 807 Hymni
1042 738 1389 792 Eboracensis
1432 742 1738 796 tetrasticha
1769 746 1940 813 prima
1981 757 2236 814 quattuor

223 823 415 876 cadem
446 832 571 877 sunt
604 841 727 892 quae
768 825 823 875 in
867 821 1064 893 Compl.
1099 825 1244 894 oeiizjj.
1280 828 1347 882 Ἡ.
1383 833 1564 878 autem
1604 827 1762 880 Ebor.
1800 837 1895 890 est,
1932 831 2237 885 “Ascendit

230 911 385 964 Deus
407 913 463 963 in
480 911 814 979 jubilatione.
890 909 964 961 Et
991 909 1120 962 D’ns
1144 912 1200 962 in
1227 928 1350 963 voce
1375 912 1535 975 tubae,
1559 913 1737 966 All’a.''
1765 913 1877 983 (Cf.
1901 916 1988 967 Ps.
2014 921 2101 980 46,
2126 922 2197 986 5.)

303 997 368 1048 Ρ.
401 1001 502 1049 106
525 1014 573 1049 a.
601 996 670 1048 In
700 994 900 1064 Compl.
925 996 1029 1064 a‘tgj,
1053 1013 1147 1065 pro
1183 995 1402 1064 Hymno
1429 997 1688 1063 Salvator,
1713 1001 1769 1051 in
1796 1000 1889 1052 Br.
1919 1002 2076 1054 Ebor.
2103 1003 2232 1055 dici-

226 1093 320 1134 tur
345 1083 602 1151 Hymnus
622 1083 751 1133 Jesu
776 1080 1033 1133 Salvator.
1059 1090 1122 1133 ut
1145 1083 1200 1133 in
1229 1082 1427 1152 Compl.
1462 1085 1608 1154 xiitj.
1656 1091 1725 1143 Ἡ.
1751 1095 1929 1139 autem
1965 1097 2060 1149 est,
2085 1094 2116 1117 ⁴⁴
2140 1089 2231 1156 Sp.

229 1170 463 1222 Sanctus
489 1169 695 1221 docebit
719 1184 827 1219 vos·
852 1171 926 1223 311.
951 1165 1179 1220 Omnem
1204 1170 1496 1233 veritatem,
1519 1171 1698 1223 All'a.''

300 1252 499 1323 Compl.
523 1253 662 1323 aemjj)
700 1252 767 1305 In
804 1252 894 1303 Br.
922 1252 1083 1306 Ebor.
1120 1253 1407 1322 Sequentia
1440 1261 1473 1286 ‘⁴
1493 1257 1651 1310 Alma
1680 1258 1869 1311 chorus
1901 1261 2031 1313 &c.’'
2056 1263 2110 1312 in
2146 1263 2231 1313 die

224 1344 383 1396 Pent.
410 1350 466 1395 et
488 1342 620 1394 feria
643 1341 698 1408 iij
726 1340 944 1392 tantum
968 1340 1189 1403 dicitur3
1224 1341 1356 1394 seria
1381 1343 1505 1395 vero
1529 1344 1564 1411 ij
1594 1352 1648 1395 et
1670 1345 1745 1413 iiij
1774 1355 2076 1413 sequentes:

223 1471 421 1518 Laudes
445 1470 532 1516 deo
555 1469 752 1515 devotas
1261 1466 1391 1514 Pura
1413 1468 1506 1514 sibi
1529 1475 1697 1530 aptans
1718 1468 1995 1517 habitacula
2019 1492 2030 1526 ς

220 1550 377 1598 Dulci
398 1564 513 1596 voce
534 1564 590 1595 ac
613 1549 785 1593 sonora
1259 1547 1624 1594 charismatum
1645 1554 1693 1595 et
1714 1564 1917 1596 munera

224 1630 370 1676 Plebs
392 1627 595 1675 resultet
619 1626 886 1674 Catholica.
1261 1627 1544 1674 Pectoribus
1567 1629 1743 1675 nostris
1766 1628 1876 1690 pius
1898 1629 2135 1687 infundat,

219 1709 433 1771 Spiritus
457 1707 622 1754 Sancti
642 1706 798 1767 gratia
1250 1705 1363 1752 Vita
1385 1712 1551 1754 nostra
1573 1714 1628 1754 ut
1650 1709 1692 1754 ei
1716 1709 2028 1771 complaceat.

217 1789 470 1852 Apostolis
493 1788 569 1834 die
588 1787 821 1834 hodierna
1251 1787 1344 1832 Per
1369 1787 1661 1834 saeculorum
1685 1789 1866 1836 saecula

218 1872 283 1917 In
304 1869 461 1930 igneis
480 1867 662 1928 linguis
685 1874 758 1913 est
777 1865 939 1912 infusa
1254 1866 1629 1935 Conclamemus
1652 1867 1895 1930 Alleluja!

218 1949 449 1998 Paracliti
470 1947 742 2010 praesentia.
1253 1947 1326 1992 Sit
1370 1947 1478 1993 Deo
1519 1947 1628 1993 laus
1670 1954 1900 2008 potestate,

218 2030 472 2078 Emundet
491 2043 578 2075 nos
599 2042 628 2073 a
648 2027 833 2089 peccati
856 2025 1067 2081 macula,
1320 2026 1485 2082 honor,
1509 2027 1678 2081 virtus,
1704 2033 1751 2073 et
1769 2027 1935 2088 gloria.

293 2150 354 2202 Ρ.
385 2152 485 2199 106
508 2148 561 2209 b,
585 2146 619 2197 l.
655 2150 695 2196 1.
723 2143 826 2194 Pro
850 2145 998 2194 saecla
1029 2144 1170 2196 male
1200 2144 1289 2195 ΒΥ.
1320 2143 1478 2195 Ebor.
1504 2142 1709 2195 saecula.
1742 2145 1809 2199 Ἡ.
1846 2155 2022 2196 autem
2063 2143 2218 2196 Ebor.

215 2239 274 2288 in
299 2235 384 2288 die
409 2247 464 2287 et
484 2249 577 2303 per
599 2231 752 2284 hebd.
778 2231 917 2282 idem
942 2238 1022 2282 est
1045 2232 1136 2298 qui
1162 2233 1218 2282 in
1243 2231 1364 2298 Vig.
1393 2230 1741 2282 PentecosteS.

288 2325 323 2374 l.
356 2326 407 2385 3,
431 2326 483 2373 4.
520 2319 767 2388 Hymnus
800 2314 1060 2381 Salvator]
1100 2316 1164 2368 In
1193 2317 1284 2369 Br.
1315 2317 1475 2387 Ebpr.
1500 2322 1533 2347 ‘⁴
1554 2317 1801 2387 Hymnus
1823 2316 1860 2368 J
1864 2335 1956 2370 esu
1983 2315 2222 2369 Salvator

220 2409 300 2478 [v.
332 2405 527 2477 Compl.
551 2403 709 2473 xiiij]
739 2421 854 2454 cum
877 2402 1103 2454 versibus
1129 2425 1146 2455 .-

217 2543 247 2563 ⁴‘
275 2536 478 2582 Dudum
499 2538 685 2579 sacrata
704 2529 923 2591 [pectora
1261 2534 1290 2556 ⁴⁴
1316 2532 1390 2577 Sit
1410 2531 1518 2577 laus
1544 2531 1674 2577 Patri
1701 2529 1840 2591 [cum
1864 2530 2017 2577 Filio:

215 2621 244 2642 ⁴⁴
268 2617 374 2663 Tua
396 2613 590 2675 replesti
610 2611 791 2673 gratia:
1251 2615 1282 2637 ⁴⁴
1309 2612 1486 2657 Sancto
1509 2612 1658 2657 simul
1683 2610 1921 2656 Paraelito
1940 2628 1949 2654 :

216 2701 245 2722 ‘⁴
271 2695 479 2743 Dimitte
498 2706 630 2738 nunc
648 2688 945 2751 peccamina,
1255 2694 1283 2715 ⁴⁴
1310 2690 1358 2736 N
1363 2690 1562 2751 obisque
1585 2690 1747 2735 mittat
1771 2688 1927 2734 Filius

213 2779 242 2801 ‘⁴
269 2775 336 2821 Et
358 2773 420 2820 da
441 2771 604 2833 quieta
624 2767 882 2829 tempora}
1073 2777 1120 2817 et
1252 2774 1281 2796 ‘⁴
1309 2769 1565 2815 Charisma
1589 2768 1754 2814 Sancti
1788 2766 2039 2829 Spiritus}

210 2897 241 2919 ‘⁴
266 2890 349 2941 Hi
390 2889 491 2940 duo
528 2902 697 2937 versus
735 2883 1116 2954 subjunqantur
1153 2881 1218 2950 [i.
1246 2899 1290 2933 e.
1328 2878 1551 2931 versibus
1589 2878 1910 2940 Quaesumus
1946 2889 1994 2931 et
2032 2880 2215 2932 Gloria

205 2981 237 3004 “
261 2972 664 3039 substituantur]
698 2971 767 3022 ad
802 2989 970 3023 omnes
1002 2970 1242 3040 Hymnos
1275 2966 1421 3036 infra
1467 2966 1579 3017 Oct.
1619 2965 1769 3017 Pent.
1804 2984 2020 3034 quorum
2055 2976 2214 3016 metro

216 3066 244 3089 ‘⁴
271 3056 621 3112 conveniunt.''

272 3146 340 3198 In
381 3141 577 3209 Compl.
614 3144 749 3212 xviij
782 3141 927 3211 apud
965 3141 1055 3193 Br.
1098 3140 1257 3192 Ebor.
1297 3147 1349 3191 et
1389 3138 1571 3190 Heres.
1610 3138 1743 3190 An’a
1778 3138 1847 3190 ad
1887 3138 2043 3189 Nunc
2080 3140 2207 3189 dim.

211 3232 392 3284 eadem
417 3237 498 3283 est
521 3244 641 3296 quae
664 3229 722 3279 in
752 3226 955 3296 Compl.
980 3227 1047 3296 τῇ.

274 3317 395 3368 Hoc
424 3312 621 3379 Compl.
647 3312 844 3364 dicitur
865 3312 987 3382 65c.]
1027 3311 1096 3364 In
1123 3311 1213 3363 Br.
1243 3309 1426 3363 Heres.
1454 3309 1691 3361 Rubrica
1712 3317 1819 3361 est:

272 3409 305 3433 ‘⁴
334 3403 411 3454 Et
445 3402 521 3452 sic
553 3399 753 3451 dicitur
779 3399 973 3469 Compl.
1008 3401 1069 3451 in
1105 3396 1341 3450 omnibus
1363 3396 1522 3464 festis
1549 3390 1956 3464 principalibus,
1981 3391 2208 3460 duplici-
