2910 4457
975 380 1048 419 Au
1090 380 1538 426 couri-tronum.
2176 378 2289 438 101

278 469 544 531 Quoniam
566 472 621 521 tn
640 484 723 523 me
733 477 969 534 speravit,
994 470 1214 528 liberabo

1396 481 1664 532 Canticum
1685 482 1950 535 Simeonis.
1982 488 2129 539 Lucoe

1372 543 1522 593 Nunc
1536 545 1754 596 dimittis
1772 560 1977 598 servum
1995 504 2295 605 tuumYino:

1309 606 1590 655 secundum
1614 609 1823 657 verbum
1842 616 1988 659 tuum
2007 613 2060 662 in
2079 626 2215 673 pace.

1308 730 1329 773 t
1372 665 1508 726 Quia
1530 669 1766 720 viderunt
1780 674 1908 722 oculi
1930 675 2031 724 mei
2050 678 2298 727 :salutaro

1332 739 1478 776 uum.

1370 788 1519 849 Quod
1550 793 1739 849 parasti
1774 808 1788 843 :
1821 798 1938 845 ante
1978 798 2156 849 faciem
2185 813 2296 850 om-

1308 849 1455 898 nium
1478 854 1796 911 populorum.

1367 912 1563 961 Lumen
1580 915 1643 963 ad
1665 915 2015 966 revelationem
2034 923 2293 980 gentium:

1305 977 1354 1021 et
1377 974 1589 1031 gloriam
1611 976 1768 1035 plebis
1789 982 1887 1025 tuae
1902 980 2075 1031 Israel.

1367 1034 1539 1085 Gloria
1562 1037 1720 1088 Patri.
1742 1040 1805 1087 A.
1826 1040 2075 1092 VeniDne
2089 1044 2294 1097 visitare

1306 1108 1399 1145 nos
1436 1098 1491 1147 in
1523 1111 1668 1159 pace:
1692 1105 1749 1149 ut
1780 1101 2007 1153 laetemur
2044 1117 2215 1157 coram
2246 1115 2293 1158 te

1305 1159 1452 1208 corde
1479 1160 1711 1219 perfecto.

1366 1220 1528 1281 Kyrie
1564 1223 1626 1271 el.
1661 1229 1752 1273 etc.
1779 1224 2070 1287 Sequuntur
2090 1227 2289 1281 Preces.

1364 1282 1479 1331 Hoc
1513 1284 1904 1346 Completorium
1930 1302 2037 1336 non
2057 1296 2292 1341 mutatur

1301 1344 1360 1391 in
1379 1345 1631 1404 Adventu,
1646 1348 1750 1395 nisi
1767 1348 1824 1395 in
1843 1348 1989 1409 festis
2008 1352 2291 1413 duplicibus

1300 1404 1448 1465 infra
1498 1408 1629 1457 Adv.
1672 1410 2075 1471 continqentibus
2115 1431 2130 1460 .·
2168 1421 2289 1464 tunc

1301 1467 1436 1515 enim
1458 1474 1691 1517 mutatur
1704 1471 1947 1531 Hymnus
1962 1474 2289 1537 solummodo,

1302 1534 1352 1577 et
1371 1528 1560 1578 dicitur
1576 1530 1825 1589 Hymnus
1852 1533 2079 1581 Salvator
2107 1534 2183 1597 [ut
2204 1538 2288 1585 in-

1296 1588 1428 1651 fra].
1452 1590 1527 1637 Et
1553 1592 1657 1638 nisi
1675 1592 1731 1637 in
1759 1593 2086 1654 conceptione
2117 1597 2289 1649 Beatoe

1298 1651 1487 1701 Marioe
1498 1665 1612 1700 cum
1623 1652 1768 1713 infra
1783 1656 1914 1703 Adv.
1925 1656 2169 1706 celebrata
2184 1658 2287 1719 fue-

1297 1713 1395 1762 rit.-
1418 1719 1541 1761 tunc
1550 1716 1749 1762 enimin
1762 1715 1861 1777 fine
1877 1717 2082 1781 Hymni
2097 1722 2288 1771 dicitur

1359 1773 1532 1824 Gloria
1553 1777 1648 1825 tibi
1668 1778 1897 1839 Domine,

1359 1836 1465 1896 Qui
1503 1844 1651 1889 natus
1682 1853 1734 1889 es
1776 1840 1854 1903 [de
1890 1841 2122 1906 Virgine,

1359 1898 1490 1948 Cum
1508 1900 1655 1950 Patre
1676 1907 1723 1950 et
1740 1903 1920 1953 Sancto
1936 1905 2150 1969 Spiritu,

1356 1959 1453 2010 Per
1469 1964 1773 2087 sempigtebna
1788 1966 1987 2074 εαῖοψι.
2006 1966 2214 2031 Amen.]

1715 2038 1798 2072 om
1858 2060 1871 2074 .
1904 2040 1962 2085 '’J-

1355 2083 1421 2129 In
1463 2084 1613 2144 Viqil.
1644 2039 1831 2136 Nativl.)
1843 2086 1953 2134 Dm·
1978 2088 2049 2135 ad
2088 2090 2280 2152 Compi.

1292 2154 1447 2203 super
1486 2145 1724 2193 Psalmos
1767 2148 1832 2196 A.
1875 2148 2045 2197 Estote
2089 2154 2278 2214 parati,

1292 2204 1489 2255 similes
1545 2206 1839 2259 bominibus
1907 2214 2281 2271 expectantibus

1291 2267 1447 2323 Dum,
1478 2270 1681 2329 quando
1708 2276 1985 2321 revertatur
2014 2286 2044 2322 a
2067 2277 2277 2336 nuptiis.

1291 2327 1383 2377 Pe.
1407 2328 1538 2378 cum
1558 2331 1862 2393 invocarem,
1887 2339 1937 2384 et
1949 2338 2113 2386 coeteri
2134 2338 2279 2388 Psal-

1293 2391 1364 2439 mi
1371 2393 1614 2443 consueti.
1634 2394 1757 2455 Cap.
1768 2395 1847 2445 Tu
1861 2397 1914 2446 in
1927 2397 2073 2447 nobis
2081 2412 2152 2449 es,

1648 2456 1913 2518 Hymnus·

1295 2513 1558 2624 Salvator
1579 2521 1763 2569 mundi
1782 2520 2014 2583 Domine,

1292 2589 1311 2620 ι
1366 2576 1470 2637 Qui
1492 2591 1584 2628 nos
1604 2581 1808 2630 salvasti
1832 2583 2011 2634 hodie:

1287 2636 1348 2684 Iu
1370 2639 1464 2688 hac
1487 2646 1629 2688 nocte
1650 2654 1741 2689 nos
1762 2648 1978 2704 protege,

1287 2696 1351 2747 Et
1371 2701 1511 2748 salva
1532 2702 1673 2748 omni
1694 2707 1932 2762 tempore.

1350 2761 1539 2810 Adesto
1563 2775 1698 2809 nunc
1713 2764 1977 2827 propitiuS,

1286 2821 1351 2872 Et
1372 2834 1519 2881 parce
1537 2824 1972 2883 supplicantibus:

1286 2883 1366 2932 Tu
1386 2884 1494 2932 dele
1513 2890 1683 2932 nostra
1706 2886 1941 2949 crimina,

1285 2944 1365 2994 Tu
1386 2947 1617 2996 tenebras
1632 2948 1887 2999 illumina.

1347 3007 1422 3058 Ne
1443 3014 1663 3057 mentem
1680 3022 1892 3061 somnus
1911 3012 2179 3076 opprimat,

1286 3068 1388 3118 Nec
1408 3070 1567 3119 hostis
1589 3083 1680 3120 nos
1700 3074 1975 3134 surripiat:

1284 3129 1387 3180 Nec
1407 3132 1527 3180 ullis
1546 3144 1660 3181 caro
1686 3135 1945 3199 (petimus)

1285 3190 1691 3243 Commaculetur
1711 3197 1963 3245 sordibus.

1347 3256 1417 3304 Te
1427 3255 1741 3305 Reformator
1755 3270 2018 3318 sensuum,

1282 3317 1429 3367 Votis
1450 3330 1713 3377 precamur
1735 3320 1962 3368 cordium
1983 3333 1997 3379 3

1284 3380 1354 3428 Ut
1373 3379 1492 3439 puri
1510 3380 1661 3428 castis
1679 3381 1937 3429 mentibus

1285 3442 1569 3500 Surgamus
1588 3453 1615 3489 a
1637 3442 1907 3490 cubilibus,

1344 3502 1448 3552 Deo
1468 3502 1609 3552 Patri
1628 3504 1695 3552 sit
1717 3504 1892 3564 gloria,
