2910 4457
601 702 1050 766 MONITUM
1098 703 1640 767 GENERALEfl.
1736 676 1739 679 ’

191 865 438 922 Uberius
481 862 744 939 posthae,
794 862 1014 919 favente
1067 863 1209 926 Deo,
1239 871 1358 919 tam
1402 865 1473 920 de
1512 864 1681 939 hujus
1720 864 1982 922 editionis
2028 867 2115 921 ra'-

113 961 282 1025 ·tione,
312 963 484 1036 quam
513 960 585 1015 de
613 959 788 1033 ipsius
815 959 1088 1015 Breviarii
1126 958 1558 1015 Sarisburiensis
1596 961 1781 1025 nodis,
1821 980 1944 1034 quae
1982 979 2124 1034 opus

105 1042 116 1077 '⁵
123 1056 323 1112 fuerint
377 1054 703 1129 exposituri,
761 1072 915 1109 nuno
978 1054 1202 1129 quidem
1256 1073 1324 1110 ea
1385 1055 1610 1112 tantfim
1667 1074 1790 1129 quae
1845 1055 2126 1129 praecipue

125 1150 441 1207 necessaria
463 1151 733 1214 videntur,
763 1149 1011 1205 breviter
1034 1169 1137 1223 pro
1164 1157 1418 1225 tempore
1444 1152 1714 1208 lectorem
1734 1151 2123 1209 admonemus,

210 1244 418 1319 Itaque,
466 1253 528 1300 ut
580 1246 651 1301 de
700 1244 962 1301 subsidiis
1016 1246 1215 1319 quibus
1259 1247 1317 1301 in
1372 1255 1537 1303 textu
1592 1246 1979 1304 concinnando
2033 1246 2121 1302 usi

124 1341 294 1396 simus
339 1341 638 1422 loquamur
679 1341 944 1415 primum,
988 1341 1314 1406 amicorum,
1361 1361 1426 1398 ac
1465 1325 1779 1417 praesertim
1825 1342 1989 1397 unius
2031 1342 2124 1415 qui

128 1438 215 1506 (ne
238 1437 476 1493 ulterius
504 1436 846 1511 singularem
874 1436 993 1510 ejus
1019 1437 1355 1493 modestiam
1376 1438 1749 1509 offendamus)
1772 1455 2125 1511 nequaquam

126 1531 174 1586 in
199 1532 308 1588 hoc
353 1531 540 1595 solum
568 1549 737 1605 opere
763 1532 1149 1605 promovendo
1175 1532 1332 1605 pium
1365 1550 1504 1607 erga
1529 1532 1839 1588 Ecclesiam
1873 1531 2123 1586 animum

129 1627 777 1692 ostendit‚—amicorum
815 1628 1043 1703 inquam
1081 1628 1419 1703 benignitati
1460 1629 1746 1692 debemuS,
1779 1625 1930 1701 quod
1963 1627 2123 1683 nobis

125 1724 202 1778 vel
233 1725 294 1779 in
335 1723 491 1780 terra
531 1723 831 1798 peregrina
867 1724 1212 1782 rarissimum
1260 1724 1411 1781 hunc
1451 1725 1655 1781 librum
1693 1724 1884 1780 recudi
1921 1742 2118 1779 curan-

128 1819 278 1884 tibus,
309 1820 549 1894 Proprz'i
591 1821 657 1875 de
702 1821 955 1895 Tempore
988 1821 1269 1879 Adventffls
1296 1829 1579 1896 quattuor,
1607 1820 1877 1877 Psalterii
1915 1827 1974 1877 et
2022 1820 2117 1881 Vi-

124 1914 369 1986 filiarum
403 1916 486 1972 M
481 1924 759 1972 ortuorum
799 1936 913 1972 non
952 1916 1137 1972 minus
1192 1937 1292 1974 sex
1334 1918 1611 1974 editiones
1663 1914 1952 1990 antiquae,''
1973 1934 2116 1989 prae-

126 2017 201 2065 sto
258 2018 472 2068 essent.
589 2011 747 2079 Quas
789 2019 1146 2076 omneS,-et
1186 2022 1391 2088 praeter
1432 2013 1554 2078 has,
1610 2012 1890 2069 variantes
1951 2029 2115 2083 quas-

126 2103 256 2170 dam,
317 2124 521 2179 easque
578 2106 810 2162 minime
857 2107 1101 2171 inutileS,
1147 2108 1205 2163 in
1251 2108 1410 2164 initio
1465 2108 1696 2182 Propria·
1748 2108 1812 2161 de
1869 2107 2123 2180 Tempore

120 2201 397 2258 Adventvis
423 2220 458 2257 a
481 2202 900 2277 nobismetipsis
935 2220 967 2258 e
1006 2201 1163 2258 libris
1201 2202 1523 2259 Bodleianis
1553 2202 1675 2275 jam
1712 2207 1843 2256 ante
1875 2198 2119 2272 descrip-

103 2283 114 2296 ⁵
127 2299 202 2351 ‘as
236 2296 929 2370 lectiones,-—ubicunque
966 2298 1059 2352 vel
1091 2297 1324 2351 minima
1358 2296 1428 2350 de
1455 2296 1590 2350 vera
1613 2294 1853 2350 lectione
1882 2292 2122 2367 suspicio

105 2398 246 2458 orta
281 2390 376 2455 sit,
425 2408 634 2465 semper
676 2392 1088 2456 contulimusb;
1132 2389 1200 2446 ea
1241 2390 1451 2446 scilicet
1479 2388 1699 2446 servata
1725 2390 1871 2464 lege,
1908 2407 2023 2445 non
2061 2388 2121 2444 in

105 2465 282 2548 iunius
324 2486 576 2561 cujusvis
621 2486 761 2544 vitia
792 2488 1002 2561 jurare,
1042 2487 1144 2542 sed
1170 2492 1366 2542 contra
1404 2504 1478 2542 ex
1502 2485 1838 2542 editionibus
1865 2484 2122 2540 omnibus

173 2636 192 2657 ⁸
224 2630 301 2678 De
321 2630 422 2677 hae
452 2629 605 2676 altera
634 2627 1093 2689 Prolegomenorum
1129 2629 1334 2676 editione
1365 2628 1616 2676 Monitum
1648 2629 1856 2676 alterum
1875 2634 1985 2690 post
2014 2626 2121 2689 ipsa

109 2709 461 2774 Prolegomena
483 2710 610 2757 vide.
650 2710 827 2757 Confer
846 2710 989 2757 etiam
1011 2717 1175 2757 notam
1196 2711 1413 2773 proxime
1437 2716 1733 2771 sequentem.

173 2790 194 2821 ¹²
225 2792 340 2855 (Ed.
368 2791 448 2853 2.)
474 2791 596 2837 Post
617 2790 1076 2851 Prolegomenorum
1097 2791 1356 2837 editionem
1378 2790 1587 2852 priorem
1619 2789 1934 2850 divulgatam,
1957 2786 2121 2849 plures

108 2877 200 2921 tam
234 2871 491 2921 Breviarii
528 2871 901 2918 Sarisburiensis
936 2875 1084 2932 quam
1116 2871 1323 2918 aliorum
1354 2871 1591 2918 librorum
1624 2869 1985 2931 Liturgicorum
2019 2868 2118 2915 edi-

104 2955 255 3002 tiones
278 2954 538 3015 antiquaS‚
554 2953 735 3015 partim
758 2952 928 2999 amicis
945 2968 1112 3000 eorum
1128 2968 1274 2999 usum
1294 2953 1502 3015 benigne
1520 2953 1859 3014 praebentibus,
1876 2951 2120 3015 praecipue

104 3040 212 3081 vero
233 3035 289 3081 in
314 3032 455 3081 Bibl.
483 3032 770 3089 Bodleiana,
786 3032 838 3078 in
858 3032 977 3079 locis
998 3033 1363 3081 notabilioribus
1383 3033 1703 3096 inspeximus,
1727 3040 1871 3096 atque
1892 3033 2003 3080 inde
2024 3047 2123 3079 non

103 3129 258 3176 pauca
275 3115 341 3161 ad
360 3114 462 3161 hoc
485 3129 611 3176 opus
635 3111 975 3174 ampliandum
997 3119 1046 3159 et
1068 3113 1424 3161 emendandum
1445 3114 1623 3161 lucrati
1652 3130 1840 3162 sumus.
1902 3113 2122 3175 Agendae

105 3201 221 3242 sunt
243 3202 419 3241 autem
441 3194 616 3256 gratiae
640 3192 874 3239 maximae
899 3199 1001 3240 tam
1022 3194 1247 3241 omnibus
1272 3195 1356 3256 qui
1385 3210 1473 3242 nos
1509 3210 1795 3258 quocunque
1816 3194 1960 3242 modo
1982 3193 2121 3255 adju-

103 3281 292 3333 ·‘erunt,
321 3279 481 3338 quam
501 3272 783 3336 praesertim
807 3273 961 3321 amico
982 3274 1032 3321 in
1055 3275 1197 3322 rebus
1219 3275 1486 3337 Liturgicis
1503 3274 1546 3322 si
1568 3276 1677 3337 quis
1700 3276 1824 3323 alius
1846 3274 2126 3322 doctissimo

101 3365 145 3426 et
174 3356 507 3419 peritissimo,
543 3353 630 3402 cui
664 3368 765 3400 non
794 3352 939 3400 modo
976 3354 1328 3403 rarissimorum
1365 3356 1666 3418 quorundam
1696 3356 1933 3405 librorum
1962 3368 2128 3410 usum,

103 3441 268 3487 verum
304 3438 466 3486 etiam
504 3433 873 3483 emendationes
905 3441 954 3483 et
984 3436 1309 3486 additamenta
1340 3438 1567 3507 quaedam
1597 3438 1802 3506 libenter
1826 3443 2024 3501 accepta
2054 3452 2130 3486 re-

100 3517 313 3568 ferimus.
378 3517 571 3567 Confer
592 3531 644 3579 p.
666 3515 733 3563 iv·
1368 3514 1372 3520 ’

1110 3615 1150 3668 a

113 4193 124 4244 ἓ

114 4297 140 4353 ἃ.
