2910 4457
687 427 770 489 62
1533 445 1700 486 rann
1740 445 1944 495 ρῦιιψυ

754 558 938 608 vovete
953 564 1002 608 et
1023 558 1218 609 reddite
1232 559 1345 607 Βῑιο
1364 559 1470 607 Deo
1485 563 1652 607 vestro
1670 573 1683 605 ε

691 634 868 672 omnes
898 621 990 681 qui
1018 620 1074 670 in
1106 620 1322 670 circuitu
1350 622 1463 681 ejus
1495 619 1687 669 affertis

692 694 924 734 munera.

753 743 990 794 Terribili
1011 749 1059 793 et
1079 743 1126 792 ei
1146 742 1237 804 qui
1261 743 1424 794 aufert
1445 743 1685 803 spiritum

693 806 981 866 principum
1022 821 1036 855 ε
1090 805 1306 855 terribili
1357 807 1492 866 apud
1546 816 1689 866 reges

695 875 858 917 terrae.

754 929 926 978 Gloria
942 929 1100 978 Patri.
1115 930 1179 979 Α.
1193 930 1254 978 In
1270 929 1424 979 Israel
1440 939 1691 990 magnum

666 1025 679 1028 -
699 1003 883 1041 nomen
906 991 1036 1051 ejns.

977 1052 1220 1101 Psalmus
1252 1052 1418 1102 loeoevi.

787 1127 873 1164 oce
903 1128 1014 1164 mea
1046 1115 1108 1163 ad
1130 1115 1267 1162 Dnm
1299 1115 1512 1163 clamavi
1537 1129 1550 1162 ε
1574 1126 1693 1164 voce

789 1190 901 1225 mea
917 1178 979 1226 ad
995 1177 1176 1233 Deum,
1193 1182 1242 1224 et
1258 1175 1475 1225 intendit
1489 1175 1634 1225 mihi.

761 1240 821 1287 In
839 1239 920 1288 die
938 1237 1278 1286 tribulationis
1293 1251 1415 1287 meae
1433 1240 1596 1286 Deum
1618 1251 1695 1287 ex—

698 1300 905 1361 quisivi,
929 1300 1167 1348 manibus
1197 1300 1325 1348 meis
1356 1305 1499 1349 nocte
1520 1306 1694 1349 contra

701 1374 820 1411 eum
837 1377 850 1410 ε
872 1367 920 1411 et
938 1374 1038 1409 non
1056 1373 1173 1409 sum
1190 1362 1441 1421 deceptus.

764 1423 954 1473 Renuit
974 1422 1221 1471 consolari
1235 1424 1405 1471 anima
1428 1435 1539 1472 mea
1560 1437 1573 1471 ε
1597 1435 1697 1472 me·

702 1498 816 1534 mor
849 1485 924 1533 t'ui
956 1485 1064 1543 Dei,
1100 1490 1147 1533 et
1174 1485 1447 1534 delectatus
1478 1497 1611 1543 sum,
1649 1489 1698 1533 et

703 1548 1000 1596 exercitatus
1020 1559 1162 1608 sum3
1186 1552 1235 1596 et
1269 1547 1446 1596 defecit
1486 1547 1699 1607 spiritus

708 1622 872 1658 meus,

771 1669 1200 1731 Anticipaverunt
1213 1668 1416 1730 vigilias
1430 1668 1564 1719 oculi
1579 1670 1699 1719 mei:

706 1734 941 1781 turbatus
956 1744 1072 1780 sum
1090 1737 1138 1780 et
1164 1745 1264 1780 non
1282 1744 1398 1779 sum
1421 1732 1635 1780 locutus.

769 1793 997 1853 Cogitavi
1032 1793 1140 1841 dies
1169 1792 1436 1852 antiquos:
1460 1799 1510 1842 et
1538 1804 1701 1842 annos

707 1860 920 1906 aeternos
943 1854 996 1901 in
1019 1859 1187 1902 mente
1209 1854 1381 1902 habui.

768 1917 834 1965 Et
844 1915 1118 1965 meditatus
1132 1928 1248 1964 sum
1262 1921 1404 1965 nocte
1419 1928 1538 1964 cum
1556 1917 1702 1965 corde

615 2007 620 2012 ·
709 1991 822 2028 meo
841 1992 854 2026 ε
878 1983 925 2026 et
945 1977 1247 2027 exercitabar
1263 1983 1312 2026 et
1327 1979 1591 2038 scopebam
1607 1979 1704 2039 spi-

712 2042 869 2089 ritum
886 2052 1078 2088 meum.

774 2102 1020 2162 Nunquid
1065 2100 1121 2149 in
1175 2106 1423 2151 aeternum
1478 2101 1705 2161 projiciet

712 2165 876 2213 Deus:
900 2170 988 2213 aut
1005 2177 1104 2211 non
1128 2169 1342 2224 apponet
1361 2168 1418 2211 ut
1439 2163 1708 2224 complaci-

710 2227 808 2277 tior
835 2227 903 2277 sit
924 2227 1124 2277 adhuc?

778 2289 886 2339 Aut
902 2290 956 2338 in
974 2291 1128 2338 finem
1143 2288 1542 2337 misericordiam
1558 2300 1706 2337 suam

713 2352 1006 2400 abscindet:
1029 2364 1059 2399 a
1081 2351 1399 2411 generatione
1419 2350 1474 2398 in
1499 2362 1708 2411 genera-

714 2413 933 2462 tionem?

779 2475 888 2523 Aut
923 2473 1244 2522 obliviscetur
1278 2472 1510 2523 misereri
1545 2474 1707 2523 Deus?

716 2540 805 2584 aut
825 2535 1099 2585 continebit
1128 2536 1182 2583 in
1205 2536 1283 2583 ira
1303 2547 1395 2584 sua
1427 2534 1711 2584 misericor-

715 2598 827 2646 dias
847 2599 992 2645 suas?

779 2660 843 2709 Et
871 2658 992 2717 dixi,
1015 2658 1164 2709 Nunc
1179 2657 1339 2719 coepi:
1362 2659 1468 2709 haec
1496 2657 1709 2708 mutatio

715 2723 926 2772 dextcrae
945 2720 1156 2770 Excelsi.

780 2786 977 2837 Memor
1001 2783 1073 2832 t'ui
1088 2796 1297 2843 operum
1319 2784 1421 2832 Dni
1438 2799 1450 2833 ε
1469 2784 1589 2844 quia
1611 2796 1713 2833 me-

719 2859 831 2896 mor
841 2860 925 2895 ero
933 2848 996 2895 ab
1007 2846 1152 2896 initio
1163 2846 1474 2896 mirabilium
1484 2852 1688 2895 tuorum
1696 2881 1709 2895 .

779 2908 844 2956 Et
858 2909 1137 2957 meditabor
1153 2909 1206 2957 in
1224 2909 1464 2958 omnibus
1478 2910 1712 2969 operibus

719 2970 854 3078 tuliJSO:
871 2975 919 3017 ct
935 2969 988 3017 in
1005 2970 1448 3019 adinventionibus
1465 2972 1567 3019 tuis
1581 2984 1712 3021 exer-

719 3044 773 3080 ce
837 3044 880 3077 r.

782 3091 951 3139 Deus
937 3104 990 3137 1n
1012 3096 1184 3140 sancto
1204 3092 1287 3140 via
1304 3097 1423 3152 tua3
1446 3092 1564 3152 quis
1577 3093 1712 3142 Deus

720 3165 955 3224 magnus
978 3151 1110 3202 sicut
1139 3153 1275 3202 Deus
1311 3159 1477 3203 noster
1494 3156 1519 3202 ‘r
1558 3159 1613 3201 tu
1659 3167 1712 3203 es

721 3217 855 3264 Deus
870 3213 963 3281 qui
984 3214 1105 3263 racis
1126 3213 1396 3263 mirabilia.

783 3274 965 3327 Notam'
994 3277 1188 3326 fecisti
1175 3291 1227 3326 in
1251 3278 1450 3338 populis
1470 3277 1710 3326 virtutem

721 3347 895 3389 tuam:
919 3339 1177 3389 redemisti
1206 3340 1259 3389 in
1284 3339 1489 3387 brachio
1518 3344 1605 3388 tuo
1627 3353 1714 3400 po-

721 3402 901 3463 pulum
920 3405 1067 3450 tuum
1080 3438 1093 3460 ,
1124 3402 1252 3451 filios
1273 3403 1427 3450 Jacob
1441 3406 1490 3451 ct
1510 3402 1711 3462 Josepb.

784 3464 1035 3513 Viderunt
1057 3470 1104 3512 te
1134 3478 1275 3526 aquae
1296 3465 1449 3524 DcuS,
1475 3465 1714 3513 viderunt

721 3531 770 3575 te
815 3538 959 3586 aquae
995 3532 1043 3575 et
1080 3526 1391 3577 timuerunt:
1425 3531 1474 3575 et
1505 3527 1714 3576 turbatae

722 3595 840 3635 sunt
859 3589 1044 3649 abyssi.

1783 755 1877 793 vox
1893 741 2107 790 tonitrui
2122 743 2197 789 tui
2218 742 2271 789 in
2291 747 2417 790 rota.

1784 872 1963 976 terrai:
2001 870 2250 914 commota
2287 870 2363 915 est
2398 871 2446 914 et
2476 866 2781 915 contremuit

1807 941 1938 977 erra.

1787 1049 1935 1112 aquis
1950 1050 2156 1099 multis:
2176 1056 2223 1099 et
2245 1051 2455 1111 vestigia
2477 1054 2564 1099 tua
2588 1063 2688 1099 non
2706 1063 2782 1101 co-

1789 1117 2111 1173 gnoscentur.

1790 1241 1938 1285 tuum
1960 1252 1972 1284 :
1996 1236 2049 1283 in
2075 1247 2233 1283 manu
2256 1236 2423 1295 Moysi
2444 1242 2491 1285 et
2524 1235 2720 1285 Aaron.

1796 1359 2105 1473 Attendite
2175 1359 2353 1419 popule
2427 1371 2571 1409 meus
2625 1359 2782 1420 legem

1792 1482 1847 1531 in
1870 1484 2021 1531 verba
2042 1482 2145 1530 oris
2165 1481 2283 1530 mei.

1844 555 2121 608 Multitudo
2152 556 2349 605 sonitus
2369 568 2654 618 aquarum.
2686 569 2774 607 vo-
2863 548 2871 596 l

1779 630 1890 668 cem
1912 619 2161 667 dederunt
2176 619 2353 666 nubes,
2853 620 2870 656 εε

1846 678 2050 729 Etenim
2097 680 2291 740 sagittae
2330 685 2430 730 tuae
2477 686 2775 730 transeunt.

2861 672 2871 781 ,ἢν-η

2853 746 2862 778 ,q

1848 805 2130 853 Illuxerunt
2150 804 2519 852 coruscationes
2548 809 2646 854 tuae
2667 805 2780 853 orbi

1851 991 1911 1038 In
1936 987 2067 1036 mari
2090 989 2171 1037 via
2192 992 2305 1048 tua,
2324 995 2371 1038 et
2393 988 2582 1038 semita}
2604 993 2702 1039 tuae
2725 989 2778 1038 in

2853 799 2871 1093 *ms-*55⁴—

2855 1118 2871 1215 u...

1852 1173 2113 1223 Deduxisti
2179 1173 2308 1221 sicut
2367 1186 2486 1223 oves
2538 1174 2780 1234 populum

2056 1298 2299 1344 Psalmus
2331 1298 2519 1359 Ioewssi.

2861 1492 2870 1509 Δ
2861 1368 2870 1401 ffl
2859 1304 2871 1340 ³2⁸3

1890 1433 2082 1469 meam:
2106 1420 2345 1469 inclinate
2367 1433 2542 1471 aurem
2564 1427 2784 1472 vestram

1857 1544 2099 1604 Aperiam
2132 1544 2184 1592 in
2221 1544 2470 1603 parabolis
2491 1557 2548 1593 os
2579 1557 2783 1594 meum:
2863 1552 2870 1586 ἱ

1795 1607 1974 1667 loquar
1997 1606 2359 1667 propositiones
2375 1606 2438 1654 ab
2456 1606 2621 1654 initio,

1853 1668 2058 1729 Quanta
2078 1668 2369 1716 audivimus
2390 1672 2437 1716 ct
2459 1667 2787 1729 cognovimus
2864 1677 2871 1710 '-

1796 1742 1915 1840 cai)
1939 1735 1987 1778 et
2034 1734 2200 1790 patres
2247 1729 2407 1779 nostri
2455 1735 2789 1780 narraverunt
2867 1750 2870 1759 ⁴

1799 1805 1864 1840 no
1901 1791 1963 1840 is.

1861 1854 1973 1903 Non
1991 1858 2112 1901 sunt
2127 1853 2369 1902 occultata
2386 1866 2414 1902 a
2437 1852 2558 1902 filiis
2580 1865 2787 1903 eorum:

1797 1915 1852 1963 in
1872 1914 2191 1976 generatione
2206 1916 2381 1963 altera.

1862 1978 2139 2027 Narrantes
2171 1977 2343 2025 laudes
2372 1976 2475 2026 1)ῆί
2504 1981 2553 2027 et
2582 1977 2791 2027 virtutes
2869 2011 2870 2017 κ

1798 2039 1941 2100 eJus:
1959 2045 2008 2087 et
2022 2038 2272 2087 mirabilia
2286 2039 2396 2110 ejus
2409 2052 2521 2099 quae
2539 2039 2672 2088 fecit.

1862 2101 1928 2149 Et
1958 2101 2218 2149 suscitavit
2249 2100 2596 2149 testimonium
2628 2101 2683 2149 in
2714 2101 2792 2151 Ja-

1802 2164 1892 2212 cob
1912 2178 1924 2210 :
1948 2169 1996 2211 ct
2016 2162 2175 2222 legem
2200 2163 2364 2221 posuit
2387 2161 2439 2209 in
2463 2164 2638 2212 Israel.

1856 2224 2059 2286 Quanta
2069 2223 2331 2274 mandavit
2344 2225 2573 2284 patribus
2583 2224 2767 2275 nostris
2779 2241 2791 2274 t

1804 2294 1923 2336 nota
1947 2288 2103 2337 facere
2123 2300 2177 2335 ea
2201 2286 2320 2335 filiis
2341 2286 2474 2349 suis3
2499 2294 2558 2335 ut
2580 2301 2794 2349 cognos-

1804 2355 1885 2398 cat
1902 2350 2155 2410 generatio
2172 2349 2347 2407 altera3

1868 2411 1985 2460 Filii
2004 2411 2093 2471 qui
2110 2415 2380 2459 nascentur
2395 2415 2444 2460 et
2459 2416 2732 2473 exurgent.
2749 2388 2795 2460 et

1806 2474 2088 2522 narrabunt
2099 2472 2218 2520 filiis
2232 2472 2359 2520 suis.

1869 2536 1938 2583 Ut
1961 2540 2148 2593 ponant
2181 2534 2232 2581 in
2256 2535 2359 2582 Deo
2390 2546 2531 2594 spem
2556 2548 2731 2585 suam:
2750 2538 2798 2583 et

1808 2608 1909 2644 non
1954 2596 2315 2644 obliviscantur
2348 2609 2557 2656 operum
2596 2597 2712 2658 Dei3
2751 2602 2798 2644 et

1807 2658 2048 2707 mandata
2064 2658 2175 2717 ejus
2189 2658 2471 2717 exquirant.

1869 2720 1945 2769 Ne
1961 2720 2083 2767 fiant
2102 2719 2232 2767 sicut
2250 2725 2415 2779 patres
2430 2732 2607 2769 eorum
2628 2736 2641 2770 ε
2661 2732 2800 2782 gene-

1808 2782 1935 2831 ratio
1957 2794 2108 2841 prava
2133 2786 2181 2830 et
2200 2794 2516 2842 exasperans,

1871 2842 2139 2893 Generatio
2191 2856 2302 2903 quae
2356 2857 2457 2892 non
2495 2844 2677 2894 direxit
2717 2856 2800 2893 cor

1807 2919 1993 2955 suum:
2018 2911 2067 2955 et
2099 2918 2199 2954 non
2221 2911 2295 2955 est
2317 2905 2539 2956 creditus
2560 2920 2678 2956 cum
2699 2906 2802 2955 Deo

1808 2969 2018 3029 spiritus
2032 2967 2160 3027 eJuS.

1857 3030 1976 3079 Filii
1987 3030 2208 3088 Ephrem
2220 3029 2538 3078 intendentes
2548 3036 2597 3079 et
2603 3029 2804 3078 'mitten-

1809 3096 1883 3141 tes
1897 3104 2073 3140 arcum
2092 3106 2103 3139 ε
2121 3105 2213 3139 con
2221 3092 2352 3139 versi
2366 3097 2488 3139 sunt
2503 3092 2555 3139 in
2576 3093 2657 3141 dic
2670 3090 2803 3141 belli.

1871 3155 1984 3204 Non
2044 3154 2388 3201 custodierunt
2441 3157 2803 3203 testamentum

1809 3216 1901 3325 Pei
1920 3232 1932 3264 :
1951 3221 1998 3263 et
2013 3215 2067 3264 in
2090 3216 2195 3277 lege
2209 3216 2320 3275 eius
2334 3216 2610 3264 noluerunt
2625 3217 2805 3265 ambu-

1764 3311 1782 3322 .
1826 3291 1929 3326 are.

1871 3339 1935 3388 Et
1960 3338 2102 3388 obliti
2126 3343 2247 3387 sunt
2262 3337 2638 3388 benefactorum
2662 3339 2773 3399 ejus
2795 3352 2806 3383 :

1808 3407 1857 3451 et
1873 3400 2184 3449 mirabilium
2209 3402 2252 3460 ej
2261 3413 2321 3448 us
2344 3413 2455 3459 quae
2471 3400 2694 3449 ostendit
2714 3400 2805 3448 eis.

1872 3462 2053 3512 Coram
2071 3464 2299 3523 patribus
2317 3474 2491 3510 eorum
2512 3462 2627 3511 fecit
2647 3462 2807 3510 mira-

1807 3524 1930 3574 bilia
1944 3525 1998 3572 in
2014 3527 2147 3573 terra
2160 3523 2365 3583 AEgypti
2380 3523 2461 3572 :in
2475 3537 2657 3584 campo
2673 3524 2810 3572 Thn-

1809 3598 1944 3635 neos,
