2910 4457
807 506 847 575 β
878 505 1033 577 ⁰1.)
1068 510 1145 558 m
1177 510 1445 560 NArAu
1478 509 1955 559 PLURmARUM
1987 508 2355 559 vinc-mnu.

558 624 648 674 An
671 625 882 689 VESP'S,
907 624 1040 675 Anae
1076 633 1124 675 et
1146 623 1347 675 Psalmi
1379 623 1537 676 Feri-

487 690 617 740 oles.
1054 690 1176 756 Gap.
1204 691 1351 756 (Sap.
1375 694 1422 739 4.
1447 691 1535 756 A.)

618 757 797 819 Qum
817 757 1039 823 pulchra
1056 765 1135 807 est
1154 762 1299 807 casta
1316 773 1537 823 genera·

593 825 665 873 tio
689 840 813 873 cum
838 823 1097 874 claritate:
1121 823 1428 871 immortalis
1458 828 1538 872 est

492 890 635 940 enim
672 891 921 939 memoria
942 889 1109 938 illius:
1135 890 1382 953 quoniam
1405 887 1459 937 et
1483 903 1537 936 a·

491 955 603 1022 pud
612 956 781 1005 Deum
799 962 927 1004 nota
944 960 1037 1016 est,
1060 953 1111 1003 bt
1128 954 1266 1020 apud
1281 954 1536 1004 homines.

526 1020 814 1148 5Ηρῃινιίηι.ει,
848 1020 886 1070 J
889 1036 996 1083 esu,
1034 1036 1229 1070 corona
1274 1021 1539 1085 virginum

498 1087 522 1152 (
565 1089 664 1213 Va)
682 1151 1023 1200 Adducentur
1044 1151 1191 1215 Regi.
1222 1149 1388 1214 (ibid.)

563 1217 703 1279 Asta,
741 1217 919 1267 Simile
945 1222 1025 1266 est
1048 1232 1267 1282 regnum
1286 1215 1539 1265 coelorum

494 1298 713 1350 sagense
737 1282 789 1345 (ἓ
815 1284 916 1346 79).
940 1281 1028 1333 Ρε.
1054 1282 1375 1348 Magnificat.

589 1348 770 1399 Oratio
791 1346 1150 1398 Plurimarum
1185 1347 1458 1414 Virqinwm

821 1422 869 1464 et
891 1414 1201 1478 Martyrum.

599 1494 706 1530 nus
739 1481 830 1543 qui
862 1485 922 1529 ιιι
954 1480 1236 1529 humanum
1265 1494 1433 1545 genus
1470 1477 1538 1527 ad

494 1494 599 1607 ID
618 1546 1003 1597 confessionem
1015 1546 1091 1595 tui
1107 1546 1333 1594 nominis
1346 1560 1539 1610 provo-

500 1628 667 1673 careS,
705 1612 860 1661 etiam
896 1612 952 1660 in
977 1627 1106 1661 sexu
1129 1611 1305 1677 fragili
1327 1611 1538 1659 victori·

498 1694 589 1727 am
610 1678 845 1741 martyrii
868 1676 1164 1737 contulisti;
1192 1683 1382 1740 praesta
1399 1691 1537 1739 quae-

499 1759 701 1804 sumus,
722 1749 780 1792 ut
795 1742 1035 1792 Ecclesia
1052 1748 1157 1804 tua,
1176 1741 1280 1791 hoc
1298 1741 1537 1805 exemplo

502 1809 836 1870 commonita,
878 1807 979 1857 nec
1000 1809 1110 1872 pati
1131 1823 1226 1871 pro
1251 1813 1303 1857 te
1325 1814 1540 1870 metuat,

500 1873 559 1923 et
599 1875 826 1924 coelestis
865 1874 1064 1952 praemii
1102 1873 1324 2005 glloriam
1347 1888 1541 1922 concu-

499 1937 1141 2055 Ρωξαῖἳεῖιθῖιὲἓᾶωὸὲξίὲο
1181 2001 1542 2055 Plurimarum

513 2070 789 2138 Virqinum
811 2069 933 2120 Non
955 2071 1265 2136 [Uar-tyrum.
1343 2070 1540 2121 Oratio.

600 2140 917 2187 MNJPom'Ns
936 2138 1249 2201 sempiterne
1264 2137 1429 2198 DeuS,
1448 2137 1541 2200 qui

615 2219 713 2254 nos
743 2203 963 2253 idoneos
988 2219 1094 2253 non
1120 2219 1234 2253 esse
1257 2203 1538 2268 perpendis

504 2270 576 2318 ad
609 2270 935 2333 majestatem
966 2276 1109 2319 tuam
1148 2271 1283 2319 sicut
1320 2270 1540 2335 dignum

504 2341 591 2385 est
609 2335 941 2397 exorandum,
966 2336 1050 2384 fac
1069 2351 1365 2398 quaesumus
1388 2350 1540 2384 sanc-

503 2407 590 2450 tas
613 2401 857 2465 Virgines
890 2407 1007 2451 tuas
1031 2399 1099 2449 N.
1130 2408 1181 2449 et
1204 2399 1272 2450 N.
1295 2417 1390 2465 pro
1414 2417 1539 2450 nos-

501 2468 601 2516 tris
644 2467 959 2515 intervenire
1010 2467 1269 2530 peccatis;
1321 2482 1542 2530 quarum

503 2532 702 2581 meritis
720 2531 874 2581 nobis
892 2531 1273 2596 indulgentiam
1282 2532 1539 2596 largiaris.

501 2598 610 2648 Per
631 2595 773 2646 D‘fim
798 2595 927 2662 [csta]

578 2662 615 2728 ξ
659 2661 815 2731 92.)
862 2664 949 2712 AD
988 2662 1135 2712 ΜΑΤ.
1181 2661 1299 2713 Ιηυ.
1343 2664 1542 2730 Regem

505 2731 778 2844 i{irgixnurnt
813 2727 969 2793 Diim,
1014 2728 1202 2780 Venite
1247 2729 1540 2780 adoremus,

560 2813 598 2846 s.
671 2812 756 2846 em
780 2811 825 2846 e.

509 2860 829 2992 (gHgssmnus,
866 2862 905 2912 J
908 2877 1018 2926 esu,
1053 2875 1249 2911 corona
1278 2861 1540 2926 uirginum

577 2991 751 3056 Super
774 2993 1017 3057 psalmos⁴
1040 2993 1147 3043 koec
1177 2991 1288 3041 sola
1320 2990 1451 3041 asta.-
1491 2990 1538 3041 Ο

508 3074 668 3125 quam
708 3059 925 3123 pulchra
965 3066 1045 3108 est
1085 3063 1230 3109 casta
1267 3057 1537 3123 generatio

509 3140 631 3175 cum
666 3125 913 3174 claritate.
945 3123 1033 3175 Pe.
1069 3123 1188 3174 Dfie
1209 3123 1325 3172 Diis
1361 3129 1540 3172 noster

510 3191 534 3256 (
546 3191 692 3306 pi).
707 3198 777 3307 tet
799 3190 1176 3317 omogeggsalgzg‘
1188 3188 1367 3320 lUnius
1397 3187 1539 3254 Virq.

507 3266 561 3309 et
642 3274 706 3306 ar
728 3275 769 3307 ..·
817 3274 864 3306 v.
1026 3284 1090 3293 —
1173 3293 1185 3306 .

577 3321 668 3385 Vs,
693 3255 1034 3373 Adtlucentur
1058 3322 1110 3386 (ἐ
1134 3325 1238 3383 83).
1357 3318 1478 3370 Lec.
1489 3319 1539 3384 j.

567 3386 1099 3439 mnanoaAwsDfis
1118 3404 1150 3436 a
1165 3386 1454 3450 Discipulis
1475 3386 1540 3434 de

584 3456 1032 3506 consummatione
1045 3452 1237 3512 saeculi,
1254 3453 1390 3500 inter
1407 3451 1541 3499 mul·

509 3530 569 3570 ta
591 3537 705 3585 quae
727 3522 934 3570 loeutus
960 3526 1053 3582 est,
1084 3517 1386 3583 parabolam
1411 3532 1543 3580 quo·

511 3602 615 3650 que
650 3587 780 3636 dixit
813 3587 877 3636 de
902 3586 1079 3636 decem
1102 3585 1181 3634 vir
1219 3582 1410 3644 inibuS,
1445 3582 1540 3632 bo-

511 3667 699 3702 norum
756 3659 807 3702 et
860 3653 1116 3705 malorum
1213 3649 1541 3698 ‘scretionem

510 3718 928 3783 significantibus
943 3735 955 3780 3
976 3731 1193 3783 quarum
1210 3716 1437 3779 quinque
1450 3713 1541 3764 ad-

1636 627 1931 688 mittuntur,
1967 630 2020 674 et
2052 627 2283 690 quinque
2301 623 2704 676 excluduntur.

1637 691 1894 741 Videntur
1914 693 2092 756 itaque
2114 692 2241 740 mihi
2260 691 2498 755 quinque
2516 693 2705 758 virgi-

1637 773 1733 806 nes
1759 757 2055 822 significare
2088 757 2533 822 quincupertitam
2561 774 2706 809 con·

1636 824 1909 873 tinentiam
1933 837 1965 870 a
1988 824 2159 873 carnis
2182 821 2465 872 illecebris.

1704 890 1752 952 R
1777 893 1820 937 1.
1847 888 2044 937 Audivi
2066 904 2246 939 vocem
2269 887 2334 937 de
2365 888 2506 938 coelo
2535 890 2706 939 veni·

1639 961 1839 1003 entem:
1879 955 2070 1004 Venite
2111 969 2284 1005 omnes
2323 954 2579 1020 virgines
2610 971 2705 1005 sa-

1637 1020 2003 1085 pientissimae:
2063 1019 2246 1070 Oleum
2299 1021 2592 1069 recondite
2639 1023 2701 1070 in

1637 1087 1782 1136 vasis
1806 1087 2011 1147 vestris,
2038 1085 2153 1135 dun
2179 1085 2422 1149 Sponsus
2444 1086 2697 1135 advene-

1637 1154 1718 1202 rit.
1753 1149 1820 1204 ΥΤ.
1862 1150 2039 1200 Media
2076 1157 2227 1201 nocte
2263 1151 2469 1200 clamor
2501 1154 2699 1202 factus

1639 1221 1744 1267 est:
1769 1218 1908 1266 Ecce
1932 1217 2163 1281 Sponsus
2186 1218 2350 1268 venit.
2387 1217 2597 1267 Oleum
2615 1234 2699 1267 re-

1639 1282 1852 1334 condite
1877 1280 2007 1348 [cssa]
2476 1283 2615 1333 Lec.
2638 1283 2698 1349 ᾖ.

1724 1360 2077 1398 οΝτιΝιῑΝυυε
2113 1353 2192 1397 est
2223 1349 2365 1397 enim
2388 1350 2566 1398 animi
2604 1365 2699 1414 ap·

1644 1359 1722 1474 (OE
1739 1415 1933 1479 petitus
1967 1431 2000 1464 a
2026 1414 2300 1478 voluptate
2324 1415 2633 1478 oculorum,
2664 1430 2700 1463 a

1637 1480 1910 1544 voluptate
1938 1480 2151 1541 aurium,
2181 1485 2231 1528 et
2257 1495 2289 1528 a
2306 1480 2597 1546 voluptate
2616 1479 2698 1530 ol-

1638 1546 1880 1607 faciendi,
1890 1546 2145 1612 gustandi,
2161 1547 2272 1594 sive
2283 1545 2568 1611 tangendi.
2584 1546 2697 1596 Sed

1640 1612 1776 1675 quiax
1797 1613 1902 1662 ista
1936 1612 2257 1660 continentia
2280 1613 2476 1677 partim
2501 1627 2697 1662 coram

1638 1678 1756 1727 Deo
1769 1675 1873 1742 ‘fit‚‘··
1887 1683 1942 1726 ut
1967 1676 2047 1726 illi
2069 1677 2340 1741 placeatur
2360 1678 2416 1726 in
2440 1678 2695 1728 interiori

1678 1742 1833 1793 audio
1875 1743 2220 1803 conscientiae,
2268 1744 2462 1808 partim
2501 1759 2693 1793 coram

1638 1759 1935 1859 {ominibus
1965 1814 2183 1870 tantum,
2217 1814 2277 1857 ut
2298 1808 2473 1886 gloria
2494 1810 2692 1859 huma-

1641 1890 1712 1923 na
1735 1876 1981 1939 capiatur,
2012 1874 2240 1939 quinque
2266 1873 2516 1924 dmuntur
2542 1876 2689 1941 sapi-

1642 1945 1805 2003 entes,
1844 1945 1895 1989 et
1927 1940 2156 2005 quinque
2184 1940 2374 1989 stultae.
2425 1941 2689 2005 Utraeque

1638 2009 1812 2055 tamen
1847 2006 2096 2072 virgineS,
2132 2006 2254 2069 quia
2287 2012 2510 2071 utraque
2554 2022 2686 2057 con-

1639 2071 1858 2185 tinecrlxtia
1880 2078 1974 2133 est,
1994 2071 2232 2136 quamvis
2259 2071 2472 2123 diverso
2497 2073 2689 2123 fomite

1678 2153 1742 2186 au
1782 2141 1880 2185 eat

1639 2154 1677 2203 g
1705 2204 1750 2267 Be
1790 2206 1836 2252 2.
1881 2201 2126 2252 Feliciter
2173 2203 2409 2268 virgines
2455 2204 2688 2255 vincunt

1637 2268 1913 2319 mundum:
1940 2268 2069 2329 Quae
2092 2275 2214 2334 post
2234 2270 2513 2319 victoriam
2533 2272 2687 2321 vinci

1638 2351 1746 2383 non
1786 2336 1996 2385 norunt.
2050 2332 2119 2387 V.
2163 2336 2341 2385 Beatae
2388 2335 2455 2385 de
2494 2337 2682 2401 praelio

1637 2399 1870 2462 redeunt,
1912 2405 1964 2448 et
1999 2399 2205 2450 hostem
2241 2401 2489 2451 victrices
2518 2405 2681 2452 mori·

1639 2465 1774 2515 endo
1797 2465 2098 2515 devincunt.
2118 2466 2248 2527 Quae
2269 2465 2396 2532 [ὤα]
2458 2467 2584 2517 Lec.
2602 2469 2682 2534 ἐϋ.

1721 2543 1995 2579 Anu-anns
2041 2537 2216 2581 autem
2265 2548 2383 2595 quse
2426 2534 2683 2584 manibus

1738 2602 2026 2661 portantur,
2071 2613 2230 2662 opera
2274 2603 2399 2647 sunt
2441 2615 2563 2663 quae
2596 2616 2680 2649 se-

1641 2662 1869 2712 cundum
1909 2663 2064 2713 istam
2104 2664 2488 2713 continentiam
2525 2665 2678 2715 fiunt.

1638 2728 1852 2778 Dictum
1898 2734 1976 2777 est
2021 2729 2185 2778 enim:
2230 2731 2472 2779 Luceant
2517 2746 2681 2796 opera

1639 2800 1816 2844 vestra
1871 2809 2046 2844 coram
2100 2795 2416 2845 hominibus·
2477 2795 2678 2846 Omnes

1639 2876 1765 2909 vero
1803 2866 2115 2924 acceperunt
2145 2859 2415 2925 lampades
2440 2877 2585 2925 suas,
2623 2869 2679 2912 et

1636 2930 1896 2975 venerunt
1919 2926 2128 2975 obviam
2153 2942 2349 2992 sponso
2377 2932 2428 2976 et
2447 2943 2678 2993 sponsae.

1637 2990 2043 3056 Intelligendum
2083 2997 2161 3042 est
2196 3008 2319 3058 ergo
2347 2992 2545 3042 Christi
2582 3010 2676 3044 no-

1637 3058 1777 3106 mine
1802 3057 2004 3106 censeri
2028 3057 2092 3106 de
2116 3058 2306 3122 quibus
2330 3059 2521 3123 agitur.
2557 3061 2678 3110 Non

1640 3125 1779 3172 enim
1823 3129 2048 3188 possunt
2098 3124 2187 3187 qui
2228 3122 2518 3174 Christiani
2570 3142 2677 3175 non

1639 3196 1778 3251 sunt,
1791 3188 1996 3253 Sponso
2011 3187 2218 3238 Christo
2241 3190 2423 3239 venire
2449 3191 2677 3241 obviam.

1704 3257 1751 3318 Bc
1776 3258 1822 3305 3.
1845 3254 2243 3305 Innumerabilis
2267 3256 2536 3321 virginum
2554 3258 2675 3308 cho·

1638 3336 1756 3383 rue,
1809 3326 1983 3384 spreta
2030 3320 2312 3371 liberorum
2365 3325 2675 3388 propagine,

1639 3387 1781 3436 Dum
1816 3386 2023 3450 Sponso
2061 3387 2150 3450 qui
2189 3387 2244 3435 in
2282 3387 2430 3436 coelis
2469 3395 2550 3438 est
2588 3405 2675 3455 pe-

1638 3453 1791 3501 renni
1808 3460 1980 3500 mente
1999 3451 2138 3500 Actu
2155 3457 2205 3500 et
2222 3452 2403 3501 habitu
2422 3454 2676 3518 applicari

1638 3518 1838 3579 maluit,
1860 3515 1927 3571 V.
1955 3519 2096 3566 Ecce
2123 3518 2394 3566 florentem
2421 3520 2676 3570 mundum

1641 3583 1891 3649 despectu
1918 3584 2106 3632 mentis
2135 3583 2372 3632 calcavit.
2404 3584 2548 3634 Dum
2577 3585 2678 3652 [—

1638 3649 1860 3712 maluit].
1882 3648 2065 3698 Gloria
2079 3650 2238 3711 Patri,
2265 3648 2348 3714 [—-
2367 3649 2457 3715 Sp.
2480 3649 2554 3716 S.]
2572 3652 2675 3701 Ac·

1638 3720 1698 3764 tu
1723 3713 1816 3781 [-—
1833 3713 2054 3781 maluit].
