2910 4457
660 421 764 483 De
804 421 1208 504 Completorz'O.
1255 422 1449 496 (Add.
1483 428 1543 484 et
1578 422 1783 500 Corr.)

285 574 339 627 p.
364 556 513 619 xxvi,
537 556 573 607 l.
605 560 688 618 19,
710 555 1034 623 benedictio]
1061 555 1213 608 Adde
1236 564 1418 608 notam
1440 578 1451 607 ε

282 648 329 679 ‘¹¹
367 650 582 698 Noctem
617 649 834 710 quietam
867 654 916 695 et
947 648 1097 696 finem
1138 650 1406 712 perfectum
1449 650 1683 701 concedat
1719 650 1859 699 nobis
1897 650 2026 700 D’ns
2069 652 2228 701 omni-

218 739 401 793 potens.
458 729 534 781 R.
559 729 737 777 Amen.

285 819 321 870 1.
347 822 439 881 20,
460 817 619 870 lectio
641 813 837 880 brevis]
865 815 1017 868 Adde
1041 824 1256 868 notam:

280 929 324 952 κ
361 922 571 979 Fratres,
593 920 737 967 sobrii
761 925 913 967 estote
929 926 978 967 et
997 919 1223 982 vigilate3
1248 920 1363 983 quia
1384 921 1687 970 adversarius
1702 928 1859 970 vester
1879 922 2097 970 diabolus
2121 930 2229 971 tan-

220 1019 369 1065 quam
389 1003 467 1050 leo
488 1001 687 1063 rugiens
707 1001 892 1057 circuit,
916 1016 1139 1062 quaerens
1163 1016 1309 1063 quem
1327 1002 1542 1050 devoret:
1569 1003 1649 1050 cui
1662 1004 1870 1052 resistite
1885 1004 2031 1052 fortes
2049 1005 2100 1051 in
2117 1005 2228 1053 fide.

289 1093 325 1143 l.
348 1095 440 1154 21,
463 1087 799 1158 Versiculus]
824 1088 975 1141 Adde
997 1097 1208 1141 notam:

283 1184 317 1214 f‘
344 1185 417 1238 Ἡ.
459 1184 773 1246 Adjutorium
806 1190 1026 1230 nostrum
1059 1185 1112 1230 in
1145 1184 1341 1232 nomine
1376 1185 1510 1234 D’ni.
1545 1184 1620 1238 ‘R-
1669 1187 1771 1237 Qui
1809 1187 1926 1234 fecit
1962 1186 2144 1236 coelum
2185 1193 2234 1233 et

220 1274 410 1314 terram.
482 1265 607 1328 (Hic
638 1263 708 1316 Ἡ.
740 1264 976 1326 signando
1010 1279 1061 1311 se
1086 1264 1225 1326 signo
1261 1265 1434 1313 Crucis
1469 1282 1497 1313 a
1529 1267 1687 1314 fronte
1720 1267 1781 1314 ad
1816 1274 1987 1330 pectus
2022 1267 2203 1315 dicitur
2228 1267 2240 1295 ³

225 1363 268 1396 v.
293 1363 340 1410 p.
363 1346 450 1403 vii,
472 1345 599 1407 viii.)

295 1436 600 1505 Confessio]
628 1436 781 1488 Adde
805 1443 1016 1488 notam:

284 1540 334 1572 ⁸ss
368 1532 617 1580 Confiteor
653 1531 760 1577 Deo
800 1530 1130 1592 omnipotenti,
1168 1530 1335 1577 Beatae
1372 1531 1546 1578 Mariae
1581 1546 1772 1593 semper
1802 1531 1996 1593 virgini,
2034 1532 2092 1580 B.
2131 1532 2231 1579 Mi-

225 1615 381 1663 chaeli
404 1611 729 1682 Archangelo,
755 1611 811 1660 B.
835 1611 867 1658 J
871 1612 1015 1659 oanni
1037 1612 1291 1674 Baptistae,
1317 1613 1498 1660 sanctis
1521 1612 1771 1676 Apostolis
1805 1614 1948 1661 Petro
1981 1620 2028 1660 et
2064 1613 2235 1670 Paulo,

225 1695 451 1742 omnibus
475 1693 670 1750 sanctis,
697 1696 788 1739 ‘et
807 1693 957 1749 vobis,
982 1692 1165 1748 fratres,
1184 1691 1288 1753 (vel
1308 1699 1355 1740 et
1380 1694 1485 1750 tibi,
1508 1693 1686 1756 pater,)
1711 1695 1826 1756 quia
1855 1693 2053 1757 peccavi
2084 1693 2234 1741 nimis

227 1776 536 1837 cogitatione,
556 1774 713 1831 verbo,
737 1780 784 1820 et
806 1789 977 1836 opere:
1015 1776 1166 1833 †mea
1189 1774 1347 1836 culpa,
1370 1790 1481 1822 mea
1510 1776 1670 1838 culpa,
1694 1791 1805 1823 mea
1828 1776 2044 1823 maxima
2076 1775 2234 1837 culpa.

232 1857 351 1904 Ideo
383 1869 555 1918 precor
584 1854 641 1901 B.
669 1853 879 1901 Mariam
912 1869 949 1903 s.
974 1868 1037 1910 v.,
1063 1854 1121 1901 Β.
1154 1854 1308 1902 Mich.
1341 1855 1512 1913 Arch„
1538 1857 1596 1904 B.
1619 1856 1666 1903 J.
1692 1857 1768 1914 B„
1793 1872 1830 1904 s.
1856 1855 1983 1919 App.
2012 1855 2067 1905 P.
2094 1861 2142 1903 et
2164 1854 2238 1908 P..

227 1953 271 1983 ο.
308 1953 363 1993 s.,
401 1939 430 1968 ⁸
453 1941 502 1983 et
535 1950 638 1993 voS,
671 1935 855 1993 fratres,
887 1933 983 1996 (vel
1015 1940 1063 1981 et
1096 1941 1159 1991 te,
1181 1935 1357 1996 pater,)
1394 1952 1526 1984 orare
1559 1952 1645 1999 pro
1678 1952 1757 1984 me
1789 1938 1850 1984 sd
1884 1937 2041 1985 D’nm
2073 1936 2239 1984 Deum

233 2023 469 2065 nostrum.

281 2115 308 2136 ¹*
330 2115 353 2137 ὓ
381 2112 526 2151 Verba
540 2113 580 2150 et
594 2121 633 2150 v.
643 2110 682 2158 s.
701 2110 770 2149 vel
787 2113 826 2149 et
840 2113 870 2149 t.
882 2121 949 2159 p„
965 2110 1136 2159 quando
1153 2112 1248 2160 quis
1266 2111 1380 2150 solus
1399 2112 1550 2151 recitat
1566 2111 1779 2157 Officium,
1799 2110 2035 2150 omittenda
2051 2113 2164 2148 sunt.

284 2182 305 2219 *t
333 2180 477 2218 Verba
491 2190 545 2216 m.
565 2189 615 2223 c.‚
633 2189 686 2215 m.
706 2188 758 2223 c.,
777 2188 827 2215 m.
846 2189 899 2215 m.
918 2189 956 2216 e.
973 2178 1151 2226 singulis
1169 2178 1341 2217 interim
1359 2183 1424 2217 ter
1440 2184 1590 2227 peetus
1608 2178 1944 2226 percutientibus
1960 2177 2173 2216 dicuntur.

301 2275 426 2310 cum
449 2256 880 2309 Absolutionibus
904 2256 1035 2323 suis]
1063 2255 1215 2308 Adde
1239 2264 1449 2307 notam:

298 2349 345 2381 ¹¹¹¹
386 2352 677 2399 Misereatur
707 2351 783 2397 tui
817 2350 912 2411 (vel
943 2350 1103 2407 vestri,
1125 2354 1198 2398 vel
1227 2349 1403 2411 nostri)
1429 2350 1734 2413 omnipotens
1769 2350 1922 2407 Deus,
1947 2355 1994 2396 et
2026 2347 2240 2395 dimissis

232 2433 445 2496 peccatis
467 2433 565 2480 tuis
589 2432 684 2492 (vel
703 2431 892 2489 vestris,
909 2435 981 2479 vel
1000 2431 1195 2492 nostris)
1220 2432 1454 2492 perducat
1475 2438 1523 2479 te
1547 2432 1642 2493 (vel
1662 2434 1851 2488 vosmet
1872 2430 1983 2492 nos)
2008 2430 2070 2478 ad
2091 2429 2239 2477 vitam

236 2521 485 2561 aeternam.
509 2512 582 2564 33.
608 2513 788 2559 Amen.

303 2595 668 2657 Indulgentiam
684 2597 731 2650 ⁸,
768 2593 1135 2649 absolutionem,
1172 2599 1219 2640 et
1250 2593 1581 2640 remissionem
1619 2598 1930 2655 peccatorum
1966 2597 2241 2638 nostrorum

234 2676 418 2723 tribuat
439 2676 574 2722 nobis
596 2674 900 2736 omnipotens
918 2680 967 2721 et
990 2674 1260 2721 misericors
1283 2674 1424 2721 D'ns.
1447 2672 1524 2724 ER.
1552 2673 1727 2719 Amen.

292 2776 309 2792 ·
341 2771 451 2809 Haec
468 2781 566 2809 eum
583 2772 703 2819 signo
719 2771 864 2808 Crucis
881 2773 930 2807 ut
947 2781 1075 2819 supra
1090 2770 1304 2808 dicuntur.

311 2855 344 2905 1.
370 2858 458 2919 23,
484 2852 927 2923 Responsorium]
952 2853 1102 2907 Adde
1126 2864 1338 2907 notam:

306 2947 330 2979 ¹³
366 2946 485 2999 “R
512 2954 655 2997 breve.
694 2949 756 2995 In
787 2965 851 2995 m.
885 2955 919 2996 t.
954 2949 1113 2995 D'ne:
1153 2949 1212 2995 C.
1243 2964 1314 3010 sp.
1352 2963 1417 2994 m.
1452 2947 1514 2994 In
1548 2962 1612 2996 m.
1648 2951 1682 2995 t.
1719 2946 1866 3004 D'ne,
1899 2962 1939 2993 c.
1976 2961 2047 3009 sp.
2082 2961 2147 2994 m.
2179 2944 2246 2999 Ἡ.

246 3032 307 3078 R.
325 3048 418 3088 me,
444 3030 507 3079 D.
534 3031 599 3078 D.
624 3047 670 3079 v.
698 3030 753 3079 C.
781 3045 851 3091 sp.
877 3045 941 3077 m.
970 3030 1050 3077 Gl.
1079 3031 1166 3077 διο.
1207 3030 1267 3076 In
1290 3046 1354 3077 m.
1378 3036 1410 3078 t.
1437 3028 1582 3085 D’ne,
1608 3043 1647 3076 c.
1674 3043 1742 3089 sp.
1767 3030 1867 3075 m.”
1897 3027 1980 3088 (V.
2012 3029 2179 3088 compl.
2204 3031 2252 3074 ix

244 3112 498 3173 nostrum.)
536 3112 777 3172 Tempore
810 3117 973 3157 autem
1009 3111 1268 3168 Passionis,
1292 3118 1393 3157 tam
1426 3111 1478 3157 in
1504 3110 1585 3157 Br.
1620 3110 1763 3157 Rom.
1790 3114 1939 3171 quam
1973 3110 2025 3156 in
2057 3108 2252 3162 nostris,

246 3192 295 3238 in
319 3193 565 3240 Horarum
587 3192 811 3239 omnium
844 3191 1183 3252 Responsoriis
1217 3191 1455 3238 omittitur
1481 3193 1642 3239 Gloria
1674 3194 1826 3248 Patri,
1851 3197 1898 3237 et
1921 3190 2026 3251 ejus
2046 3190 2153 3237 loco
2175 3204 2249 3237 re-

246 3273 418 3333 petitur
442 3272 1099 3335 Resp.‚—quemadmodum
1135 3272 1281 3318 etiam
1309 3272 1361 3318 in
1394 3271 1590 3332 Vigiliis
1627 3271 1950 3327 Mortuorum,
1972 3286 2094 3332 quas
2128 3270 2255 3317 vide.

246 3353 544 3417 —Tempore
571 3351 801 3399 Paschali
818 3352 932 3399 vero
954 3359 1053 3399 tam
1080 3352 1403 3414 Responsorio
1419 3357 1570 3414 quam
1582 3352 1837 3399 Versiculo
1859 3351 2052 3399 additur
2074 3350 2254 3413 duplex

246 3432 953 3496 alleluja-quemadmodum
974 3432 1120 3479 etiam
1143 3433 1205 3479 ad
1225 3433 1551 3493 praecedentes
1572 3432 1745 3481 Horas.

1244 3537 1261 3571 1
