2910 4457
535 427 617 489 92
1174 444 1342 487 rann
1385 443 1601 496 cumn
1642 443 1714 484 nr
1761 443 1966 494 onim-a

598 558 772 609 Gloria
793 558 953 607 Patri.
969 560 1034 607 A.
1050 557 1124 607 De
1143 556 1411 618 promndis
1425 558 1529 607 cla-

539 622 678 670 mavi
697 622 759 671 ad
782 624 830 669 te
849 621 976 669 Dne.

810 681 1054 729 Psalmua
1083 693 1248 729 cxoeoe.

627 744 797 792 omine
812 756 912 792 non
933 748 1009 791 est
1028 744 1300 791 exaltatum
1317 754 1401 790 cor
1421 754 1529 791 me·-

628 818 718 853 um
745 819 939 865 :neque
961 805 1077 854 elati
1107 809 1230 853 sunt
1252 805 1385 853 oculi
1406 805 1528 854 mei.

599 868 773 927 Neque
792 867 1052 915 ambulavi
1084 867 1137 914 in
1171 867 1411 927 magnis:
1441 879 1531 916 ne-

538 941 635 991 que
658 930 710 976 in
734 929 1058 977 mirabilibus
1078 940 1229 988 super
1251 941 1351 976 me.

600 991 655 1039 Si
680 1004 780 1038 non
809 991 1073 1039 humiliter
1101 991 1380 1039 sentiebam
1404 1005 1418 1039 ε
1440 990 1528 1039 sed

537 1052 750 1101 exaltavi
772 1054 1000 1100 animam
1027 1065 1214 1100 meam.

604 1114 746 1163 Sicut
773 1115 1051 1163 ablactatus
1082 1117 1157 1162 est
1187 1125 1337 1172 super
1367 1118 1531 1162 matre

538 1187 632 1224 sua
654 1177 754 1225 :ita
777 1176 1041 1224 retributio
1057 1173 1109 1222 in
1132 1175 1304 1223 anima
1323 1188 1453 1223 mea.

601 1236 772 1296 Speret
786 1237 941 1286 Israiss
956 1238 1009 1285 in
1025 1237 1138 1285 1)ῇο
1158 1252 1172 1287 :
1188 1249 1246 1286 ex
1262 1236 1354 1285 hoc
1369 1248 1527 1297 nunc,

538 1303 588 1347 et
609 1312 769 1359 usque
791 1300 844 1346 in
867 1299 1129 1347 saeculum.

600 1360 771 1409 Gloria
796 1361 956 1410 Patri.
989 1362 1053 1410 A.
1082 1361 1255 1421 Speret
1285 1360 1441 1410 Israel
1474 1360 1529 1409 in

537 1418 774 1471 Domino.

607 1483 732 1545 Cap.
754 1485 866 1533 Diis
888 1489 1077 1533 autem.
1093 1484 1159 1545 (p.
1180 1483 1279 1543 88.)

601 1546 647 1593 Α
675 1548 785 1596 Diie
831 1559 896 1595 ne
935 1546 988 1593 in
1027 1547 1103 1594 ira
1136 1558 1290 1608 usquc
1329 1545 1399 1595 ad

902 1607 1165 1668 Hymnus,

544 1668 707 1777 Coeli
724 1670 861 1718 Deus
879 1669 1216 1727 sanctissime,

625 1729 729 1790 Qui
751 1731 978 1778 lucidum
1000 1736 1230 1778 centrum
1252 1728 1354 1789 poli

540 1789 768 1839 Candore
788 1792 958 1850 pingis
980 1792 1143 1851 ignee,

541 1850 755 1912 Augens
775 1853 952 1900 decoro
973 1853 1200 1901 lumine:

603 1914 798 1973 Quarto
817 1914 899 1963 die
920 1914 1009 1973 qui
1033 1913 1322 1962 flammeam

540 1976 673 2026 Solis
694 1982 857 2024 rotam
881 1976 1218 2036 constituens;

537 2039 698 2090 Lunae
719 2037 1022 2086 ministrans
1041 2037 1213 2086 ordini

543 2100 716 2160 vagos
737 2112 972 2149 recursus
992 2100 1250 2149 siderum:

604 2163 675 2210 Ut
696 2162 945 2220 noctibus,
968 2162 1044 2210 vel
1067 2162 1272 2225 lumini,

540 2224 848 2285 Direptionis
870 2224 1169 2284 terminum,

541 2287 847 2336 Primordiis
867 2293 914 2336 et
936 2288 1193 2335 mensium

541 2349 759 2410 Signum
781 2350 928 2397 dares
950 2349 1311 2397 notissimum:

603 2410 846 2458 Illumina
867 2422 950 2458 cor
975 2408 1277 2470 hominum3

541 2470 791 2530 Absterge
812 2471 985 2519 sordes
1008 2472 1259 2519 mentium
1277 2484 1292 2532 ;

540 2532 753 2583 Resolve
773 2533 930 2590 culpae
952 2531 1216 2579 vinculum
1235 2546 1250 2593 3

539 2593 722 2644 Everte
741 2593 898 2641 moles
919 2593 1219 2641 criminum.

602 2656 811 2713 Praesta,
837 2656 1004 2703 Pater.
1027 2654 1208 2715 <p.88.)

601 2716 665 2777 ψ.
685 2717 948 2778 Dirigatur
970 2717 1100 2766 Dr'ie.
1120 2715 1280 2776 (ibid.)

601 2781 708 2829 Per
742 2780 885 2829 AEst.
911 2780 1158 2840 Hymnus
1189 2779 1344 2829 Lucis
1380 2778 1534 2830 Crea-

541 2841 742 2902 tor.(ib.)
786 2840 848 2902 ils.
871 2843 1156 2902 Dirigatur.

606 2906 668 2952 A.
692 2905 1322 2964 Respexistibumilitatem
1346 2916 1531 2963 meam,

541 2966 832 3088 (lpfiztsseus
873 2979 1038 3015 meuS.
1082 2968 1175 3015 Ps.
1217 2967 1533 3028 Magnificat.

575 3088 757 3138 Preces
774 3086 900 3151 [eta]
919 3093 1147 3150 utsupra
1158 3096 1224 3151 (p.
1237 3090 1300 3140 39
1309 3095 1531 3152 ακρῳ).

784 3211 995 3261 FERIA
1028 3213 1291 3273 QUINTA

850 3276 932 3322 Ad
964 3276 1224 3335 Vespera&

816 3335 1061 3384 Psalmus
1080 3335 1263 3396 cxoeoeJ.

646 3401 844 3445 emento
887 3398 996 3446 Dfie
1033 3398 1195 3445 David
1232 3413 1245 3447 x
1283 3400 1333 3446 et
1363 3397 1535 3447 omnis

647 3461 1058 3508 mansuetudinis
1077 3458 1204 3517 ejus.

609 3521 751 3570 Sicut
779 3520 975 3580 juravit
1002 3523 1115 3572 Dfio
1151 3536 1164 3571 ε
1193 3525 1368 3572 votum
1399 3522 1536 3572 vovit

548 3584 649 3633 Deo
667 3583 821 3633 Jacob
843 3598 856 3633 ε

1438 1556 1530 1607 XL,

1689 556 1745 606 Si
1771 555 2015 604 introiero
2037 555 2091 603 in
2115 554 2507 605 tabernaculum
2528 556 2628 606 do-

1623 629 1744 667 mus
1772 630 1896 667 meae
1923 633 1936 668 ε
1967 618 2014 667 si
2038 619 2307 669 ascendero
2338 619 2395 667 in
2429 617 2627 669 lectum

1623 680 1770 729 strati
1793 680 1895 728 mei
1916 695 1929 729 z

1686 742 1740 791 Si
1760 742 1943 789 dedero
1958 753 2198 789 somnum
2215 740 2376 791 oculis
2394 742 2557 792 meis:
2573 747 2629 793 et

1624 803 1877 865 palpebris
1898 804 2026 851 meis
2041 804 2481 865 dormitationem3

1686 866 1751 914 Et
1766 866 1992 925 requiem
2008 865 2322 924 temporibus
2349 866 2481 913 meis
2493 901 2507 925 ,
2530 865 2629 915 do-

1625 940 1716 976 nec
1737 928 1995 975 inveniam
2019 927 2183 975 locum
2207 928 2323 975 Dfio
2348 942 2362 976 :
2383 928 2630 978 taberna-

1624 990 1800 1038 culum
1821 989 1924 1036 Deo
1945 989 2116 1036 Jacob.

1686 1051 1811 1099 Ecce
1831 1051 2125 1098 audivimus
2144 1060 2256 1098 eam
2278 1050 2331 1097 in
2352 1049 2581 1109 Ephrata
2609 1068 2626 1102 ε

1625 1112 1919 1163 invenimus
1941 1124 2053 1160 eam
2076 1112 2129 1160 in
2149 1112 2345 1171 campis
2362 1113 2522 1162 silvae.

1690 1174 2024 1222 Introibimus
2095 1174 2150 1221 in
2228 1174 2622 1224 tabernaculum

1625 1236 1738 1295 eJ'us
1763 1251 1775 1284 z
1797 1235 2124 1285 adorabimus
2143 1235 2197 1283 in
2222 1235 2327 1284 loco
2347 1236 2437 1284 ubi
2469 1241 2626 1287 stete-

1625 1302 1749 1346 runt
1775 1299 1922 1357 pedes
1947 1298 2073 1358 eius.

1687 1360 1848 1420 Surge
1862 1360 1972 1407 Dfie
1984 1361 2038 1407 in
2056 1358 2282 1419 requiem
2300 1362 2441 1408 tuam
2462 1375 2477 1409 ε
2495 1364 2552 1409 tu
2569 1365 2624 1411 et

1625 1432 1741 1469 arca
1762 1421 2173 1470 sanctificationis
2194 1426 2310 1469 tuae.

1687 1483 1973 1532 Sacerdotes
2013 1483 2090 1530 tui
2133 1483 2414 1530 induantur
2451 1482 2622 1542 justi-

1625 1544 1750 1593 tiam
1772 1560 1785 1594 z
1807 1550 1854 1593 et
1875 1545 2036 1593 sancti
2057 1544 2134 1592 tui
2155 1544 2393 1593 exultent.

1686 1606 1896 1665 Propter
1910 1607 2070 1654 David
2084 1618 2288 1654 servum
2305 1610 2453 1654 tuum
2474 1621 2488 1657 z
2511 1618 2620 1656 non

1625 1673 1825 1716 avertas
1846 1668 2019 1716 faciem
2042 1666 2231 1717 Christi
2251 1668 2347 1715 tui.

1688 1730 1716 1776 J
1722 1730 1891 1778 uravit
1914 1730 2024 1777 Diis
2056 1730 2217 1777 David
2251 1729 2533 1789 veritatem,
2568 1734 2621 1779 et

1626 1802 1727 1838 non
1744 1791 2069 1839 frustrabitur
2084 1803 2195 1839 eam
2211 1791 2482 1841 :defructu
2500 1803 2623 1841 ven-

1627 1853 1722 1901 tris
1737 1854 1814 1901 tui
1832 1865 2012 1912 ponam
2037 1865 2187 1912 super
2202 1853 2372 1902 sedem
2388 1857 2554 1901 tuam.

1688 1914 1742 1964 Si
1768 1915 2098 1965 custodierint
2123 1914 2218 1963 filii
2246 1914 2324 1962 tui
2349 1919 2622 1963 testamen·

1625 1981 1737 2025 tum
1767 1989 1940 2025 meum
1961 1992 1974 2025 ε
1997 1982 2045 2024 et
2066 1976 2354 2025 testimonia
2375 1988 2488 2024 mea
2511 1976 2622 2027 haec

1627 2050 1740 2099 quae
1761 2038 1942 2086 docebo
1962 2050 2078 2087 eos:

1689 2100 1754 2148 Et
1770 2100 1861 2148 filii
1878 2112 2053 2149 eorum
2071 2111 2232 2160 usque
2257 2099 2312 2147 in
2333 2098 2582 2149 saeculum
2597 2115 2619 2151 z

1626 2162 1871 2211 sedebunt
1890 2174 2040 2221 super
2061 2162 2230 2209 sedem
2251 2166 2415 2210 tuam.

1690 2223 1947 2285 Quoniam
1977 2223 2125 2284 elegit
2145 2223 2254 2271 Diis
2275 2223 2398 2272 Sion
2425 2237 2440 2272 t
2467 2222 2623 2284 elegit

1628 2298 1739 2334 eam
1764 2287 1816 2334 in
1840 2287 2199 2335 habitationem
2223 2286 2341 2333 sibi.

1690 2350 1810 2397 Haec
1826 2348 2027 2408 requies
2047 2360 2157 2396 mea
2178 2347 2232 2395 in
2255 2347 2500 2395 saeculum
2517 2359 2624 2396 εω-

1628 2410 1731 2460 culi
1763 2425 1777 2460 z
1807 2409 1891 2458 hic
1926 2410 2183 2471 habitab03
2218 2408 2464 2470 quoniam
2492 2410 2625 2471 elegi

1536 2495 1540 2498 ’
1628 2485 1738 2522 eam
1746 2507 1759 2520 .

1691 2534 1914 2582 Viduam
1947 2534 2059 2593 ejus
2085 2533 2385 2582 benedicens
2415 2532 2629 2583 benedi-

1629 2607 1741 2705 caBn
1777 2610 1789 2645 z
1833 2607 2077 2656 pauperes
2109 2596 2221 2656 ejus
2255 2595 2496 2644 saturabo
2531 2608 2627 2656 pa-

1629 2670 1685 2705 ni
1722 2670 1801 2705 uS.

1692 2719 1981 2768 Sacerdotes
2005 2718 2115 2776 ejus
2134 2719 2346 2767 induam
2369 2718 2585 2769 salutari
2611 2736 2626 2771 ε

1629 2786 1679 2830 et
1692 2781 1854 2829 sancti
1870 2781 1981 2839 ejus
1994 2781 2295 2829 exultatione
2305 2780 2626 2831 exultabunt..

1692 2843 1819 2892 Illuc
1841 2844 2112 2903 producam
2136 2854 2294 2890 cornu
2315 2842 2513 2893 David:
2535 2856 2630 2904 pa—

1630 2906 1743 2953 ravi
1765 2906 2024 2953 lucernam
2048 2904 2246 2953 Christo
2269 2914 2399 2951 meo.
2461 2946 2466 2950 .

1691 2967 1934 3015 Inimicos
1947 2966 2056 3024 ejus
2072 2967 2283 3015 induam
2296 2964 2600 3016 confusione
2611 2983 2628 3018 ε

1630 3041 1780 3087 super
1798 3030 1966 3087 ipsum
1989 3033 2160 3076 autem
2180 3027 2422 3077 efflorebit
2440 3029 2633 3078 sancti-

1632 3091 1797 3139 ficatio
1817 3102 1947 3138 mea.

1693 3152 1863 3200 Gloria
1898 3150 2057 3199 Patri.
2085 3153 2149 3199 A.
2180 3150 2244 3200 Et
2272 3149 2444 3200 omnis
2474 3163 2632 3201 man-

1630 3213 1919 3263 suetudinis
1939 3213 2069 3271 eius.

1889 3275 2132 3322 Psalmus
2153 3271 2360 3333 coeoeoeij.

1712 3348 1792 3384 cce
1807 3349 1962 3396 quam
1984 3336 2174 3383 bonum
2194 3340 2242 3383 et
2263 3347 2418 3394 quam
2434 3335 2631 3395 jncun-

1711 3399 1836 3446 dum
1858 3413 1871 3447 z
1895 3398 2122 3446 babitare
2146 3397 2324 3444 fratres
2349 3397 2402 3444 in
2432 3410 2625 3447 unum.

1694 3460 1835 3509 Sicut
1858 3463 2179 3519 unguentum
2197 3459 2250 3506 in
2272 3458 2466 3525 capite:
2488 3461 2630 3520 quod

1632 3521 1886 3572 descendit
1896 3521 1950 3568 in
1960 3521 2190 3579 barbam,
2203 3520 2415 3569 barbam
2427 3521 2631 3571 Aaron:

1696 3583 1842 3644 Quod
1890 3583 2146 3632 descendit
2178 3582 2232 3631 in
2281 3593 2426 3631 oram
2474 3583 2633 3634 vesti-
