2910 4457
1018 321 1092 360 ,m
1134 321 1464 364 nunnius.
2197 306 2276 366 69

210 435 301 484 mei
325 450 339 482 z
362 433 527 496 magis
547 445 705 494 quam
721 433 946 482 babitare
963 433 1016 482 in
1033 434 1192 483 taber-

211 497 391 546 naculis
413 503 749 556 peccatorum.

262 559 391 619 Quia
425 557 828 606 misericordiam
852 563 900 605 et
931 557 1191 606 veritatem

207 619 361 681 diligit
395 622 535 669 Deus
572 635 585 668 :
628 619 847 680 gratiam
890 625 937 668 et
975 619 1186 680 gloriam

1350 435 1592 487 Miserere
1611 436 1713 485 mei
1733 437 1861 494 Dine,
1880 436 2122 496 quoniam
2144 437 2206 484 ad
2230 441 2279 486 tc

1287 497 1502 546 clamavi
1551 504 1650 547 tota
1683 498 1787 559 die;
1821 498 2014 546 laetifica
2048 497 2275 546 animam

1286 559 1417 607 servi
1450 560 1562 608 tui:
1596 561 1839 620 quoniam
1870 561 1932 609 ad
1967 566 2013 609 te
2034 561 2144 609 Bne
2165 560 2278 608 ani-

1287 633 1425 669 mam
1449 634 1615 669 meam
1639 622 1816 670 levavi.

1349 682 1604 742 Quoniam
1628 688 1683 729 tu
1705 683 1815 730 Due
1835 683 2023 743 suavis,
2049 689 2095 732 et
2118 683 2276 745 mitis;

1285 749 1334 791 et
1357 744 1528 792 multae
1551 742 1906 793 misericordiae
1937 746 2176 795 omnibus
2196 747 2277 794 in-

1286 804 1582 853 vocantibus
1614 809 1677 853 te.

1349 865 1579 915 Auribus
1611 866 1805 926 percipe
1847 867 1957 915 Dne
1997 868 2274 918 orationem

1286 940 1453 977 meam
1488 943 1500 976 :
1532 928 1738 978 intende
1770 929 1879 977 voci
1911 930 2276 988 deprecationis

1288 1002 1430 1039 meae.

1346 1053 1405 1100 In
1428 1053 1510 1101 die
1538 1051 1878 1102 tribulationis
1907 1066 2029 1103 meae
2060 1053 2274 1102 clamavi

1284 1114 1347 1161 ad
1371 1119 1418 1161 te
1443 1130 1457 1163 ι
1481 1115 1598 1174 quia
1623 1116 1868 1164 exaudisti
1892 1129 1990 1174 me,

1345 1175 1457 1225 Non
1481 1182 1554 1225 est
1586 1176 1770 1225 similis
1801 1177 1877 1225 tui
1908 1179 1960 1225 in
1992 1176 2094 1241 diis
2122 1178 2233 1226 Dr‘ie
2259 1192 2272 1225 ε

1282 1240 1331 1284 et
1354 1250 1454 1286 nou
1477 1243 1552 1286 est
1571 1240 1850 1287 secundum
1872 1252 2019 1298 opera
2042 1245 2147 1287 tua.

1345 1298 1537 1347 Omnes
1556 1305 1727 1360 gentes
1751 1313 2078 1360 quascunque
2097 1299 2271 1358 fecisti,

1281 1359 1485 1408 venient
1505 1366 1554 1408 et
1573 1363 1856 1409 adorabunt
1874 1375 2043 1410 coram
2066 1367 2114 1410 te
2134 1362 2273 1410 Dite:

1281 1426 1329 1470 et
1352 1421 1707 1481 glorificabunt
1731 1435 1914 1470 nomen
1938 1429 2104 1470 tuum.

1343 1482 1599 1542 Quoniam
1618 1495 1837 1542 magnus
1854 1497 1908 1531 es
1928 1490 1999 1540 tu,
2021 1489 2069 1532 et
2088 1483 2274 1532 faciens

1279 1542 1534 1592 mirabilia
1560 1559 1572 1592 ε
1598 1549 1653 1592 tu
1676 1557 1729 1592 es
1752 1545 1885 1593 Deus
1905 1546 2061 1594 solus.

1342 1607 1514 1654 Deduc
1536 1619 1618 1655 me
1639 1606 1749 1654 Dne
1782 1607 1836 1655 in
1868 1608 1950 1656 via
1981 1612 2085 1667 tua,
2116 1612 2165 1656 et
2197 1609 2273 1656 in-

1281 1668 1480 1728 grediar
1503 1669 1554 1717 in
1578 1669 1785 1718 veritate
1816 1674 1901 1718 tua
1928 1685 1940 1718 :
1964 1670 2157 1719 laetetur
2187 1683 2270 1718 eor

1279 1742 1451 1779 meum
1476 1736 1532 1778 ut
1555 1730 1730 1779 timeat
1760 1744 1944 1780 nomen
1977 1737 2143 1780 tuum.

1341 1791 1622 1841 Confitebor
1644 1792 1737 1840 tibi
1756 1794 1865 1841 Dr‘ie
1887 1795 2021 1842 Deus
2049 1807 2194 1842 meus
2216 1794 2269 1841 in

1277 1857 1379 1901 toto
1400 1856 1547 1902 corde
1568 1867 1677 1902 meo
1692 1860 1763 1902 :et
1782 1855 2065 1914 glorificabo
2087 1867 2268 1904 nomen

1278 1920 1425 1962 tuum
1447 1915 1501 1963 in
1525 1921 1789 1963 ueternum.

1341 1975 1473 2035 Quia
1505 1975 1849 2024 misericordia
1880 1981 1965 2023 tua
1987 1988 2172 2036 magna
2194 1981 2270 2023 est

1276 2037 1427 2096 super
1451 2050 1532 2085 me
1554 2053 1564 2084 :
1589 2042 1637 2085 et
1654 2037 1830 2084 eruisti
1850 2038 2079 2085 animam
2099 2049 2269 2084 meam

1277 2112 1335 2148 ex
1357 2098 1555 2147 inferno
1576 2097 1820 2146 inferiori.

1339 2162 1492 2219 Deus,
1517 2159 1681 2219 iniqui
1703 2159 2087 2207 insurrexerunt
2116 2171 2267 2218 super

1279 2236 1376 2282 me,
1400 2228 1448 2272 et
1469 2235 1723 2283 synagoga
1755 2220 2035 2281 potentium
2058 2222 2269 2282 quaesie-

1279 2290 1400 2332 runt
1421 2285 1647 2333 animam
1670 2296 1836 2333 meam
1865 2299 1877 2332 ε
1902 2290 1950 2333 et
1972 2296 2073 2333 non
2097 2297 2268 2345 propo-

1278 2353 1491 2395 suerunt
1514 2351 1559 2394 te
1580 2346 1634 2395 in
1657 2352 1923 2406 conspectu
1945 2360 2056 2395 suo·

1340 2409 1403 2457 Et
1424 2415 1481 2457 tu
1502 2410 1613 2457 Dite
1641 2408 1776 2457 Deus
1805 2408 2068 2463 miserator
2090 2415 2138 2459 et
2170 2410 2267 2458 mi-

1279 2470 1494 2520 sericors
1522 2487 1535 2521 :
1559 2471 1772 2530 patiens,
1796 2476 1845 2519 et
1864 2472 2036 2520 multae
2068 2472 2269 2520 miseri-

1281 2534 1462 2582 cordiae
1484 2538 1533 2581 et
1555 2545 1719 2589 verax,

1341 2594 1551 2654 Respice
1580 2594 1631 2641 in
1665 2605 1746 2639 me
1776 2596 1823 2638 et
1854 2591 2094 2639 miserere
2137 2593 2264 2651 mei3

1276 2656 1342 2704 da
1383 2653 1657 2714 imperium
1690 2657 1836 2699 tuum
1869 2665 2022 2710 puero
2054 2657 2139 2700 tuo
2173 2668 2186 2701 :
2218 2659 2267 2702 et

1276 2716 1475 2765 salvum
1501 2716 1573 2763 l'ac
1596 2714 1758 2761 silium
1780 2713 1973 2762 ancillae
1996 2719 2111 2763 tuae.

1340 2778 1439 2826 Fac
1473 2788 1673 2825 mecum
1707 2774 1913 2834 signum
1942 2774 1995 2823 in
2025 2777 2171 2833 bono,
2205 2781 2269 2825 ut

1277 2840 1483 2887 videant
1503 2837 1592 2898 qui
1614 2838 1828 2885 oderunt
1856 2850 1955 2895 me,
1987 2842 2035 2886 et
2056 2839 2269 2886 consun-

1277 2902 1504 2950 dantur:
1536 2898 1777 2960 quoniam
1810 2904 1866 2946 tu
1896 2900 2006 2948 Dne
2026 2901 2268 2962 adjuvisti

1279 2975 1376 3019 me,
1402 2968 1449 3012 et
1472 2962 1757 3011 consolatus
1778 2974 1831 3010 es
1852 2973 1950 3010 me.

1339 3025 1511 3074 Gloria
1541 3022 1700 3072 Patri.
1732 3025 1795 3071 A.
1826 3022 2130 3072 Benedixisti
2157 3024 2267 3072 Bne

1278 3090 1467 3136 terram
1490 3092 1651 3135 tuam.

1536 3148 1779 3195 Psalmus
1803 3144 2013 3205 loeoeoevj.

1281 3210 1675 3318 Fundamenta
1728 3208 1839 3266 ejus
1899 3206 1953 3253 in
2007 3207 2266 3256 montibus

1365 3270 1553 3318 sanctis
1578 3268 1779 3329 :diligit
1809 3270 1916 3316 Dus
1945 3274 2115 3328 portas
2144 3268 2262 3318 Sion

1276 3343 1425 3391 super
1446 3331 1618 3380 omnia
1640 3330 1956 3380 tabernacula
1978 3330 2149 3378 Jacob.

1278 3454 1323 3503 D
1338 3393 1567 3463 Gloriosa
1589 3394 1719 3443 dicta
1741 3397 1862 3443 sunt
1884 3393 1945 3441 de
1967 3397 2013 3441 te
2047 3406 2059 3441 ε
2085 3390 2263 3441 civitas

1325 3466 1389 3503 et.
