2910 4457
214 350 297 402 An
316 351 345 413 §
363 348 447 414 98)
805 363 844 404 s.
871 362 1054 403 cenna
1080 362 1299 404 eriscom
1324 363 1385 404 ετ
1411 362 1756 405 consessum.
2184 371 2364 416 xxxv

308 501 467 567 Cujus
486 501 641 552 etiam
656 499 870 550 utilitati
887 499 1183 563 consulens,
1200 497 1289 550 hic
1305 502 1364 549 ut
1381 499 1524 564 alibi,
1540 503 1649 550 tam
1665 499 1771 550 alia
1781 497 2032 564 quaedam,
2052 514 2209 564 quam
2221 515 2359 565 quae-

211 599 412 651 cunque
428 585 617 635 frustra
635 584 765 634 alias
780 584 837 633 in
853 582 955 633 hoc
974 587 1026 633 et
1041 582 1365 650 praecedente
1376 582 1652 633 Fasciculo
1673 586 2036 647 quaererentur,
2057 582 2262 646 quoties
2279 597 2363 632 ea-

210 668 323 719 dem
338 683 432 733 per
452 668 617 732 prima
639 671 846 717 tantum
866 665 1029 717 verba
1045 667 1102 715 in
1118 665 1387 717 Breviario
1409 666 1645 717 indicata
1664 666 1983 727 inveneram,
2002 692 2066 702 —-
2083 665 2269 731 partim
2294 680 2361 715 ex

208 752 503 818 supradicto
527 751 885 816 Depositionis
910 749 1115 813 Officio,
1141 751 1327 816 partim
1349 749 1576 816 aliunde,
1593 779 1660 789 -
1675 751 1814 801 inter
1832 750 2054 800 uncinos
2077 747 2362 815 complevi:

207 837 271 887 cf.
293 851 407 901 quae
424 835 478 884 in
495 833 756 885 Fasciculi
772 835 960 900 prioris
976 834 1182 883 Monito
1202 833 1448 883 Generali
1477 833 1585 900 (pp.
1603 836 1656 898 ii,
1680 834 1760 900 iii)
1789 835 1852 885 de
1869 835 1972 885 hac
1988 848 2045 884 re
2064 832 2204 882 dieta
2222 837 2363 883 sunt.

300 920 362 969 In
384 918 486 969 hoc
506 923 678 968 autem
695 917 1078 968 Translationis
1098 916 1281 967 Officio
1299 918 1375 967 ita
1394 917 1722 983 complendo,
1755 917 2032 983 “alleluja’'
2057 916 2359 981 ubicunque

203 1002 305 1053 hoc
328 1002 601 1068 Temporis
625 1000 896 1052 Paschalis
924 1001 1074 1063 rati0,
1098 999 1386 1050 secundum
1410 999 1541 1050 duas
1563 1000 1819 1052 Rubi-icas
1849 1006 2144 1067 sequentes,
2180 998 2362 1051 ambas

205 1102 270 1135 ex
291 1086 456 1151 ipsius
481 1085 584 1135 diei
605 1084 823 1135 Paschae
847 1082 1030 1133 Officio
1056 1088 1333 1145 extractas,
1355 1082 1674 1148 postulabat,
1698 1083 1899 1134 addidi:

306 1172 349 1217 1.
380 1166 490 1217 “Ab
525 1166 620 1217 hae
650 1166 735 1217 die
774 1182 930 1231 mque
962 1165 1035 1216 ad
1062 1164 1273 1216 Festum
1308 1163 1515 1216 Sanetae
1560 1165 1832 1217 Trinitatis
1868 1165 2154 1234 [exclusive]
2191 1183 2362 1220 omnes

207 1243 607 1315 “Responsionea
643 1248 1017 1321 Vei-siculorum
1040 1265 1151 1298 ωιτη
1173 1247 1386 1320 alleluja
1408 1248 1656 1299 dicuntur
1677 1248 1743 1300 de
1767 1247 1988 1300 Servilio
2011 1240 2203 1315 Diei(¹’)
2214 1268 2233 1311 ;
2261 1250 2364 1302 nisi

207 1332 304 1383 “ad
322 1332 556 1383 Primam
583 1350 694 1384 cum
720 1332 914 1383 dicitur
943 1330 1017 1385 Va
1043 1333 1251 1398 Exurge
1278 1330 1414 1383 D‘fie.
1434 1340 1558 1398 post
1583 1331 1620 1381 J
1622 1348 1716 1383 esu
1736 1332 1954 1383 Christe.
1979 1333 2102 1384 etin
2123 1332 2362 1399 Capitale

206 1415 287 1482 “[i.
307 1432 349 1467 e.
369 1417 427 1468 in
452 1415 621 1482 Officio
645 1415 959 1481 Capitulari:
988 1431 1039 1465 v.
1057 1416 1207 1465 Fasc.
1227 1414 1268 1479 I,
1285 1431 1337 1480 p.
1356 1413 1465 1481 xix]
1497 1431 1608 1465 ωιτη
1633 1414 1825 1466 dicitur
1848 1413 1922 1471 Va
1939 1416 2199 1467 Preciosa.
2223 1414 2363 1466 etad

205 1498 627 1566 “Completorium
660 1515 772 1549 cum
804 1498 997 1549 dieitur
1030 1495 1104 1553 Va
1131 1498 1352 1550 Custodi
1383 1513 1498 1549 nos.
1534 1504 1582 1549 et
1603 1504 1725 1563 post
1740 1497 2100 1565 Aepersionem
2113 1496 2277 1565 Aquae
2302 1498 2363 1551 in

206 1581 507 1633 “Dominica
530 1599 641 1633 cum
662 1581 853 1633 dicitur
877 1578 952 1636 Va
975 1580 1207 1632 Ostende
1230 1580 1434 1632 nobis.'’

300 1669 343 1715 2.
372 1665 479 1715 “E't
510 1664 773 1717 sciendum
805 1671 878 1716 eat
910 1664 1047 1731 quod
1080 1664 1252 1714 omnia
1282 1663 1600 1728 invitatoria,
1631 1680 1801 1716 omnes
1832 1663 2145 1731 antiphonae,
2187 1662 2361 1714 omnia

205 1748 574 1812 “responsoria,
598 1755 646 1800 et
668 1747 922 1810 inti-citae,
941 1755 990 1798 et
1007 1746 1337 1811 offertorium,
1362 1754 1409 1798 et
1427 1747 1790 1814 communiost),
1818 1748 1881 1798 ab
1901 1748 1998 1799 hac
2015 1748 2099 1799 die
2116 1763 2271 1814 aeque
2287 1747 2361 1799 ad

205 1832 413 1898 “festum
436 1830 646 1883 Sanctae
675 1830 945 1883 Trinitatis
970 1829 1254 1899 [exclusive]
1281 1830 1465 1883 debent
1487 1831 1759 1883 terminari
1781 1849 1893 1883 ωιτη
1916 1831 2130 1898 alleluja
2151 1831 2212 1884 in
2235 1830 2358 1885 Ser-

208 1916 354 1966 “vitio
378 1916 442 1967 de
466 1915 621 1967 Die.”

296 2000 448 2062 Quod
483 2006 655 2051 autem
691 2000 757 2051 ad
793 1998 846 2048 S.
883 1998 1074 2049 Ceddae
1098 1999 1347 2050 festorum
1376 2000 1790 2067 magnitudinem
1826 2000 2037 2063 attinet,
2075 1998 2361 2051 secundum

202 2084 361 2134 Usum
380 2084 826 2136 sarisburiensem
845 2084 1197 2147 Communem,
1214 2085 1346 2133 -in
1366 2099 1486 2149 quo,
1514 2088 1702 2150 praeter
1719 2088 1964 2147 quattuor
1979 2083 2232 2134 Ecclesiae
2256 2084 2358 2135 Oc·

199 2164 474 2216 cidentalis
490 2165 749 2217 Doctores
769 2172 821 2216 et
840 2166 891 2217 S.
910 2166 1225 2218 Edwardum
1239 2168 1451 2235 Regem,
1469 2167 1645 2218 nullus
1659 2167 1944 2218 Confessor
1960 2166 2151 2218 festum
2165 2167 2360 2235 duplex

196 2249 364 2312 habet,
392 2277 467 2287 —
496 2248 677 2300 Sancti
711 2251 879 2301 nostri
911 2251 1184 2317 Depositio
1220 2268 1426 2315 novem,
1462 2251 1758 2302 Translatio
1787 2255 1976 2314 autem,
2008 2255 2189 2319 utpote
2223 2252 2362 2304 intra

201 2332 422 2398 Tempus
438 2331 698 2382 Paschale
717 2332 925 2396 cadens,
959 2333 1115 2383 trium
1131 2339 1332 2384 tantum
1349 2334 1634 2384 lectionum
1650 2335 1854 2398 festum,
1873 2334 1967 2384 sed
1984 2351 2096 2386 cum
2111 2335 2358 2402 regimine

201 2414 338 2465 chori
364 2416 435 2481 (v.
454 2415 523 2466 ad
541 2416 571 2477 ἓ
593 2414 663 2481 8),
690 2420 750 2465 ut
772 2416 829 2465 in
860 2415 1168 2467 Calendario
1199 2417 1389 2469 diserte
1421 2417 1682 2482 docemur,
1713 2422 1837 2469 erat.
1864 2417 1928 2467 In
1952 2418 1996 2469 L
2015 2423 2204 2482 autem,
2238 2434 2356 2470 cum

202 2497 570 2550 Confessorum
601 2499 980 2565 praedictorum,
1010 2500 1062 2551 S.
1089 2500 1279 2552 Ceddae
1308 2501 1473 2552 solius
1501 2504 1690 2553 festum
1705 2502 1841 2552 inter
1857 2499 2104 2567 duplicia,
2133 2499 2358 2565 (scilicet

199 2581 331 2632 inter
367 2582 642 2649 inferiora,
682 2582 717 2631 i.
759 2598 803 2633 e.
842 2583 897 2632 in
934 2588 1116 2648 quarta
1160 2585 1443 2652 eademque
1487 2585 1673 2637 ultima
1709 2585 1993 2652 duplicium
2023 2582 2237 2652 classe,)
2277 2583 2357 2633 in·

200 2665 484 2732 venitur.(b)

296 2765 397 2816 Sed
420 2765 488 2816 ad
511 2764 723 2832 singula
737 2765 850 2830 jam
874 2765 1266 2818 descendamus.

272 2886 316 2955 ι’)
340 2888 619 2941 Servitium
641 2889 777 2952 Diei,
801 2890 888 2941 vel
910 2891 975 2942 de
996 2891 1113 2955 Die,
1143 2897 1222 2943 est
1319 2891 1598 2944 habemus:
1621 2892 1677 2941 in
1712 2908 1816 2957 quo
1858 2889 2046 2942 deinde
2079 2888 2214 2945 “Va'’
2238 2892 2356 2943 ubi-

202 2956 496 3007 Officiorum
532 2955 672 3006 Ordo
709 2957 798 3021 qui
830 2957 934 3007 diei
968 2959 1133 3009 cuivis
1163 2963 1223 3008 ut
1322 2974 1438 3024 que,
1473 2964 1524 3008 et
1549 2959 1635 3008 “in
1658 2957 1978 3022 Dominiea'’,
2005 2959 2199 3008 omissa
2216 2964 2354 3009 sunt.

200 3023 262 3071 ad
282 3024 501 3072 eundem
518 3024 636 3087 jure
658 3023 933 3089 principali
955 3025 1219 3089 pertinens
1402 3025 1439 3090 c)
1466 3025 1529 3074 In
1561 3024 1632 3075 L:
1673 3025 1749 3076 “et
1780 3041 1948 3075 omnes
1981 3024 2275 3089 antiphone,
2306 3032 2356 3076 et

198 3090 521 3155 assignatur:
558 3091 640 3138 cui
662 3091 921 3156 praecipue
948 3106 1219 3155 opponun-
1323 3091 1524 3142 “omnia
1556 3091 1897 3156 responsoria,
1931 3091 2105 3157 officia,
2139 3097 2188 3141 et
2234 3107 2262 3139 o
2305 3106 2355 3142 e-

198 3161 299 3217 tur;
321 3156 663 3207 exBreviario
684 3156 891 3222 quidem
909 3171 973 3205 ea
989 3158 1219 3207 Defunc-
1322 3158 1529 3221 “o-ende,
1568 3166 1617 3210 et
1658 3155 2075 3208 communionea.”
2107 3156 2172 3205 In
2206 3155 2245 3205 li
2282 3157 2355 3207 ris

200 3227 364 3271 torum
393 3227 444 3272 et
476 3220 612 3272 Dfiae
645 3222 845 3272 Nostrae
884 3221 1073 3273 Officia
1107 3240 1221 3288 quae
1320 3225 1521 3275 scilicet
1576 3224 2053 3274 Sarisburiensibus
2111 3222 2355 3273 introitus

201 3286 379 3337 Ordini
402 3288 528 3338 huic
556 3288 971 3352 superadduntur
999 3288 1070 3352 (v,
1099 3289 1165 3339 ad
1190 3291 1219 3350 ξ
1319 3290 1621 3356 plerumque
1640 3290 1866 3356 officium
1883 3294 2127 3350 vocatur3
2155 3287 2218 3337 de
2238 3287 2355 3352 offe-

201 3355 338 3417 115);
371 3355 551 3434 Missae
572 3370 713 3432 vern,
746 3368 1084 3432 quaecunque,
1109 3357 1220 3406 sive
1318 3357 1487 3407 renda
1505 3374 1628 3408 vero
1650 3374 1743 3423 pro
1765 3355 2024 3422 offertorio
2048 3359 2353 3405 occurrente

198 3420 1133 3538 ggggffidffltffingizznstgggtgffiffifitc
1134 3437 1222 3538 ι1111ῑὲ
1319 3440 1372 3473 v·
1394 3424 1905 3554 ἔζῗηῖζῃᾶξῖῑιῗῖἑῒο,
1928 3503 1992 3537 ex
2005 3488 2245 3540 omnibus
2263 3503 2352 3539 cu·

198 3555 366 3602 tamen
378 3553 534 3604 uthic
547 3553 728 3604 saltem
746 3553 1125 3617 (inhisduabus
1137 3569 1219 3604 ru-
1311 3556 1609 3620 juscunque
1645 3556 1852 3622 generis
1891 3553 2040 3604 festis
2087 3554 2205 3604 Non
2241 3554 2352 3604 Du·-

198 3617 377 3687 bricis)
406 3619 575 3670 Missae
593 3620 995 3685 qualescunque,
1050 3626 1221 3670 taeter·
1317 3622 1542 3687 plicibus
1568 3621 1682 3671 sola
1719 3622 1769 3671 S.
1806 3619 2048 3671 Nicholai
2076 3620 2350 3686 Depositio

200 3699 350 3748 quam
361 3685 425 3736 de
436 3686 847 3751 Defunctis,non
861 3687 1011 3736 exclu
1049 3691 1218 3736 antur.
1321 3688 1496 3738 colore
1519 3687 1744 3740 coeruleo
1769 3688 1826 3737 in
1851 3685 2160 3738 Calendario
2188 3687 2351 3754 scrip-

264 3752 500 3803 Ceterum
534 3754 591 3804 in
623 3753 683 3816 L,
720 3753 805 3805 “in
834 3753 1043 3805 servicio
1084 3751 1221 3805 die?
1319 3760 1375 3805 ta
1398 3760 1493 3805 est.
