2910 4457
1126 401 1200 440 An
1242 402 1575 444 nar-ornus.
2316 388 2400 451 ⁸5

612 510 857 558 Psalmus
874 511 1014 573 ωῐίϋ.

412 584 503 621 eus
523 573 731 621 auribus
767 574 954 621 nostris
969 575 1269 625 audivimus
1293 593 1307 628 z

330 693 373 742 b·
411 638 576 693 patres
593 634 753 683 nostri
773 636 1207 686 annuntiaverunt
1220 652 1311 687 no-

361 707 423 754 is,

315 750 320 761 '
384 756 524 815 Opus
551 757 685 816 quod
705 762 941 816 operatus
960 771 1013 807 es
1048 760 1101 807 in
1130 761 1311 811 diebus

327 829 490 866 eorum
517 820 671 867 :etin
693 819 873 867 diebus
888 821 1131 881 antiquis,

381 881 568 930 Manus
604 886 690 928 tua
724 885 898 940 gentes
927 882 1229 941 disperdidit
1263 889 1314 933 et

312 941 553 1000 -plantasti
592 954 676 990 eos
708 957 722 991 ε
751 938 973 991 afflixisti
1013 945 1222 1005 populos
1263 950 1312 995 et

324 1003 548 1061 expulisti
568 1016 671 1052 eos.

270 1078 278 1085 ·
380 1065 476 1113 Nec
508 1065 649 1113 enim
687 1065 738 1113 in
758 1064 930 1125 gladio
958 1078 1051 1114 suo
1079 1068 1312 1126 possede-

326 1131 437 1173 runt
470 1131 661 1174 terram
689 1141 702 1175 :
733 1133 782 1175 ct
823 1127 1090 1177 brachium
1132 1142 1308 1178 eorum

324 1198 415 1234 non
435 1188 651 1236 salvavit
674 1200 787 1238 eos:

379 1249 467 1298 Sed
519 1251 726 1298 dextera
784 1255 898 1309 tua,
947 1255 995 1299 et
1043 1251 1309 1301 brachium

325 1313 483 1369 tuum,
535 1316 584 1360 et
632 1311 941 1360 illuminatio
977 1313 1148 1362 vultus
1178 1315 1255 1362 tui
1295 1329 1310 1364 :

323 1375 551 1429 quoniam
575 1374 929 1432 complacuisti
952 1373 1005 1421 in
1028 1374 1119 1423 eis,

378 1433 450 1481 Tu
494 1447 548 1482 es
596 1435 707 1494 ipse
755 1436 861 1483 Rex
906 1447 1052 1483 meus
1095 1441 1143 1484 et
1173 1438 1310 1486 Deus

325 1505 453 1544 meus
470 1511 482 1544 ε
500 1496 589 1556 qui
615 1498 837 1544 mandas
857 1497 1044 1545 salutes
1058 1497 1229 1547 Jacob.

376 1557 433 1605 In
465 1562 511 1605 te
547 1557 794 1607 inimicos
822 1563 1021 1607 nostros
1042 1560 1311 1609 ventilabi-

324 1627 429 1666 mus
448 1631 607 1666 cornu
631 1634 646 1668 z
671 1624 718 1666 et
750 1619 802 1666 in
828 1621 1034 1667 nomine
1061 1625 1147 1669 tuo
1169 1634 1311 1681 sper-

323 1689 489 1728 nemus
504 1681 836 1739 insurgentes
858 1681 908 1729 in
935 1682 1096 1729 nobis,

374 1741 478 1790 Non
512 1742 736 1791 enimin
769 1755 891 1790 arcu
924 1755 1035 1790 meo
1066 1745 1306 1802 sperabo:

319 1806 361 1848 et
386 1803 577 1862 gladius
593 1816 748 1851 meus
769 1817 869 1851 uon
888 1803 1100 1852 salvabit
1116 1818 1215 1854 me.

375 1864 578 1913 Salvasti
601 1865 749 1913 enim
774 1878 867 1913 nos
886 1867 948 1914 dc
969 1866 1310 1926 affligentibus

323 1936 404 1974 nos
426 1931 501 1975 :et
519 1927 756 1976 odientes
778 1939 870 1974 nos
892 1926 1183 1976 confudisti.

373 1988 428 2035 In
460 1988 560 2036 Deo
583 1988 921 2036 laudabimur
939 1993 1040 2037 tota
1060 1991 1141 2038 die
1160 2005 1172 2039 ε
1189 1995 1236 2038 ct
1253 1990 1308 2038 in

322 2049 515 2155 lnomine
549 2056 648 2099 tuo
679 2050 1030 2099 confitebimur
1064 2051 1117 2098 in
1155 2064 1310 2100 saecu-

340 2122 436 2158 um.

370 2173 507 2221 Nunc
521 2180 707 2223 autem
726 2173 951 2232 repulisti
970 2179 1017 2221 et
1035 2173 1306 2222 confudisti

318 2245 431 2284 nos:
459 2242 504 2284 et
526 2250 641 2285 nou
675 2234 950 2295 egredieris
969 2236 1107 2285 Deus
1129 2238 1182 2284 in
1206 2237 1311 2284 vir-

319 2297 496 2346 tutibus
515 2298 736 2347 nostris,

377 2359 612 2408 Avertisti
645 2371 745 2407 nos
768 2362 1046 2406 retrorsum
1069 2363 1180 2418 post
1210 2359 1312 2406 ini-

323 2418 466 2468 micos
494 2428 698 2470 nostros
731 2435 744 2469 :
770 2424 819 2467 et
848 2421 939 2479 qui
970 2420 1186 2469 oderunt
1220 2432 1311 2469 nos

323 2479 610 2540 diripiebant
635 2482 763 2531 sibi.

377 2542 560 2592 Dedisti
593 2556 691 2593 nos
746 2547 992 2601 tanquam
1024 2555 1141 2591 oves
1175 2555 1312 2591 esca-

324 2613 430 2651 rum
455 2620 466 2653 :
487 2611 533 2654 et
549 2606 601 2653 in
627 2604 873 2667 gentibus
891 2603 1173 2664 dispersisti
1200 2617 1309 2653 nOS.

381 2664 660 2715 vendidisti
713 2665 958 2724 populum
1007 2671 1156 2713 tuum
1200 2666 1313 2714 sine

326 2726 467 2781 pretio
485 2743 498 2776 :
513 2734 560 2776 et
576 2740 679 2777 non
712 2725 808 2773 suit
823 2726 1094 2775 multitudo
1111 2728 1165 2774 in
1182 2738 1313 2775 com-

325 2789 682 2838 mutationibus
707 2799 903 2835 eorum.

379 2848 595 2899 Posuisti
632 2861 735 2898 nos
770 2847 1096 2907 opprobrium
1130 2848 1314 2897 vicinis

325 2912 496 2960 nostris
514 2912 1002 2962 :subsannationem
1017 2915 1065 2957 et
1083 2911 1311 2960 derisum

325 2967 396 3017 his
416 2974 500 3032 qui
522 2974 574 3022 in
599 2972 822 3023 circuitu
853 2976 1025 3019 nostro
1045 2976 1185 3019 sunt.

379 3033 595 3082 Posuisti
650 3046 750 3082 nos
811 3032 866 3079 in
918 3032 1312 3081 similitudinem

324 3091 559 3144 Gentibus
593 3113 605 3145 ε
627 3094 1024 3144 commotionem
1055 3094 1234 3153 capitis
1257 3095 1311 3141 in

326 3156 529 3213 populis.

381 3217 500 3266 Tota
534 3218 620 3266 die
655 3216 959 3265 verecundia
990 3228 1102 3264 mea
1139 3221 1312 3264 contra

326 3286 399 3325 me
416 3285 489 3326 est
510 3284 593 3329 :et
627 3277 862 3327 confusio
897 3277 1037 3326 faciei
1058 3289 1181 3326 meae
1203 3290 1315 3326 coo-

295 3340 478 3396 'peruit
493 3353 595 3389 me.

381 3399 429 3449 A
448 3414 566 3450 voce
594 3398 950 3459 exprobrantis
980 3403 1028 3447 et
1049 3398 1314 3460 obloquen-

325 3461 391 3509 tis
413 3477 426 3511 ε
447 3474 476 3510 a
494 3462 619 3511 facie
636 3461 839 3509 inimici
852 3467 900 3509 et
920 3461 1281 3521 persequentis·

382 3524 497 3574 Haec
534 3523 715 3573 omnia
744 3527 994 3572 venerunt
1013 3535 1161 3585 super
1192 3536 1309 3582 nos,

1411 527 1502 563 nec
1522 513 1662 564 obliti
1685 527 1868 567 sumus
1897 521 1948 566 te
1979 522 2064 569 zet
2092 517 2267 580 inique
2298 533 2400 571 non

1408 577 1609 637 egimus
1625 577 1680 626 in
1703 584 1999 628 testamento
2020 585 2124 629 tuo.

1470 638 1534 687 Et
1551 651 1649 688 non
1667 642 1868 689 recessit
1883 648 2018 690 retro
2034 654 2119 690 cor
2135 647 2366 693 nostrum
2386 659 2400 694 ε

1407 704 1458 806 et
1492 700 1754 749 declinasti
1787 704 1997 752 semitas
2025 708 2224 754 nostras
2259 717 2289 754 a
2319 706 2403 755 via

1430 772 1514 808 ua.

1474 820 1731 881 Quoniam
1768 822 2049 873 humiliasti
2081 839 2173 875 nos
2207 829 2261 876 in
2297 828 2404 879 loco

1408 880 1791 934 afflictioniszet
1813 887 2067 944 cooperuit
2095 900 2187 937 nos
2215 891 2401 939 umbra

1409 944 1609 991 mortis,

1473 1005 1526 1053 Si
1545 1004 1685 1053 obliti
1703 1017 1886 1054 sumus
1901 1020 2084 1056 nomen
2100 1010 2193 1057 Dei
2214 1014 2403 1063 nostri:

1409 1070 1460 1114 et
1487 1067 1531 1114 si
1559 1068 1894 1126 expandimus
1913 1082 2098 1119 manus
2128 1079 2327 1124 nostras
2342 1076 2406 1124 ad

1409 1128 1563 1177 deum
1585 1129 1829 1177 alienum.

1475 1190 1653 1239 Nonne
1692 1191 1829 1239 Deus
1869 1193 2091 1253 requiret
2132 1193 2264 1244 ista?
2301 1197 2408 1257 ipse

1410 1251 1549 1300 enim
1573 1252 1714 1300 novit
1733 1253 2026 1303 abscondita
2052 1257 2236 1305 cordis·

1457 1312 1728 1379 ‘Quoniam
1747 1321 2012 1373 propterte
2034 1320 2406 1368 mortificamur

1410 1378 1511 1422 tota
1535 1375 1647 1424 die:
1671 1377 1907 1425 aestimati
1929 1390 2111 1428 sumus
2137 1381 2270 1428 sicut
2289 1393 2408 1431 oves

1409 1436 1693 1483 occisionis·

1474 1496 1693 1556 Exurge,
1747 1510 1902 1557 quare
1950 1500 2211 1548 obdormis
2261 1502 2407 1552 Due?

1413 1569 1598 1617 exurge
1620 1562 1667 1605 et
1689 1570 1751 1606 ne
1769 1559 1980 1618 repellas
2000 1560 2054 1607 in
2079 1561 2252 1610 finem.

1477 1618 1649 1679 Quare
1672 1617 1849 1668 faciem
1873 1625 2013 1668 tuam
2042 1625 2263 1673 avertis:
2285 1625 2413 1674 ohli-

1412 1680 1620 1729 visceris
1650 1680 1829 1740 inopiae
1853 1688 2036 1732 nostra:
2056 1690 2104 1734 et
2125 1686 2412 1736 tribulatio-

1411 1743 1493 1790 nis
1516 1745 1734 1790 nostrae?

1477 1803 1730 1864 Quoniam
1748 1805 2017 1855 humiliata
2039 1811 2114 1856 est
2131 1808 2182 1856 in
2209 1809 2413 1869 pulvere

1411 1866 1585 1914 anima
1617 1873 1787 1915 nostra
1809 1883 1822 1916 ε
1845 1870 2227 1929 conglutinatus
2258 1877 2334 1920 est
2355 1872 2410 1919 in

1411 1931 1544 1974 terra
1560 1932 1732 1975 venter
1749 1936 1935 1977 noster.

1474 1988 1675 2047 Exurge
1705 1989 1839 2047 Dine,
1877 1991 2062 2048 adjuva
2094 2004 2218 2040 nos:
2248 1997 2296 2040 et
2333 2004 2411 2041 re·-

1410 2049 1549 2097 dime
1565 2061 1659 2097 nos
1680 2055 1880 2110 propter
1904 2063 2088 2099 nomen
2112 2057 2282 2099 tuum.

1693 2171 1937 2217 Psalmus
1968 2172 2126 2233 oeliitff.

1491 2232 1710 2279 ructavit
1745 2244 1829 2279 cor
1867 2245 2041 2282 meum
2080 2234 2291 2282 verbum
2325 2235 2414 2284 bo-

1493 2306 1618 2341 num
1637 2308 1651 2342 i
1672 2294 1783 2342 dico
1802 2306 1891 2354 ego
1908 2307 2055 2354 opera
2076 2307 2186 2344 mea
2211 2296 2358 2356 Regi.

1475 2356 1671 2414 Lingua
1686 2368 1798 2403 mea
1816 2356 2043 2406 calamus
2061 2359 2236 2406 scribae
2254 2374 2268 2407 z
2285 2360 2411 2408 velo-

1409 2417 1532 2465 citer
1554 2417 1837 2466 scribentis,

1471 2479 1733 2539 Speciosus
1767 2480 1925 2528 forma
1954 2491 2055 2539 prae
2090 2480 2211 2529 filiis
2240 2481 2407 2529 homi-

1410 2552 1555 2602 num3
1571 2541 1756 2589 diffusa
1774 2547 1848 2590 est
1863 2543 2024 2601 gratia
2041 2541 2092 2591 in
2111 2543 2258 2590 labiis
2274 2544 2403 2592 tuis:

1411 2614 1500 2661 pro
1505 2608 1671 2662 pterea
1690 2603 1941 2651 benedixit
1959 2608 2006 2651 te
2024 2603 2162 2651 Deus
2181 2605 2233 2651 in
2259 2609 2403 2653 aeter-

1410 2675 1555 2710 num.

1473 2723 1752 2783 Accingere
1770 2722 1935 2781 gladio
1958 2726 2045 2769 tuo
2065 2735 2218 2782 super
2236 2723 2401 2773 femur

1410 2789 1558 2830 tuum
1579 2799 1592 2831 ε
1614 2784 1977 2842 potentissime,

1472 2845 1643 2904 Specie
1678 2850 1763 2892 tua
1797 2849 1845 2893 et
1873 2844 2250 2903 pulchritudine
2282 2852 2402 2898 tua:

1409 2906 1631 2964 intende,
1654 2918 1887 2965 prospere
1906 2907 2112 2965 procede
2125 2942 2137 2965 ,
2156 2913 2204 2956 et
2226 2920 2400 2969 regna.

1473 2969 1682 3026 Propter
1713 2968 1993 3026 veritatem,
2028 2973 2076 3016 et
2107 2976 2405 3019 mansuetu-

1409 3029 1608 3088 dinem,
1644 3034 1691 3077 et
1717 3030 2005 3089 justitiam:
2039 3034 2087 3078 et
2117 3031 2325 3081 deducet
2354 3038 2405 3081 te

1410 3091 1709 3139 mirabiliter
1731 3093 1929 3139 dextera
1951 3097 2057 3140 tua.

1471 3154 1673 3212 Sagittae
1708 3159 1806 3200 tuae
1828 3157 2017 3212 acutae3
2042 3152 2212 3212 populi
2233 3154 2329 3202 sub
2351 3160 2401 3204 te

1410 3216 1591 3263 cadent
1614 3229 1627 3264 ε
1650 3215 1703 3263 in
1727 3215 1875 3263 corda
1897 3213 2224 3262 inimicorum
2248 3216 2403 3276 regiS.

1474 3276 1625 3326 Sedes
1651 3281 1743 3324 tua
1774 3277 1912 3323 Deus
1950 3276 2002 3323 in
2037 3276 2279 3324 saeculum
2312 3289 2405 3326 sae-

1411 3337 1549 3387 culi:
1582 3337 1725 3398 virga
1762 3337 2057 3386 directionis
2085 3337 2231 3399 virga
2259 3338 2403 3397 regni

1411 3398 1507 3446 tui.

1474 3458 1701 3508 Dilexisti
1736 3459 1990 3520 justitiam
2026 3464 2075 3508 et
2111 3459 2262 3508 odisti
2303 3459 2406 3507 ini-

1409 3521 1652 3582 quitatem
1676 3538 1688 3571 :
1712 3527 1968 3583 propterca
1991 3522 2137 3571 unxit
2159 3525 2207 3569 te
2238 3520 2401 3581 DcuS,

2191 4027 2528 4348 s

1541 4431 1550 4442 2
1571 4421 1612 4442 τ’
1625 4419 1704 4447 „2⁴5³
1721 4417 1768 4447 lx...
1781 4439 1798 4447 ,γ
1809 4439 1866 4447 a*
