2910 4457
214 452 298 505 AB
311 452 349 516 5
363 450 579 519 20—26)
1022 468 1183 509 axa-m
1208 467 1393 510 rmus
1417 467 1682 510 ussum.
2280 450 2371 539 vij

218 607 269 654 et
288 600 677 655 “advenerunt'’
704 599 813 668 (vel
837 600 1196 673 “advenistis)
1225 601 1415 655 hodie”
1438 617 1535 670 pro
1570 600 1796 668 ‘span-tim
1827 599 1984 653 hodie
2015 599 2370 653 advenerunt”

215 684 322 752 (vel
344 683 719 751 ‘⁴advenisfis'’)
744 686 928 751 accipi.

306 773 346 844 9
372 772 529 845 21.)
582 765 925 855 EXULTRT]
956 778 1130 844 Hujus
1162 778 1350 846 hymni
1381 782 1632 843 metrum,
1672 792 1766 829 seu
1797 777 1975 846 potius
2008 776 2160 827 metri
2195 781 2372 842 typus,

210 872 269 919 ut
294 869 358 931 §5
386 872 414 918 2
444 868 516 935 (q.
534 867 615 937 v.)
638 874 690 919 ot
715 870 764 932 5,
796 867 959 920 Iamb.
985 868 1125 921 Dim.
1158 868 1308 921 Aeac.
1337 874 1432 920 cst.
1462 865 1763 920 Notandum
1788 872 1870 920 est
1892 873 2083 932 autem,
2104 866 2163 917 in
2188 867 2370 933 primis

212 956 452 1017 quattuor
484 952 818 1016 tetrastichis‚
851 952 1042 1017 ubique
1064 954 1344 1019 posterius,
1367 953 1423 1002 in
1449 953 1604 1003 tertio
1627 953 1772 1020 prius
1805 952 1960 1002 etiam
1979 965 2226 1003 versuum
2259 963 2370 1016 par,

205 1037 262 1086 in
281 1035 499 1101 reliquis
537 1035 743 1088 duobus
764 1051 948 1087 versus
970 1035 1189 1099 medios,
1224 1034 1658 1087 homoeoteleutos
1683 1050 1819 1087 esse.
1842 1035 1973 1085 Item
2005 1031 2282 1084 elisionem
2312 1032 2370 1081 in

207 1120 360 1172 tertio
381 1118 663 1186 (Soraeque
688 1118 815 1186 qim)
840 1124 893 1170 et
916 1123 1099 1184 quarto
1123 1117 1343 1185 (Sancte
1364 1118 1546 1185 oeyros)
1570 1120 1881 1186 neglectam.

304 1207 346 1277 fi
373 1205 530 1279 28.)
567 1215 698 1263 Pan
721 1224 907 1260 manus
933 1210 1035 1275 Ap.
1057 1237 1124 1249 —
1149 1209 1330 1277 plebe:
1360 1216 1413 1261 et
1436 1226 1506 1261 m.
1536 1226 1627 1261 eos
1654 1208 1725 1276 p.]
1754 1208 1990 1276 InVulg.
2015 1208 2046 1237 “
2051 1212 2128 1259 12.
2145 1208 2370 1257 Perma-

210 1302 341 1353 “nus
367 1307 544 1353 autem
561 1301 661 1366 Ap.
677 1328 742 1337 —
757 1299 927 1366 plebe.
950 1300 1020 1350 Et
1047 1307 1196 1352 erant
1210 1302 1525 1353 unanimiter
1549 1316 1728 1352 omnes
1744 1301 1800 1351 111
1827 1302 2033 1366 porticu
2053 1298 2367 1350 Salomonis.

203 1384 326 1451 “(G.
339 1384 361 1451 )
405 1387 485 1437 13.
525 1384 827 1436 Ceterorum
866 1387 1039 1434 autem
1077 1398 1231 1436 nemo
1271 1383 1500 1436 audebat
1538 1399 1595 1435 se
1633 1385 1954 1450 conjungere
1990 1383 2125 1435 illis.-
2169 1383 2264 1434 sed
2301 1398 2368 1434 m.

204 1467 329 1520 “eos
351 1465 441 1534 p.‘’

309 1565 526 1614 IBAN'r
555 1508 818 1625 Apostoli]
845 1556 907 1607 In
934 1556 1091 1624 Vulg.
1108 1557 1322 1609 “Etilli
1334 1557 1544 1624 quidem
1564 1557 1775 1625 [nempe,
1792 1555 2054 1625 Apostoli]
2072 1557 2252 1610 ibant!
2257 1556 2370 1607 ’De

198 1648 504 1716 cujusmodi
532 1647 1101 1701 accommodationibus
1128 1650 1221 1700 vix
1250 1665 1417 1717 operae
1442 1652 1665 1716 pretium
1693 1656 1773 1702 est
1803 1651 2006 1702 moneri
2027 1649 2294 1701 lectorem.

294 1729 339 1799 fl
366 1729 528 1799 24.)
554 1732 655 1783 Pro
681 1733 772 1782 “in
788 1731 1069 1783 aeternum”
1086 1732 1147 1797 L,
1167 1732 1230 1783 de
1248 1748 1408 1797 more,
1428 1732 1784 1784 “ineternum”
1788 1771 1802 1785 .

295 1816 548 1869 Collocet
574 1831 694 1867 eum
722 1814 838 1866 Dns
868 1830 986 1866 cum
1012 1816 1336 1882 principibus
1361 1817 1547 1884 populi
1570 1815 1687 1885 sui.]
1716 1816 1837 1867 Hoc
1862 1832 1957 1885 pro
1987 1824 2114 1869 voto
2138 1817 2372 1869 fidelium

188 1895 249 1951 in
277 1900 470 1953 Sancti
500 1898 672 1949 adhuc
696 1900 924 1949 viventis
951 1898 1186 1950 favorem
1213 1901 1370 1966 facte,
1406 1904 1459 1951 et
1483 1899 1573 1951 hic
1595 1899 1896 1952 meditative
1923 1902 2164 1968 repetito,
2203 1900 2371 1967 accipi

186 1977 386 2052 potest.
415 1983 493 2034 Et
509 1982 588 2034 sic
604 1982 662 2031 in
679 1980 952 2033 similibus.

559 2112 620 2179 4.
703 2109 799 2195 311
864 2116 1170 2180 tammum
1236 2116 1408 2180 unius
1471 2116 1796 2196 aucturis
1860 2126 2016 2182 ntra

985 2214 1239 2297 &empus
1285 2215 1589 2298 vandale.

290 2339 332 2409 5
362 2338 532 2409 25.)
564 2327 943 2417 PAsanLn)
969 2340 1031 2390 111
1056 2341 1119 2404 L,
1134 2338 1342 2406 pache,
1370 2341 1406 2390 i.
1436 2355 1481 2389 e.
1516 2344 1822 2394 PAscnAE:
1855 2335 1920 2389 of.
1944 2337 2012 2389 ad
2035 2338 2066 2400 g
2089 2342 2170 2389 44.

279 2433 391 2485 Hae
406 2430 692 2501 praedictae
716 2432 833 2484 duoe
859 2429 1155 2496 antiphona:
1169 2460 1241 2470 —-
1261 2446 1365 2496 per
1392 2429 1777 2497 hebdomadam]
1808 2431 1872 2480 In
1896 2429 1956 2494 L,
1981 2428 2094 2481 Hee
2122 2429 2225 2480 due
2244 2446 2368 2496 pre—

173 2512 316 2565 dicte
346 2514 432 2566 a'e
450 2531 638 2580 —per
666 2514 886 2567 ebdom:
912 2515 976 2565 cf.
996 2514 1061 2564 ad
1080 2515 1110 2576 ὅ
1128 2517 1176 2565 4.
1200 2513 1652 2576 Quemadmodum
1669 2520 1840 2564 autem
1858 2529 1953 2580 pro
1972 2513 2066 2579 his,
2097 2513 2197 2566 hiis
2208 2512 2283 2582 (v,
2302 2514 2371 2566 ad

170 2599 202 2660 ἓ
224 2598 297 2668 3),
318 2601 403 2650 sic
426 2605 483 2650 et
501 2614 601 2665 pro
620 2597 677 2649 1ιί
694 2604 745 2649 et
760 2597 839 2649 72ae
853 2599 957 2650 hoc
972 2598 1180 2649 MStum
1199 2599 1263 2648 de
1278 2614 1422 2649 more
1438 2597 1516 2649 hii
1533 2603 1585 2650 et
1598 2599 1689 2650 hee
1703 2598 1877 2649 habet.

279 2682 472 2744 Quum
508 2697 641 2732 vero
667 2680 730 2731 de
758 2680 861 2732 afia
886 2683 943 2732 in
970 2683 1127 2731 trium
1153 2681 1439 2732 lectionum
1461 2681 1608 2732 festis
1633 2681 1855 2732 dicenda
1878 2680 2011 2732 nihil
2039 2681 2253 2746 dicatur,
2277 2699 2368 2733 ne-

169 2766 416 2818 cessario
455 2764 852 2830 conjiciendum
883 2764 1108 2828 videtur,
1140 2770 1231 2815 aut
1255 2767 1312 2815 in
1338 2765 1526 2815 iisdem
1551 2766 1689 2815 inter
1716 2763 1821 2816 Iste
1851 2763 2074 2816 Sanctus
2103 2771 2154 2815 et
2174 2763 2370 2816 Beatus

164 2851 254 2901 vir
284 2849 621 2900 electionem
643 2847 862 2899 liberam
890 2849 1052 2899 fuisse
1077 2847 1165 2912 (cf.
1191 2849 1258 2899 ad
1287 2850 1318 2910 ἓ
1348 2849 1449 2915 27),
1476 2854 1566 2899 aut
1589 2847 1751 2914 (quod
1773 2849 1996 2898 fortasse
2019 2848 2365 2915 probabilius)

161 2934 425 3002 priorem,
454 2929 905 2998 quemadmodum
926 2932 982 2981 in
1010 2932 1161 2982 Brev.
1191 2932 1359 2996 Rom„
1386 2932 1696 2999 regulariter
1718 2933 1881 2982 fuisse
1904 2930 2198 2984 dicendam.

265 3016 471 3067 Matth.
494 3019 547 3064 7.
567 3011 657 3079 D.]
683 3013 746 3063 In
767 3011 1009 3080 Capitulo
1031 3011 1135 3067 Iste
1154 3012 1376 3065 Sanam
1391 3014 1576 3064 ultima
1593 3020 1795 3064 tantum
1811 3012 1990 3077 verba,
2012 3030 2193 3079 eaque,
2212 3021 2366 3083 utpo-

160 3107 218 3152 te
250 3100 324 3151 ad
351 3097 513 3151 aliud
545 3094 843 3161 subjectum
870 3097 1261 3148 accommodata
1294 3097 1435 3163 (nam
1453 3098 1727 3149 aDomino
1745 3099 1936 3150 Nostro
1957 3097 2021 3148 de
2041 3096 2193 3150 domo
2216 3113 2366 3164 para-

153 3184 346 3239 bolica
374 3182 606 3251 prolata
632 3179 792 3248 sunt),
819 3179 1199 3246 aliquantulum
1215 3186 1429 3245 mutata,
1457 3180 1522 3231 ab
1541 3182 1770 3232 indicato
1792 3181 1910 3233 loco
1940 3181 2200 3246 descripta
2221 3186 2362 3232 sunt.

259 3269 406 3320 Post
424 3267 525 3316 “in
545 3263 841 3330 sapientia''
859 3265 923 3330 L,
937 3271 1061 3331 post
1076 3265 1165 3314 “in
1176 3264 1413 3330 justitia'’
1432 3265 1605 3333 Vulg.²
1624 3265 1767 3316 addit
1786 3265 1961 3318 “sua'’.

261 3349 303 3419 fi
329 3347 506 3416 26.)
535 3345 656 3398 sine
673 3345 916 3412 regimine
934 3345 1095 3413 chori]
1117 3347 1180 3397 V.
1199 3347 1266 3397 ad
1284 3348 1314 3409 ὅ
1334 3350 1381 3399 8.

259 3444 313 3487 et
341 3434 425 3486 ad
455 3429 631 3483 Μαιέ
662 3429 905 3496 ((poat?))
934 3430 991 3481 ix
1014 3429 1124 3497 lea]
1157 3431 1212 3481 Si
1239 3446 1347 3481 non
1362 3439 1485 3497 post
1510 3431 1598 3481 vel
1615 3430 2050 3495 adinserendum,
2076 3435 2136 3479 ut
2141 3437 2262 3494 post
2278 3429 2365 3481 vel

149 3517 232 3571 ad
256 3534 471 3570 nonam
500 3512 786 3566 concionem
802 3512 1022 3580 legatur,
1045 3513 1187 3564 istud
1205 3513 1294 3564 “ix
1311 3512 1431 3564 lec.'’
1464 3529 1591 3565 casu
1607 3514 1817 3580 quidem
1835 3513 2083 3579 ablativo,
2106 3515 2248 3564 nond
2266 3514 2364 3566 lec·

146 3603 323 3669 aione,
357 3601 465 3654 sed
486 3614 667 3652 sensu
682 3596 930 3661 locatim,
960 3597 1248 3647 accusativi
1266 3596 1379 3646 scil.
1398 3612 1518 3647 cum
1535 3597 1622 3662 ad,
1652 3596 1932 3664 legendum
1952 3597 2064 3647 erit.

251 3686 317 3740 in
332 3684 512 3755 festis
538 3680 615 3747 iij
637 3680 726 3731 lec.
742 3707 806 3716 —
828 3695 923 3747 que
940 3679 1188 3731 dicuntur
1214 3679 1279 3730 de
1309 3680 1465 3731 tercio
1493 3679 1759 3731 Nocturna
1777 3678 1992 3746 tantum]
2012 3681 2133 3732 Non
2150 3681 2208 3731 in
2224 3680 2290 3733 iis
2306 3681 2364 3731 in

142 3772 354 3839 quibus
384 3766 562 3835 primi
588 3761 685 3814 vel
709 3762 930 3816 secundi
955 3763 1212 3817 Nocturni
1238 3762 1495 3814 lectiones
1514 3763 1778 3815 sumendae
1795 3768 1933 3815 sunt.
1965 3763 2045 3815 cf.
2064 3769 2237 3816 autem
2254 3769 2365 3816 tex·

139 3856 237 3909 tus
261 3847 693 3923 paragraphum
709 3845 1103 3912 praecedentem.
