2910 4457
829 378 955 418 rna.
999 378 1047 419 11
1088 375 1158 418 m·
1200 378 1272 419 111
1312 377 1486 419 anan.
1530 378 1553 417 1
1595 378 1726 417 mv.
2241 360 2317 420 15

248 487 456 549 compl..·
475 488 708 538 similiter
735 495 785 539 et
811 496 990 539 coetera
1018 503 1126 552 quoe
1156 504 1232 538 se-
1325 503 1461 551 resp.
1494 496 1544 540 et
1581 503 1759 539 versus
1794 491 1931 542 sicut
1965 491 2024 540 in
2063 490 2318 540 Psalterio

247 555 478 659 ssuuntur
517 565 673 614 usque
714 554 785 601 ad
822 552 1101 602 orationem
1145 551 1226 616 [et]

294 614 356 659 ns
377 612 658 664 vobiscum.
688 614 778 662 hoc
797 616 962 664 modo.

308 673 376 722 Et
396 687 477 724 ne.
502 676 597 725 Sed
622 677 798 725 libera.

308 734 417 795 Ego
441 737 546 785 dixi
562 739 672 787 Due
694 740 931 788 miserere
958 735 1118 799 [mei].
1142 737 1232 786 Sa·-

247 809 313 845 na
348 798 580 848 animam
621 799 801 862 [meam
820 838 834 860 ‚
877 799 997 860 quia
1034 801 1232 859 peccavi

246 857 357 921 tihi]
382 875 395 909 t
417 873 580 921 quoere
601 864 693 910 has
709 876 880 923 preces
900 863 956 908 in
982 861 1233 910 Psalterio

244 922 318 969 ad
363 921 538 971 laudes
589 922 730 983 ferite
766 925 994 972 secundoe
1029 925 1096 983 (p.
1132 923 1229 983 39).

312 982 412 1031 Hae
428 997 599 1044 preces
629 988 794 1034 eodem
823 987 969 1034 modo
989 987 1233 1034 dicantur

241 1056 344 1117 quo
370 1046 615 1094 habentur
634 1049 692 1095 in
712 1049 881 1096 Psalt.
922 1049 992 1096 ad
1013 1054 1140 1096 mat.
1165 1049 1235 1096 ad

239 1106 328 1167 ²²2².-
349 1109 420 1155 ad
438 1108 509 1168 vJ',
530 1112 600 1158 od
618 1110 694 1168 ix,
729 1115 779 1158 et
802 1112 872 1159 ad
890 1121 1027 1171 vesp.
1049 1110 1107 1158 in
1127 1123 1235 1157 om-

240 1167 396 1239 nibus
416 1168 559 1229 feriis
578 1186 670 1233 per
692 1174 820 1221 Adv.
844 1178 891 1220 et
911 1171 947 1219 ὰ
969 1173 1078 1220 Dfie
1095 1185 1157 1220 ne
1178 1172 1232 1220 in

239 1242 325 1278 ira
347 1244 503 1293 usque
521 1236 591 1282 ad
620 1234 824 1282 Coenam
844 1235 968 1293 Duxi,
987 1232 1084 1282 etd
1097 1235 1235 1282 Deus

240 1292 486 1341 omnium
507 1309 661 1356 usque
673 1298 742 1344 ad
752 1298 881 1345 Adv.
894 1296 1018 1357 thi,
1033 1297 1235 1358 quando

241 1356 308 1403 de
325 1352 460 1414 feria
479 1358 684 1417 aqitur;
705 1359 808 1405 nisi
826 1361 895 1408 ad
924 1364 1050 1407 mat.
1082 1359 1140 1405 in
1157 1358 1237 1419 iiij

239 1421 298 1466 et
310 1416 366 1476 vj
371 1416 506 1477 feria
517 1424 563 1466 et
577 1418 798 1482 sabb.iii]j
814 1426 1094 1481 temporum
1101 1421 1234 1469 Adv.

239 1476 372 1536 Dru,
394 1484 444 1527 et
459 1480 561 1528 nisi
575 1482 680 1542 adj
698 1481 760 1530 Ο.
775 1487 825 1531 et
839 1484 909 1531 sic
925 1483 1152 1542 deinceps
1168 1482 1238 1532 ad

240 1542 474 1600 vesp.ad
504 1556 674 1591 omnes
706 1543 769 1593 Ο.

315 1602 408 1651 Or.
435 1603 607 1653 Excita
628 1618 925 1666 quaesumus
945 1606 1010 1666 (p.
1034 1604 1108 1667 2).

308 1665 395 1712 Ad
412 1666 639 1725 primam
658 1680 774 1716 vero
793 1668 978 1717 dicitur
1001 1665 1059 1728 51⁷.
1084 1667 1237 1716 Exur-

242 1739 312 1789 ge
377 1727 489 1776 Due
504 1764 518 1787 ,
572 1730 776 1789 adjuva.
830 1736 879 1777 et
916 1730 1081 1778 caeteri
1131 1741 1238 1777 ver-

239 1800 338 1839 sus
380 1796 632 1849 sequentes
664 1796 725 1839 ut
757 1805 917 1853 supra
949 1794 1019 1841 ad
1052 1792 1233 1852 compl.

239 1862 404 1911 usque
445 1853 513 1900 ad
549 1854 845 1901 orationem.

305 1911 439 1975 [012]
463 1913 635 1962 Excita
657 1927 949 1975 quaesumus
969 1917 1034 1975 (p.
1050 1914 1124 1974 2).
1148 1914 1238 1964 Sa·

242 1975 444 2023 cerdote
463 1986 579 2023 vero
595 1977 666 2024 sic
685 1978 890 2035 dicente,
918 1977 1020 2038 Qui
1039 1977 1169 2025 vivis
1189 1981 1238 2024 et

242 2047 454 2097 regnas.
473 2042 593 2086 tunc
607 2044 825 2099 surqant
841 2052 1010 2087 omnes
1022 2039 1188 2087 clerici
1203 2052 1238 2086 a

238 2099 592 2160 prostratione
612 2101 885 2149 osculando
904 2100 1175 2161 formulas.

490 2159 647 2209 Mem.
671 2163 730 2209 de
755 2161 812 2210 S.
833 2162 1028 2211 Maria.

312 2221 378 2269 A.
400 2220 620 2282 Spiritus
639 2223 853 2273 Sanctus
874 2224 927 2272 in
961 2228 1008 2272 te
1027 2224 1240 2273 descen-

242 2283 359 2342 det,
397 2284 562 2335 Maria
601 2301 615 2335 t
652 2299 715 2334 ne
743 2287 922 2335 timeas
958 2286 1148 2335 habens
1183 2288 1236 2335 in

248 2350 393 2393 utero
409 2347 598 2395 Filium
614 2347 731 2405 Dei,
749 2347 987 2406 Alleluia.
1008 2346 1067 2407 ψ.
1086 2349 1242 2409 Egre-

249 2407 417 2456 dietur
443 2409 587 2471 virga
607 2411 674 2470 (p.
697 2411 769 2472 3).
798 2411 888 2459 Or.
910 2411 1048 2460 Deus
1068 2411 1157 2471 qui
1177 2412 1239 2461 de

246 2469 415 2520 Beatae
444 2469 540 2531 (ib.)
1038 2524 1041 2527 ,

374 2532 534 2581 Mem.
556 2535 615 2582 de
635 2532 866 2582 omnibus
888 2533 1110 2585 Sanctis.

311 2594 377 2641 A.
401 2594 526 2643 Ecce
536 2596 646 2644 Diis
658 2597 838 2653 veniet,
851 2603 898 2646 et
915 2610 1092 2646 omnes
1103 2598 1238 2645 San-

245 2654 317 2706 cti
335 2656 448 2716 eJ'us
468 2669 584 2705 cum
603 2670 659 2707 eo
678 2674 690 2707 :
710 2664 758 2707 et
777 2659 872 2707 erit
885 2659 937 2707 in
954 2660 1034 2708 die
1048 2659 1133 2707 illa
1153 2661 1237 2707 lux

246 2729 463 2777 magna,
500 2718 652 2768 All’a.
695 2720 757 2781 ψ’.
805 2722 930 2770 Ecce
980 2722 1238 2780 apparebit

245 2780 362 2827 Dr‘is
384 2780 459 2838 (P.
488 2779 588 2842 40).
624 2782 715 2831 Or.
742 2782 1084 2832 conscientias
1120 2796 1238 2831 nos-

248 2847 359 2889 tras
387 2840 548 2903 (ibid.)

316 2909 347 2957 Ίῐ
366 2905 448 2952 Ad
457 2905 684 2965 primam
712 2906 850 2955 Aua.
869 2905 999 2953 Veni
1020 2911 1068 2954 et
1084 2905 1238 2954 libera

246 2976 362 3023 nOS,
392 2965 527 3015 Deus
548 2972 734 3016 noster.
765 2968 883 3016 Pss.
906 2968 1042 3016 Deus
1071 2967 1124 3015 in
1149 2981 1242 3016 no-

248 3025 411 3075 mine.
443 3029 582 3078 Beati
614 3029 946 3080 immaculati.
978 3029 1236 3080 Retribue.

314 3090 379 3137 A.
403 3088 574 3140 Gloria
606 3093 699 3142 tibi
719 3093 962 3143 TrinitaS.
987 3092 1080 3143 Ps.
1105 3094 1240 3155 Qui-

248 3162 474 3210 cunque.

319 3212 510 3262 Coetera
518 3214 690 3262 omnia
699 3229 807 3277 quoe
815 3218 884 3265 ad
894 3218 1120 3278 primam
1129 3230 1240 3278 per-

251 3274 437 3337 tinent,
464 3282 522 3324 ut
551 3276 719 3325 Dnica
748 3281 1051 3338 proecedente
1079 3292 1240 3339 supra

248 3336 444 3386 dictum
482 3343 580 3395 est,
617 3344 740 3386 sunt
775 3342 1086 3401 exequenda,
1123 3353 1240 3387 cum

242 3399 452 3460 psalmo
486 3400 728 3451 Miserere
755 3407 805 3450 et
826 3400 885 3463 Ῠ.
918 3407 1144 3464 sequente
1182 3407 1244 3449 ut

246 3473 413 3521 supra
432 3461 623 3510 dictum
648 3468 739 3512 est.

317 3530 350 3584 1)
368 3525 451 3574 Ad
463 3523 631 3593 ii14v1,
665 3529 715 3573 et
733 3525 807 3583 im,
834 3529 971 3583 αῖιω,
995 3524 1236 3588 capitula,

1328 559 1453 601 sunt
1470 553 1756 602 intitulata.

1392 622 1423 668 1)
1454 615 1573 664 Istoe
1592 616 1725 663 horae
1753 616 1995 664 dicantur
2024 614 2318 676 supradicto

1330 678 1477 725 modo
1512 677 1726 739 quotidie
1745 690 1899 737 usque
1921 678 1992 725 ad
2018 678 2119 737 viq.
2143 676 2317 726 Nativ.

1328 738 1438 785 Dui
1479 740 1649 785 uando
1665 739 1723 785 de
1733 738 1866 798 feria
1875 739 2064 798 aqitur,
2074 751 2190 787 cum
2201 751 2318 786 ora-

1331 800 1461 847 tion·
1490 813 1551 846 us
1563 798 1978 848 Dominicalibus.

1393 868 1425 916 ‘u
1460 863 1541 909 Ad
1587 861 1728 921 Vesp.
1775 862 1839 909 A.
1888 861 2159 909 Incliuavit
2209 862 2319 911 Diis

1329 924 1406 978 (P.
1436 924 1533 977 88).
1568 923 1660 972 Ps.
1685 922 1847 972 Dilexi
1877 921 2028 982 (ibid.)
2049 924 2174 970 Alioe
2204 928 2319 973 αῆω

1330 990 1391 1033 ut
1413 985 1473 1033 in
1492 985 1748 1033 Psalterio
1770 990 2037 1033 notantur.
2060 985 2135 1044 (P.
2156 985 2257 1042 89.)

1507 1047 1632 1108 Cap.
1655 1047 1879 1095 Hierem.
1904 1046 2063 1106 oeoeiij.
2087 1047 2152 1094 B.

1382 1122 1416 1157 N
1445 1108 1625 1158 diebus
1654 1108 1755 1157 illis
1777 1110 2052 1158 salvabitur
2075 1108 2237 1169 Juda,
2272 1115 2321 1158 et

1382 1171 1538 1220 Isi-aiil
1571 1172 1821 1221 habitabit
1864 1172 2171 1221 confidenter
2213 1187 2226 1221 :
2273 1177 2322 1221 et

1331 1233 1423 1281 boc
1445 1239 1521 1281 est
1543 1246 1727 1283 nomen
1750 1234 1885 1293 quod
1909 1235 2159 1282 vocabunt
2182 1247 2318 1292 eum,

1331 1295 1439 1343 Diis
1457 1296 1629 1355 justus
1651 1301 1838 1345 noster.
1867 1295 1986 1358 [Deo
2003 1295 2099 1358 gn]

1398 1358 1507 1405 Hoc
1560 1359 1690 1418 Cap.
1751 1359 1937 1406 dicitur
1987 1358 2203 1420 quotidie
2254 1359 2325 1407 ad

1329 1430 1468 1480 vesp.
1498 1433 1592 1480 per
1622 1422 1753 1469 Adv.
1785 1420 1888 1468 nisi
1926 1420 1986 1469 in
2015 1420 2152 1469 sabb.
2187 1424 2236 1468 et
2262 1420 2322 1467 in

1332 1480 1611 1529 Dominicis
1627 1487 1675 1529 et
1691 1480 1855 1541 festis.

1396 1553 1461 1605 132.
1485 1544 1565 1591 Tu
1597 1556 1865 1604 exurgens·
1904 1542 1975 1602 (p.
2018 1543 2117 1602 11.)
2158 1542 2321 1603 Hym.

1336 1604 1594 1654 Conditor.
1618 1611 1683 1665 (p.
1704 1604 1770 1665 2.)
1805 1603 1866 1666 Ῠ.
1889 1606 2075 1654 Rorate
2097 1604 2207 1653 coeli
2224 1605 2323 1664 (ib.)

1394 1668 1459 1715 A.
1486 1668 1808 1717 Hierusalem
1832 1666 2020 1727 respice
2047 1667 2110 1715 ad
2134 1666 2326 1716 Orien-

1332 1734 1434 1778 tem
1461 1745 1474 1779 :
1496 1734 1544 1777 et
1566 1731 1703 1790 vide,
1728 1729 1971 1789 AlleluJa.
2003 1728 2097 1777 Ps.
2121 1728 2326 1790 Magni-

1333 1792 1464 1840 ficat.
1499 1791 1677 1841 Preces
1710 1798 1758 1841 et
1792 1792 2044 1840 orationes
2074 1797 2134 1839 ut
2163 1805 2325 1853 supra

1796 1854 1954 1904 Mem.
1975 1856 2034 1903 de
2050 1853 2105 1903 S.
2127 1854 2323 1903 Maria.

1394 1917 1458 1964 A.
1504 1917 1579 1967 Ne
1615 1916 1794 1965 timeas
1829 1916 1996 1966 Maria
2034 1931 2047 1963 ε
2084 1915 2326 1964 invenisti

1335 1978 1553 2037 gratiam
1579 1979 1712 2035 apud
1733 1978 1870 2024 Dium
1910 1992 1923 2026 z
1946 1989 2055 2025 ecce
2076 1977 2326 2035 concipies

1334 2045 1383 2087 et
1404 2038 1568 2098 paries
1595 2038 1784 2097 filium,
1808 2037 2050 2097 Alleluja.
2075 2035 2137 2093 Ῠ.
2170 2038 2327 2099 Egre-

1332 2101 1500 2149 dietur
1536 2097 1680 2159 virga
1719 2106 1785 2158 (p.
1817 2100 1884 2153 3).
1924 2099 2014 2146 Or.
2050 2100 2185 2147 Deus
2234 2099 2325 2159 qui

1333 2162 1396 2210 de
1408 2160 1509 2218 (ib.)
1593 2160 1750 2210 Mem.
1773 2161 1832 2209 de
1854 2160 2085 2207 omnibus
2099 2161 2322 2211 Sanctis.

1397 2223 1464 2272 A.
1481 2223 1605 2273 Ecce
1620 2222 1729 2271 Diis
1741 2222 1921 2282 veniet,
1934 2222 2112 2283 (PAO).
2125 2220 2185 2284 ils.
2200 2223 2325 2274 Ecce

1334 2286 1593 2345 apparebit
1608 2285 1705 2344 (ib.)
1721 2285 1811 2333 Or.
1834 2284 2194 2335 conscientias,
2219 2285 2321 2347 (ib.)

1398 2348 1499 2395 Hic
1539 2349 1660 2396 ordo
1690 2347 2076 2405 memoriarum,
2123 2349 2232 2396 scil.
2265 2350 2325 2398 de

1335 2409 1391 2458 S.
1418 2409 1599 2459 Maria
1619 2415 1668 2458 et
1687 2411 1746 2456 de
1766 2409 1996 2457 omnibus
2017 2409 2223 2458 Sanctis
2242 2410 2327 2458 ob-

1333 2478 1559 2520 servetur
1571 2471 1785 2533 quotidie
1800 2473 1870 2520 ad
1889 2483 2023 2532 vesp.
2045 2478 2095 2519 et
2112 2475 2182 2522 ad
2194 2478 2322 2522 mat.

1332 2547 1486 2595 usque
1501 2535 1682 2595 adviq
1704 2535 1875 2583 Nativ.
1898 2534 2027 2593 Dat,
2047 2536 2249 2596 quando
2265 2536 2324 2584 de

1330 2592 1464 2654 feria
1484 2597 1683 2657 aqitur,·
1705 2603 1752 2644 et
1770 2596 1922 2644 etiam
1941 2596 1999 2642 in
2014 2602 2109 2645 oct.
2128 2596 2183 2644 S.
2207 2600 2323 2644 An-

1333 2658 1495 2715 dreoe,
1520 2658 1623 2704 nisi
1653 2659 1857 2718 quando
1898 2661 2004 2705 αῖια
2026 2656 2137 2706 Ave
2156 2658 2324 2707 Maria

1333 2719 1521 2766 dicitur
1534 2721 1604 2767 ad
1619 2720 1846 2778 primam
1863 2717 1905 2766 Ο
1931 2733 1944 2768 z
1966 2724 2015 2765 et
2036 2723 2159 2766 tunc
2176 2720 2325 2769 nulla

1329 2779 1389 2842 fit
1406 2792 1554 2827 mem.
1580 2781 1638 2827 de
1653 2779 1883 2828 omnibus
1904 2780 2125 2828 Sanctis.

1398 2841 1736 2902 Supradictus
1790 2843 1913 2890 ordo
1965 2842 2320 2903 capitulorum,

1333 2903 1667 2963 hymnorum,
1687 2905 2124 2965 responsoriorum
2143 2910 2192 2953 et
2211 2917 2322 2954 ver-

1332 2965 1609 3013 siculorum
1637 2969 1707 3017 ad
1725 2979 1862 3028 vesp.
1884 2972 1933 3014 et
1950 2969 2020 3015 ad
2039 2973 2165 3017 mat.
2189 2974 2235 3016 et
2254 2971 2324 3018 ad

1333 3027 1467 3077 alias
1506 3029 1657 3078 horas
1704 3028 1858 3089 hujus
1905 3028 2046 3089 ferioe
2096 3036 2322 3078 servetur

1332 3090 1550 3152 quotidie
1570 3105 1723 3154 usque
1743 3093 1812 3140 ad
1839 3092 1941 3153 viq.
1961 3092 2164 3142 Natalis
2183 3092 2319 3150 Dm,

1332 3154 1536 3214 quando
1560 3155 1618 3202 de
1636 3152 1770 3214 feria
1784 3154 1976 3214 aqitur.

1397 3215 1570 3263 quA
1607 3229 1685 3265 ιιι.
1727 3228 1878 3276 super
1914 3219 2048 3262 noct.
2088 3218 2219 3272 aiia,
2252 3217 2320 3264 Ut

1334 3289 1434 3323 non
1453 3277 1744 3337 delinquam
1754 3312 1767 3325 .
1784 3276 1877 3324 Ps.
1890 3275 2004 3323 Dixi
2016 3278 2316 3327 custodiam.

1338 3338 1533 3386 Caeteroe
1544 3343 1658 3386 αἴκα»
1666 3338 1787 3385 utin
1795 3338 2045 3385 Psalterio
2054 3344 2319 3389 notantur.

1397 3397 1459 3460 ψ.
1512 3400 1810 3458 Egredietur
1856 3399 2000 3460 virga
2040 3400 2101 3448 de
2153 3401 2319 3449 radice

1332 3459 1515 3571 Jesse.d
1535 3473 1600 3523 ιγ.
1652 3462 1717 3511 Et
1759 3461 1851 3510 flos
1894 3461 1956 3510 de
2002 3461 2167 3511 radice
2208 3463 2320 3523 eJus

1335 3533 1480 3572 ascen
1518 3527 1582 3573 et.

1331 1855 1401 1902 ad
1418 1860 1547 1903 mat.
