2910 4457
526 440 640 528 lxij
1049 454 1100 494 m
1126 452 1356 494 omcum
1382 454 1575 495 navus
1602 454 1809 496 nonum
1832 455 2041 495 mosi-u
2417 438 2537 504 (An
2566 441 2602 502 ἕ
2625 443 2711 491 142

527 592 799 659 gationum
816 588 1020 640 Feriam
1041 587 1078 652 ij
1103 587 1192 639 vel
1209 588 1306 653 iiij,
1331 588 1420 639 vel
1438 587 1507 641 ob
1528 588 1785 654 ejusmodi
1801 588 2090 639 Historiam
2106 586 2576 653 Dominioalemff)
2602 605 2710 654 quae

528 673 696 724 omitti
729 688 838 724 non
870 675 1091 737 poterat,
1124 669 1348 734 ideoque
1381 671 1438 721 in
1465 686 1590 721 casu
1626 671 1957 722 necessitatis
1986 671 2154 722 tribus
2179 671 2348 721 Feriis
2371 672 2709 738 assignatum

527 763 651 818 erat,
686 754 773 806 vel
805 753 1029 817 denique
1062 752 1129 803 ob
1164 754 1545 806 Defunctorum
1581 754 1664 807 die
1697 754 1832 807 Nov.
1874 758 1918 804 2.
1956 752 2622 821 Commemorationem(b)‚
2658 756 2709 805 in

530 840 724 891 Officio
748 837 869 888 Diei
894 836 1276 888 emittebantur.

622 922 684 972 In
717 919 968 972 Adventu
986 923 1176 984 autem,
1211 935 1371 985 quum
1403 921 1543 972 inter
1571 921 1628 987 iij
1651 918 1940 972 lectionum
1959 920 2016 970 in
2040 919 2230 971 Officio
2257 919 2387 969 Diei
2411 920 2707 971 omittenda

512 1006 660 1071 festa
695 1020 806 1055 non
840 1007 1140 1068 computata
1172 1005 1241 1054 sit
1273 1004 1325 1056 S.
1359 1004 1586 1055 Andreae
1616 1003 1824 1067 Octava,
1857 1004 1915 1054 in
1947 1006 2062 1070 ipso
2098 1002 2486 1054 Sarisburiensi
2525 1003 2710 1053 Calen-

528 1086 689 1148 dario,
723 1091 909 1152 praeter
940 1086 1032 1138 SS.
1068 1087 1334 1138 Saturnini
1369 1093 1421 1140 et
1458 1088 1678 1139 Sisinnii
1712 1089 1768 1137 in
1809 1087 2041 1152 ejusdem
2079 1086 2132 1137 S.
2160 1086 2393 1136 Andreae
2424 1086 2633 1153 Vigilia
2656 1087 2710 1150 iij

527 1167 814 1219 lectionum
836 1169 1040 1231 festum,
1070 1168 1212 1233 quod
1235 1168 1522 1234 aliquando
1546 1170 1686 1220 intra
1717 1169 2018 1220 Adventum
2053 1167 2353 1232 cadebaw),
2387 1169 2534 1219 nihil
2569 1169 2712 1219 aliud

529 1251 668 1317 quod
690 1252 765 1301 ita
787 1252 1054 1302 transferri
1075 1255 1277 1318 poterat
1293 1251 1572 1302 invenitur.

628 1333 711 1385 Ob
746 1333 886 1383 hanc
922 1339 1094 1383 tamen
1132 1336 1303 1401 ipsam
1340 1334 1754 1399 translationem,
1794 1339 2138 1401 praeterquam
2167 1333 2311 1399 quod
2337 1333 2464 1385 aliae
2497 1335 2560 1385 in
2597 1335 2711 1386 aliis

528 1419 694 1468 Usum
729 1415 925 1467 Sarisb.
964 1418 1306 1481 sequentibus
1338 1417 1475 1468 locis
1510 1418 1823 1468 Sanctorum
1862 1417 2241 1469 celebrationes
2284 1433 2405 1468 esse
2442 1424 2709 1484 poterant,

530 1501 671 1567 quod
693 1501 749 1550 in
773 1501 802 1561 5
832 1504 924 1550 117
948 1499 1153 1566 legitur,
1181 1501 1379 1552 “statim
1400 1500 1594 1553 dicitur
1616 1500 1870 1553 Memoria
1893 1500 1958 1552 de
1977 1499 2169 1553 Sancto
2189 1499 2452 1566 Spiritu’',
2472 1502 2576 1553 aab
2595 1519 2711 1553 oon-

530 1584 724 1636 ditione
749 1584 943 1635 dictum
964 1584 1219 1636 habeatur
1243 1588 1464 1650 oportet.

628 1667 690 1715 In
718 1665 1130 1732 Quadragesima
1151 1683 1294 1730 vero,
1319 1673 1442 1734 post
1464 1666 1737 1718 Passionis
1760 1667 1965 1717 initium
1988 1667 2043 1715 ix
2067 1668 2223 1717 etiam
2244 1666 2549 1719 lectionum
2572 1670 2711 1720 festa

530 1749 805 1815 simplicia,
842 1760 895 1798 et
925 1749 983 1798 in
1013 1749 1197 1801 ultimo
1221 1750 1394 1801 triduo
1420 1750 1653 1816 duplicia
1676 1766 1883 1816 quoque
1908 1751 2305 1813 emittebantur3
2340 1751 2422 1802 ita
2442 1756 2629 1804 tamen
2654 1759 2712 1802 ut

531 1831 759 1898 duplicia
792 1830 849 1880 in
878 1830 997 1881 loca
1025 1832 1377 1884 commodiora
1404 1835 1825 1895 transferrentur,
1866 1833 1924 1883 in
1948 1833 2287 1898 simplicibus,
2316 1834 2533 1885 scilicet
2564 1836 2627 1884 in
2663 1836 2709 1884 S.

528 1912 775 1964 Edwardi
794 1913 954 1980 Regis
980 1919 1032 1963 et
1053 1915 1319 1981 Martyris,
1354 1916 1407 1967 S.
1433 1915 1707 1968 Cuthberti
1735 1915 1856 1981 Ep'i
1888 1921 1942 1966 et
1965 1915 2312 1980 Confessoris,
2347 1917 2402 1968 S.
2428 1918 2711 1969 Benedicti

527 1998 764 2060 Abbatis,
808 2001 860 2047 et
893 1997 945 2049 S.
980 1997 1226 2048 Richardi
1257 1997 1376 2064 Ep'i
1407 2004 1460 2049 et
1496 1998 1828 2049 confessoris
1862 1999 2315 2064 Depositionibus,
2347 1998 2645 2052 celebratio
2680 2017 2710 2050 a

528 2081 712 2132 diebus
729 2081 908 2131 Martii
933 2083 1010 2144 18,
1035 2085 1115 2144 20,
1141 2087 1193 2132 et
1217 2086 1295 2146 21,
1321 2088 1374 2134 et
1390 2081 1588 2148 Aprilis
1614 2085 1663 2147 3,
1684 2083 1742 2133 in
1765 2082 2050 2133 eorundem
2073 2083 2366 2148 respective
2387 2083 2710 2136 Sanctorum

527 2164 939 2230 Translationes,
975 2162 1179 2216 scilicet
1208 2165 1267 2214 in
1303 2164 1440 2215 diem
1471 2163 1621 2214 Junii
1657 2168 1735 2227 20,
1772 2165 1891 2232 Sep.
1924 2168 1972 2230 4,
2006 2165 2143 2216 Julii
2168 2169 2245 2230 11,
2281 2170 2333 2215 et
2355 2164 2517 2216 Junii
2544 2170 2625 2231 16,
2649 2169 2710 2217 ea

523 2249 643 2317 lege
664 2249 1006 2312 differrentur,
1024 2254 1086 2299 ut
1106 2255 1211 2299 tres
1228 2248 1443 2313 priores,
1468 2248 1515 2297 si
1537 2248 1808 2299 Passionis
1833 2264 2022 2299 caussa
2043 2249 2268 2315 priorem
2294 2248 2710 2300 celebrationem

527 2333 841 2395 amisissent,
879 2333 938 2382 in
983 2330 1333 2383 celebratione
1377 2331 1668 2396 posteriore
1699 2331 1757 2382 ix
1786 2347 1882 2397 pro
1915 2331 2084 2382 tribus
2124 2331 2381 2382 lectiones
2417 2331 2708 2393 haberent3

529 2418 710 2468 Sancti
733 2419 910 2467 autem
931 2414 1191 2477 Richardi,
1214 2442 1286 2451 —
1309 2414 1459 2477 cujus
1482 2415 1675 2465 festum
1697 2415 1840 2480 prius
1863 2415 1918 2464 in
1943 2412 2344 2465 Hebdomadam
2366 2414 2593 2466 Paschae
2622 2415 2709 2465 vel

528 2503 759 2566 Tempus
791 2496 1051 2550 Paschale
1081 2497 1283 2561 cadere,
1320 2504 1372 2549 et
1402 2499 1461 2548 in
1490 2496 1583 2547 illo
1619 2513 1748 2549 casu
1778 2497 2017 2548 similiter
2041 2498 2224 2560 omitti,
2254 2498 2310 2548 in
2334 2497 2439 2548 hoc
2461 2498 2524 2547 in
2545 2499 2707 2549 trium

525 2584 811 2633 lectionum
833 2583 1022 2633 festum
1056 2584 1246 2632 mutari
1277 2586 1500 2648 poterat,
1522 2609 1594 2621 -—
1617 2582 1916 2632 Translatio
1958 2597 2152 2631 novem
2182 2581 2393 2647 quidem
2426 2587 2569 2634 esset
2599 2582 2709 2632 lec-

531 2666 733 2716 tionum
759 2666 964 2727 festnm,
1002 2662 1096 2714 sed
1126 2664 1382 2717 lectiones
1414 2664 1614 2716 medias
1639 2664 1846 2716 Sanctis
1869 2664 2188 2730 Martyribus
2213 2663 2405 2729 Cyrico
2442 2669 2501 2715 et
2521 2664 2711 2715 Julitae

531 2750 829 2814 impertiret.

627 2833 709 2882 De
726 2832 809 2882 his
826 2832 987 2898 igitur
1003 2832 1151 2883 festis
1167 2832 1469 2896 majoribus,
1489 2847 1787 2897 quanquam
1806 2831 1873 2881 ob
1891 2830 2201 2881 Passionem
2218 2828 2340 2879 loco
2360 2845 2458 2881 suo
2475 2830 2709 2893 omissis,

528 2931 637 2965 non
662 2920 771 2964 erat
794 2930 983 2966 caussa
1008 2931 1099 2966 cur
1120 2917 1176 2964 in
1200 2916 1523 2965 Beatissimae
1547 2914 1778 2980 Virginis
1805 2913 1993 2964 Officio
2018 2914 2190 2963 Parvo
2213 2913 2471 2962 Memoria
2493 2912 2667 2962 fieret.

533 3038 745 3103 “Capite
779 3037 975 3105 Jejunii
1003 3057 1159 3106 usque
1187 3041 1259 3091 ad
1282 3041 1563 3091 crastinum
1663 3039 1902 3089 ciendum
1924 3040 2088 3089 fuisse
2111 3055 2219 3089 non
2251 3039 2609 3105 improbabile
2636 3041 2711 3089 vi-

532 3105 877 3156 “Octavarum
894 3105 1123 3170 Paschoe,
1147 3108 1211 3158 de
1234 3108 1562 3174 hujusmodi-1·
1663 3107 1771 3156 deri
1794 3111 1981 3172 potest.

532 3172 703 3264 :festis
734 3172 798 3239 ἰὴ·
815 3173 1202 3259 lectionamfiat
1234 3182 1432 3261 tantun}
1455 3174 1562 3224 Me·
1727 3175 1809 3251 pe
1849 3172 2115 3251 locutione
2160 3187 2286 3221 vero
2336 3170 2444 3222 Oct.
2487 3171 2715 3224 Pascluc

531 3239 1562 3422 Ζξὲζιὲιέαῆφνζιῖρῶωῗρῗῗσεέζῗὲῑωῗ
1661 3237 2228 3386 v1c13fffzpidlexcigbnes
2253 3318 2373 3354 cum
2396 3305 2713 3371 Responso-

592 3387 652 3486 Ien
679 3389 865 3502 fluibus
889 3439 1037 3501 locis,
1079 3440 1123 3488 si
1155 3444 1214 3488 ut
1246 3438 1304 3488 in
1328 3438 1561 3499 Quadra·
1661 3387 1937 3499 ms)8133;33
1970 3436 2024 3485 in
2061 3436 2214 3486 Brev.
2242 3436 2440 3487 Sarisb·
2476 3438 2721 3505 Officium

528 3505 753 3570 gesima,
798 3507 873 3555 ita
918 3512 969 3555 et
1004 3515 1123 3570 post
1168 3520 1297 3567 eam,
1344 3523 1453 3556 non
1499 3506 1562 3556 de
1661 3503 1726 3554 de
1739 3503 1856 3567 Die,
1876 3503 2101 3566 ideoque
2115 3501 2564 3555 commemoratio
2590 3505 2719 3557 Pri-

529 3571 782 3619 Memoria
803 3572 859 3622 in
896 3572 1082 3623 Officio
1117 3572 1238 3621 Diei
1278 3572 1562 3622 omittenda
1659 3570 1831 3619 maria
1848 3574 1949 3619 est:
1978 3571 2042 3619 cf.
2067 3568 2134 3617 ad
2157 3571 2221 3630 ἓξ
2243 3569 2338 3618 115
2361 3568 2436 3634 (p.
2454 3570 2569 3635 xlv,
2597 3588 2723 3623 cum

527 3642 745 3699 tantum,
780 3655 960 3688 verum
997 3640 1152 3688 etiam
1192 3637 1255 3686 de
1290 3639 1473 3687 eadem
1505 3639 1561 3687 in
1660 3636 1845 3686 notula
1870 3636 1921 3699 ιι)
1951 3643 2001 3685 et
2028 3638 2136 3684 123.

531 3702 719 3751 Officio
744 3705 916 3756 Parvo
941 3703 1182 3755 faciendi
1201 3705 1388 3770 agitur,
1423 3704 1562 3753 idem
1745 3705 1783 3768 t)
1811 3702 1889 3753 Cf.
1917 3698 1998 3766 (in
2028 3702 2179 3751 Fasc.
2202 3701 2250 3765 I)
2283 3699 2473 3753 Picam
2508 3704 2578 3755 de
2615 3707 2725 3757 Ad·

530 3765 872 3821 Pentecostali
896 3787 1103 3835 quoque
1126 3768 1469 3821 Hebdomada
1490 3771 1563 3819 fa·
1659 3776 1850 3820 ventus
1871 3767 2215 3819 Hebdomada
2237 3768 2431 3818 Prima.

873 3855 900 3900 †
913 3853 995 3891 Non
1022 3852 1256 3900 distinctiva,
1282 3855 1349 3892 sed
1376 3854 1626 3901 abundanter,
1645 3852 1903 3902 accipiendum
1930 3858 1988 3889 est
2015 3851 2128 3896 huju
2138 3861 2156 3886 s
2167 3861 2202 3887 m
2213 3860 2234 3887 o
2245 3850 2266 3887 d
2277 3851 2301 3888 i.
