2910 4457
995 354 1068 394 An
1111 353 1561 397 conmmeatum

238 468 420 519 Gloria
459 468 632 529 Patri,
670 472 719 518 et
753 468 904 528 Filio,
936 475 986 520 et
1021 470 1236 531 Spiritui

237 531 447 580 Sancto·
467 530 554 579 Ch.
574 531 634 579 In
651 542 770 590 pace
786 531 857 593 [in
879 531 1229 596 idipsumtetc]

596 592 859 652 Hymnus.

247 653 488 767 Christe
507 654 595 714 qui
613 654 696 701 lux
715 667 768 703 es
788 661 837 704 et
850 656 984 716 dieS,

330 715 504 764 Noctis
520 716 748 764 tenebras
769 717 983 779 detegiS,

240 777 498 836 Lucisque
519 776 688 825 lumen
714 780 953 840 crederis,

238 838 441 888 Lumen
466 839 669 887 beatum
689 841 998 899 praedicans:

306 900 586 948 Precamur
608 907 776 950 sancte
790 903 902 952 Bne
915 940 929 964 ‚

240 962 468 1010 Defende
485 974 575 1010 nos
601 962 652 1010 in
675 963 768 1011 hac
790 971 961 1015 nocte:

242 1022 322 1073 Sit
341 1023 489 1071 nobis
507 1025 558 1071 in
583 1029 629 1072 te
650 1022 876 1088 requiem

244 1085 487 1146 Quietam
507 1090 700 1133 noctem
724 1088 907 1136 tribue.

307 1147 382 1195 Ne
403 1147 574 1206 gravis
593 1159 805 1197 somnus
820 1150 984 1198 irruat
999 1185 1013 1209 ‚

240 1208 347 1258 Nec
367 1208 527 1255 hostis
541 1221 632 1257 nos
646 1211 887 1270 surripiat
904 1222 918 1258 ε

243 1269 348 1320 Nec
364 1282 478 1317 caro
494 1269 567 1317 illi
581 1273 895 1322 consentiens
906 1310 920 1333 ,

242 1331 350 1381 Nos
370 1331 463 1379 tibi
480 1344 590 1379 reos
603 1338 808 1383 statuat.

306 1392 456 1441 Oculi
471 1406 710 1442 somnum
737 1397 965 1456 capiant,

243 1452 342 1504 Cor
358 1455 420 1503 ad
440 1458 487 1503 te
501 1467 696 1515 semper
717 1458 890 1518 vigilet
908 1474 922 1508 z

241 1516 454 1565 Dextera
482 1521 565 1565 tua
593 1523 817 1578 protegat.

242 1577 488 1627 Famulos
509 1579 597 1638 qui
617 1584 663 1627 te
683 1580 922 1642 diligunt.

305 1640 548 1689 Defensor
570 1647 737 1690 noster
760 1643 941 1704 aspice,

242 1702 558 1751 Insidiantes
578 1704 794 1762 reprime
817 1720 831 1755 t

241 1764 484 1814 Guberna
497 1768 610 1811 tuos
627 1764 859 1826 famuloS‚

243 1825 391 1888 Quos
416 1826 667 1885 sanguine
684 1832 939 1877 mercatus
958 1840 1030 1878 es·

309 1888 566 1938 Memento
588 1890 745 1937 nostri
766 1891 904 1953 Due,

247 1951 312 1999 In
334 1950 477 2009 gravi
499 1950 594 1998 isto
619 1962 822 2011 corpore
848 1967 862 2003 :

245 2013 354 2073 Qui
379 2024 432 2059 es
448 2012 676 2060 defensor
694 2015 903 2074 animae,

244 2074 441 2124 Adesto
467 2075 610 2122 nobis
629 2076 757 2124 Dr‘ie.

313 2136 414 2183 Deo
436 2136 575 2183 Patri
595 2137 663 2183 sit
686 2136 844 2196 gloria
859 2173 873 2197 ,
894 2175 901 2182 .

244 2195 474 2258 musque
493 2198 584 2246 soli
606 2199 754 2259 Filio,

246 2260 380 2309 Cum
404 2260 597 2318 Spiritu
623 2260 905 2310 Paraclito:

245 2321 316 2371 Et
344 2334 480 2369 nunc
501 2327 547 2370 et
569 2323 620 2369 in
643 2327 961 2382 perpetuum.
988 2320 1176 2370 Amen.

314 2382 377 2446 Ῠ.
412 2384 619 2433 Custodi
642 2397 752 2433 nos.

313 2446 378 2493 A.
420 2446 549 2494 Cum
589 2446 777 2494 videris
825 2445 1021 2494 nudum
1035 2481 1048 2503 ‚
1102 2444 1241 2504 operi

245 2519 398 2568 eum3
432 2513 480 2556 et
510 2518 710 2555 carnem
744 2512 885 2556 tuam
913 2520 976 2556 ne
1003 2507 1241 2566 despexe-

245 2569 324 2618 ris
355 2584 368 2619 :
398 2575 518 2617 tunc
547 2575 775 2630 erumpet
807 2569 952 2629 quasi
971 2582 1123 2617 mane
1154 2568 1240 2615 lu-

244 2644 367 2680 men
391 2636 559 2689 tuum‚
581 2635 629 2678 et
655 2631 813 2690 gloria
837 2632 937 2679 Diri
957 2631 1154 2690 colliget.
1172 2634 1237 2678 te.

243 2693 343 2742 Ps.
366 2693 518 2740 Nunc
538 2692 771 2739 dimittis.

289 2754 420 2801 Haec
426 2752 674 2812 praedicta
686 2752 850 2799 ΑΜΖ.
865 2751 1133 2810 Signatum
1147 2755 1239 2799 est.

248 2820 372 2877 etro.
388 2814 448 2862 In
462 2824 598 2873 pace.
621 2817 670 2859 et
683 2813 927 2873 Hymnus
943 2812 1141 2860 Christe
1152 2812 1243 2870 qui

249 2878 336 2925 lux
361 2889 434 2925 es.
455 2874 697 2922 dicantur
720 2873 936 2934 quotidie
956 2874 1025 2920 ad
1050 2873 1241 2934 Compl.

247 2952 404 2999 usque
419 2937 490 2985 ad
504 2937 804 2984 Passionem
822 2933 945 2994 Dm,
963 2935 1022 2982 de
1063 2948 1247 2982 uoeun-

281 3014 342 3047 ue
366 2999 426 3061 fit
451 2999 730 3047 servitium.
776 2998 894 3045 Arta
933 3007 1021 3045 ver
1091 3009 1244 3058 super

249 3013 402 3112 {unc
433 3062 675 3120 dimittiS‚
702 3073 796 3121 per
810 3059 1092 3121 quindecim
1116 3060 1239 3109 dies.

553 3121 582 3185 q
605 3123 796 3183 Compl.
828 3121 939 3183 viij.

314 3183 464 3231 Dom.
487 3183 549 3245 iij
567 3198 635 3232 x1,
666 3186 736 3231 od
759 3184 950 3245 Compl.
972 3185 1035 3232 Α.
1057 3184 1241 3244 Signa-

252 3250 363 3294 tum
387 3246 583 3294 est.Ps.
599 3245 727 3294 Cum
747 3246 1050 3293 invocarem.
1100 3266 1110 3271 ·

313 3308 437 3367 Cap.
452 3307 529 3354 Tu
544 3307 594 3354 in
610 3309 769 3356 nobiS.
781 3319 844 3368 132.
860 3308 919 3355 In
933 3318 1066 3366 pace.
1081 3305 1240 3366 Hym-

255 3382 354 3417 nus
377 3369 575 3417 Christe
597 3370 685 3429 qui
708 3370 811 3417 lux.
834 3367 895 3429 §ln
919 3369 1144 3418 Custodi.

314 3431 408 3478 Pa.
431 3431 578 3479 Nunc
597 3432 831 3480 dimittis.
858 3431 921 3477 A.
947 3431 1114 3480 Media
1135 3430 1240 3476 vita

249 3492 308 3542 in
345 3497 508 3540 morte
541 3504 751 3541 sumus:
784 3504 936 3552 quem
961 3491 1241 3553 quaerimus

2200 340 2318 403 103

1327 470 1610 531 adjutorem
1630 470 1732 520 nisi
1752 475 1800 520 te
1828 470 1973 522 Diie?
1992 473 2083 534 qui
2104 486 2194 535 pro
2210 488 2321 537 pec·

1329 532 1454 580 catis
1486 533 1674 582 nostris
1699 534 1832 593 juste
1864 535 2112 585 irasceris.
2140 537 2322 588 Sancte

1330 594 1489 642 Deus:
1514 594 1696 644 Sancte
1710 595 1879 645 fortis:
1897 597 2075 646 Sancte
2096 604 2144 648 et
2165 600 2320 650 mise-

1330 656 1491 705 ricors
1534 657 1760 706 Salvator
1797 671 2024 707 :amarae
2064 661 2215 709 morti
2257 674 2322 711 ne

1330 717 1504 765 tradas
1539 730 1647 766 noS.
1672 716 1732 778 y’r.
1756 720 1829 769 Ne
1859 722 2093 781 projicias
2127 735 2219 771 nos
2264 723 2317 772 in

1328 782 1554 837 tempore
1595 782 1867 828 senectutis
1910 797 1923 831 z
1964 782 2082 831 cum
2134 785 2322 834 deiece-

1329 840 1400 888 rit
1420 840 1585 888 virtus
1600 847 1790 900 nostra,
1805 854 1868 889 ne
1886 843 2206 906 derelinquas
2227 858 2320 895 nos

1328 901 1459 950 Due.
1497 902 1677 950 Sancte
1710 904 1874 951 Deus:
1915 904 2119 965 [Sancte
2144 907 2319 958 sortis:

1330 963 1509 1012 Sancte
1521 968 1566 1012 et
1577 964 1864 1013 misericors
1872 965 2097 1015 Salvator
2112 981 2321 1019 :amarae

1329 1024 1485 1073 morti
1517 1038 1578 1073 ne
1599 1027 1766 1075 tradas
1792 1027 1928 1089 nos,]
1955 1027 2018 1088 5⁷.
2041 1030 2155 1078 Noli
2183 1031 2322 1080 clau-

1329 1086 1447 1135 dere
1477 1098 1625 1135 aures
1663 1093 1777 1138 tuas
1809 1090 1870 1138 ad
1904 1102 2072 1149 preces
2103 1097 2318 1142 nostras.

1329 1148 1510 1197 Sancte
1537 1149 1707 1198 sortis:
1738 1149 1942 1212 [Sancte
1963 1159 2011 1201 et
2033 1154 2323 1203 misericors

1329 1209 1558 1259 Salvator
1593 1224 1812 1261 :amarae
1852 1215 2005 1262 morti
2039 1228 2101 1263 ne
2150 1217 2321 1265 tradas

1330 1271 1460 1333 nos.]
1480 1269 1540 1333 Ῡ.
1556 1272 1924 1334 Quicognoscis
1932 1277 2124 1326 occulta
2138 1278 2319 1338 cordia,

1330 1344 1479 1391 parce
1500 1336 1713 1393 peccatis
1739 1337 1941 1386 nostris,
1958 1338 2139 1388 Sancte
2160 1345 2207 1388 et
2223 1339 2321 1387 mi-

1328 1395 1544 1443 sericors
1569 1395 1811 1457 [Salvator
1842 1411 2055 1448 :amarae
2085 1402 2239 1449 morti
2261 1413 2324 1450 ne

1329 1457 1501 1505 tradas
1517 1457 1650 1518 nos].

1394 1517 1593 1565 HaecA.
1612 1518 1799 1566 dicitur
1817 1532 1876 1566 su
1914 1521 2069 1569 erPs.
2083 1522 2233 1571 Nunc
2244 1522 2322 1572 dl-

1331 1578 1496 1627 mittis
1517 1592 1613 1641 per
1635 1591 1706 1626 oev
1725 1580 1846 1628 dies.
1918 1595 2061 1629 ersus
2079 1584 2196 1632 vero
2217 1596 2324 1632 non

1330 1642 1575 1689 dicuntur
1600 1642 1704 1688 nisi
1724 1642 1780 1689 in
1797 1641 1944 1692 Sabb.
1962 1644 2084 1692 etin
2109 1645 2257 1695 Dom.
2276 1650 2327 1694 et

1330 1702 1384 1750 in
1395 1702 1540 1763 festis
1550 1704 1609 1750 2·ae
1620 1704 1729 1751 lect.
1741 1703 1956 1764 Infestis
1965 1707 2244 1768 duplicibus
2254 1708 2325 1756 ad

1329 1769 1600 1827 utrumque
1617 1766 1808 1827 Compl.
1831 1767 1888 1814 in
1900 1770 2324 1831 superioriqradu

1329 1827 1588 1890 dicantur,
1609 1829 1712 1876 loco
1731 1841 1820 1876 nec
1840 1828 2013 1877 habitu
2031 1837 2247 1881 mutato.

1644 1889 1677 1952 q
1709 1891 1902 1951 Compl.
1929 1892 2004 1939 ix.

1394 1948 1546 1998 Dom.
1580 1951 1638 1997 in
1659 1951 1905 1999 Passione
1937 1952 2006 1999 ad
2043 1953 2234 2015 Compi.
2255 1956 2321 2005 A.

1331 2010 1592 2061 Miserere.
1615 2012 1707 2058 Pa.
1730 2010 1859 2059 cum
1885 2013 2188 2063 invocarem.

1403 2072 1529 2132 Cap.
1553 2072 1629 2119 Tu
1654 2072 1707 2118 in
1733 2073 1897 2121 nobiS.
1927 2073 2148 2122 Clericus
2175 2087 2240 2137 132.
2260 2077 2323 2125 In

1333 2143 1522 2180 manus
1553 2139 1669 2180 tuas
1705 2148 1717 2180 ε
1745 2134 1934 2181 Chorus
1949 2142 2288 2198 prosequatur
2307 2156 2322 2185 .-

1320 2193 1471 2253 Diie,
1515 2195 1811 2243 commendo
1853 2196 2092 2255 spiritum
2130 2211 2323 2249 meum.

1339 2255 1472 2304 Cler.
1498 2255 1555 2318 ils.
1577 2257 1857 2305 Redemisti
1874 2270 1955 2307 me
1974 2258 2084 2309 Dfie
2104 2262 2240 2310 Deus
2250 2274 2327 2311 ve-

1335 2317 1521 2366 ritatis.
1549 2319 1635 2367 Ch.
1659 2317 1968 2369 Commendo
1990 2313 2085 2396 [sp.
2106 2322 2323 2386 meum].

1334 2379 1450 2429 Non
1472 2381 1658 2429 dicitur
1677 2381 1850 2430 Gloria
1867 2383 2024 2444 Patri,
2043 2386 2130 2433 sed
2149 2386 2327 2434 reinci-

1328 2442 1448 2503 piat
1482 2443 1557 2491 Cl.
1580 2443 1640 2492 ln
1661 2456 1847 2492 manus
1883 2443 2031 2508 [tuas,
2056 2448 2183 2510 Dfie,
2207 2447 2320 2512 eta]

1693 2506 1954 2566 Hymnus.

1422 2567 1556 2614 ultor
1574 2568 1665 2615 Dei
1682 2573 1935 2616 memento

1402 2628 1494 2675 ‹Te
1516 2629 1666 2675 t'ontis
1686 2632 1735 2675 et
1761 2628 1983 2676 lavachri

1338 2689 1525 2736 Rorem
1548 2689 1744 2736 subisse
1763 2693 2022 2749 sanctum3

1338 2749 1409 2798 Te
1429 2748 1699 2797 chrismate
1719 2749 2036 2799 innovatum.

1407 2809 1508 2857 Fac
1531 2822 1647 2858 cum
1670 2815 1875 2858 vocante
1895 2823 2074 2861 somno

1340 2869 1547 2920 Castum
1567 2873 1693 2932 petis
1717 2873 1907 2931 cubile,

1340 2932 1577 2982 Frontem
1601 2934 1867 2994 locumque
1886 2936 2052 2986 cordis

1339 2994 1516 3044 Crucis
1538 2997 1699 3056 figura
1721 2997 1903 3056 signet.

1401 3058 1532 3107 Crux
1554 3059 1690 3118 pellit
1711 3071 1858 3108 omne
1883 3059 2076 3109 crimen
2102 3077 2116 3110 ε

1336 3120 1566 3179 Fugiunt
1583 3133 1782 3168 crucem
1800 3123 2013 3170 tenebrae
2038 3138 2053 3171 z

1336 3182 1445 3230 Tali
1464 3183 1624 3230 dicata
1648 3183 1794 3241 signo

1335 3244 1486 3296 Mens
1507 3245 1750 3292 fluctuare
1772 3243 1948 3291 nescit.

1398 3306 1609 3363 Procul,
1634 3305 1835 3365 procul,
1859 3310 2135 3365 vagantum

1335 3367 1573 3414 Portenta
1594 3367 1909 3415 somniorum
1937 3382 1949 3416 :

1336 3429 1518 3476 Procul
1539 3434 1642 3476 esto
1664 3427 1911 3488 pervicaci

1336 3490 1676 3550 Praestigiator
1698 3494 1829 3537 astu.
1867 3552 1877 3559 ,
