2910 4457
1086 359 1157 399 m
1196 360 1525 404 nunnius,
2135 353 2137 357 ’
2262 350 2342 411 77

1673 476 1917 526 Psalmus
1952 478 2041 541 eij.

1442 538 1616 587 enedic
1630 540 1800 588 anima
1818 553 1929 589 mea
1944 541 2057 590 Dino
2075 545 2154 591 :et
2173 542 2344 592 omnia

1441 612 1554 658 quae
1576 600 1709 648 intra
1740 614 1820 651 me
1843 608 1983 661 sunt,
2008 603 2207 651 nomini
2226 617 2346 653 sau-

1358 665 1435 707 cto
1453 660 1582 720 ejus·

1421 722 1637 772 Benedie
1658 723 1829 772 anima
1860 739 1970 773 mea
1990 727 2103 776 Diio
2128 741 2140 773 ε
2169 730 2218 774 et
2240 727 2344 776 noli

1358 783 1588 831 oblivisci
1608 798 1784 832 ornnes
1808 788 2160 836 retributiones
2179 788 2310 848 eius·

1424 843 1525 903 Qui
1555 846 1853 905 propitiatur
1885 850 2123 898 omnibus
2152 850 2344 911 iniqui-

1360 906 1551 953 tatibus
1579 908 1683 955 tuis
1704 923 1717 956 :
1739 910 1830 968 qui
1849 916 1995 959 sanat
2012 924 2186 960 omnes
2205 914 2345 961 intir-

1359 967 1563 1015 mitates
1585 973 1714 1017 tuas·

1423 1029 1525 1088 Qui
1561 1031 1763 1079 redimit
1813 1032 1875 1081 de
1925 1033 2135 1081 interitu
2186 1034 2342 1083 vitam

1358 1094 1499 1139 tuam
1526 1108 1539 1142 :
1561 1094 1681 1151 quia
1699 1099 1903 1142 coronat
1919 1100 1964 1143 te
1990 1095 2043 1144 in
2061 1096 2344 1145 misericor-

1358 1152 1438 1201 dia
1471 1159 1518 1201 et
1543 1155 1969 1205 miserationibus

1422 1214 1525 1275 Qui
1560 1217 1713 1276 replet
1755 1218 1807 1265 in
1842 1219 1988 1267 bonis
2033 1217 2343 1268 desiderium

1358 1279 1506 1323 tuum
1542 1281 1905 1330 :renovabitur
1947 1286 2003 1330 ut
2045 1282 2227 1343 aquilae
2256 1281 2343 1342 ju-

1358 1343 1540 1387 ventus
1566 1345 1669 1388 tua.

1410 1399 1621 1449 Faciens
1631 1402 2120 1452 misericordiastis
2134 1409 2203 1467 :et
2211 1404 2345 1464 judi-

1355 1460 1494 1508 cium
1506 1464 1999 1523 omnibusinjuriam
2017 1465 2342 1523 patientibus.

1420 1523 1578 1572 Notas
1599 1523 1711 1571 fecit
1733 1526 1839 1573 vias
1864 1538 1983 1573 suas
2002 1526 2170 1585 Moysi
2192 1542 2206 1577 ς
2225 1526 2345 1575 filiis

1357 1584 1513 1631 Israel
1537 1585 1817 1634 voluntates
1834 1599 1970 1635 suaS.

1418 1646 1687 1695 Miserator
1708 1653 1756 1696 et
1772 1648 2062 1698 misericors
2076 1650 2214 1699 Dr‘is:
2233 1650 2344 1698 lon-

1357 1708 1581 1768 ganimis
1602 1714 1649 1756 et
1668 1711 1886 1758 multum
1911 1711 2217 1761 misericors·

1419 1770 1531 1818 Non
1562 1771 1613 1818 in
1638 1778 1932 1832 perpetuum
1959 1774 2200 1823 irascetur
2223 1790 2237 1823 ε
2260 1787 2343 1825 ne·

1354 1843 1453 1891 que
1477 1832 1529 1879 in
1550 1837 1794 1883 aeternum
1817 1837 2230 1885 comminabitur.

1417 1894 1531 1942 Non
1590 1897 1868 1945 secundum
1923 1903 2118 1957 peecata
2170 1902 2342 1946 nostra

1355 1953 1470 2002 fecit
1502 1956 1649 2004 nobis
1684 1972 1696 2004 :
1731 1971 1891 2017 neque
1924 1960 2204 2006 seeundum
2241 1959 2340 2007 ini-

1355 2017 1574 2077 quitates
1599 2023 1796 2065 nostras
1817 2020 2051 2066 retribuit
2073 2020 2234 2067 nobis.

1417 2076 1673 2136 Quoniam
1708 2079 1987 2126 secundum
2021 2079 2340 2130 altitudinem

1356 2137 1467 2185 coeli
1500 2149 1529 2185 a
1559 2143 1693 2185 terra
1728 2155 1741 2188 ε
1774 2140 2113 2188 corroboravit
2145 2140 2343 2189 miseri-

1355 2198 1579 2248 cordiam
1601 2211 1747 2249 suam
1768 2213 1918 2261 super
1938 2201 2174 2249 timentes
2190 2213 2261 2250 se.

1418 2260 1683 2320 Quantum
1734 2263 1887 2311 distat
1936 2268 2078 2311 ortus
2123 2264 2187 2311 ab
2220 2265 2344 2313 occi-

1354 2322 1502 2371 dente
1520 2338 1533 2372 :
1550 2323 1695 2386 longe
1716 2324 1829 2374 fecit
1844 2337 1873 2373 a
1891 2325 2037 2374 nobis
2054 2325 2342 2387 iniquitates

1357 2389 1576 2433 nostras,

1417 2447 1683 2507 Quomodo
1724 2449 1991 2498 miseretur
2030 2455 2169 2511 pater
2208 2451 2340 2500 filio-

1355 2521 1491 2569 rum,
1523 2511 1761 2560 misertus
1790 2518 1863 2560 est
1893 2513 2003 2561 Diis
2043 2513 2342 2563 timentibus

1355 2583 1408 2619 se
1435 2587 1449 2621 ε
1474 2574 1716 2632 quoniam
1750 2574 1855 2632 ipse
1874 2575 2108 2634 cognovit
2127 2576 2341 2635 figmen-

1356 2637 1468 2680 tum
1493 2639 1743 2681 nostrum.

1416 2695 1728 2742 Recordatus
1772 2698 1847 2741 est
1892 2694 2134 2752 quoniam
2175 2694 2343 2753 pulvis

1354 2767 1538 2804 sumus
1576 2769 1588 2801 :
1624 2755 1772 2801 bomo
1816 2755 1947 2802 sicut
1990 2754 2182 2802 i'oenum
2233 2756 2343 2804 dies

1355 2817 1495 2877 ejus;
1539 2821 1784 2876 tanquam
1820 2817 1911 2865 flos
1950 2817 2062 2879 agri
2096 2817 2169 2866 sic
2206 2818 2342 2867 efflo-

1357 2877 1504 2927 rebit.

1420 2939 1675 2999 Quoniam
1702 2939 1912 2999 spiritus
1940 2942 2264 3002 pertransibit
2285 2943 2339 2992 in

1357 3001 1461 3062 illo,
1486 3007 1533 3050 et
1554 3015 1652 3049 non
1676 3003 1912 3052 subsistet
1936 3020 1948 3055 :
1971 3011 2021 3054 et
2042 3019 2141 3054 non
2164 3019 2342 3067 cogno-

1355 3069 1459 3112 scet
1479 3064 1699 3124 amplius
1716 3066 1878 3116 locum
1898 3080 2069 3116 suum.

1419 3127 1767 3178 Misericordia
1792 3134 1958 3177 autem
1987 3130 2091 3178 Dr'ii
2109 3130 2173 3177 ab
2203 3134 2343 3177 aeter-

1356 3201 1423 3251 no
1447 3193 1527 3236 :et
1558 3201 1719 3248 usque
1748 3191 1800 3238 in
1824 3196 2071 3239 aeternum
2096 3202 2252 3250 super-
2282 3191 2341 3239 ti-

1355 3255 1551 3298 mentes
1569 3263 1704 3298 eum.

1420 3313 1483 3360 Et
1501 3312 1700 3370 iustitia
1720 3311 1858 3360 illius
1874 3311 1926 3373 in
1943 3310 2075 3360 filios
2088 3313 2338 3360 filiorum:

1356 3373 1438 3420 his
1458 3373 1546 3432 qui
1567 3379 1770 3421 servant
1791 3374 2145 3421 testamentum
2168 3374 2307 3434 eius;

1419 3435 1484 3483 Et
1526 3448 1774 3484 memores
1810 3438 1931 3482 sunt
1982 3436 2338 3484 mandatorum

1359 3496 1553 3556 ipsius:
1574 3498 1636 3547 ad
1657 3496 1940 3546 faciendum
1962 3508 2037 3545 ea.

2036 3575 2086 3624 7.
