2910 4457
605 352 686 413 76
1520 368 1761 411 unm-o

670 487 780 537 Diis
798 487 855 536 ln
877 487 1001 537 Sion
1021 498 1103 536 ma
1143 497 1244 535 nus
1267 501 1281 536 ε
1305 490 1354 536 et
1373 485 1598 537 excelsus

608 561 759 608 super
781 560 957 598 omnes
978 561 1107 609 popu
1129 561 1201 598 os.
1545 594 1551 603 ,

672 611 1016 660 Confiteantur
1042 609 1236 659 nomini
1262 613 1351 657 tuo
1371 620 1558 669 magno
1580 622 1595 639 ·

610 674 853 733 quoniam
877 672 1097 720 terribile
1115 677 1165 721 et
1183 675 1418 720 sanctum
1429 677 1507 720 est
1521 686 1534 721 ε
1550 645 1600 720 εἶ

610 733 771 783 honor
793 735 927 794 regis
946 734 1201 794 judicium
1221 732 1408 792 diligit.

673 796 751 843 Tu
774 796 959 854 parasti
984 795 1285 844 directiones
1308 792 1597 853 :jndicium

610 862 660 907 et
672 857 926 917 jnstitiam
944 857 997 905 in
1023 857 1176 905 Jacob
1196 862 1253 904 tu
1275 855 1452 904 fecisti.

671 919 895 967 Exaltate
926 919 1063 967 Dr‘im
1098 918 1262 967 Deum
1290 923 1520 966 nostrum
1551 920 1599 965 et

610 980 813 1029 adorate
833 981 1104 1029 scabellum
1122 981 1306 1041 pedum
1323 980 1439 1041 ejus
1454 995 1468 1030 :
1481 991 1599 1040 quo-

610 1042 753 1090 niam
774 1047 1008 1091 sanctum
1029 1045 1121 1090 est.

668 1104 869 1163 Moyses
896 1109 945 1152 et
965 1102 1140 1152 Aaron
1166 1102 1220 1151 in
1242 1102 1599 1151 Sacerdotibus

609 1163 722 1225 eJus
744 1180 757 1214 z
785 1170 833 1213 et
853 1166 1056 1214 Samniil
1077 1166 1207 1213 inter
1232 1176 1315 1213 eos
1343 1164 1434 1225 qui
1455 1164 1600 1213 invo-

608 1231 726 1274 cant
747 1239 928 1274 nomen
950 1227 1080 1286 ejus,

673 1288 984 1336 Invocabant
1018 1289 1184 1347 Dnm,
1221 1290 1272 1335 et
1302 1287 1409 1346 ipse
1445 1279 1624 1334 exau-‘

609 1348 778 1396 diebat
791 1360 875 1397 eos
898 1364 912 1398 ε
935 1350 989 1398 in
1009 1351 1245 1399 columna
1260 1349 1415 1397 nubis
1435 1347 1600 1407 loque-

610 1409 760 1457 batur
780 1411 843 1459 ad
866 1424 966 1459 eos,

671 1471 1033 1521 Custodiebant
1061 1471 1351 1520 testimonia
1378 1470 1492 1531 ejus
1516 1473 1601 1521 =et

613 1539 915 1594 praeceptum
941 1535 1073 1596 quod
1094 1534 1233 1582 dedit
1252 1533 1371 1580 illiS.

669 1595 781 1644 Dfie
822 1596 958 1645 Deus
997 1601 1183 1654 noster,
1225 1599 1283 1641 tu
1304 1592 1604 1641 exaudiebas

607 1667 723 1716 eosg
758 1658 895 1706 Deus
915 1662 972 1705 tu
993 1657 1243 1717 propitius
1272 1654 1412 1702 fuisti
1431 1655 1533 1704 eis:
1552 1658 1601 1702 et

608 1717 858 1767 ulciscens
896 1719 951 1767 in
1003 1730 1181 1767 omnes
1217 1716 1603 1766 adinventiones

609 1791 804 1827 eorum.

670 1840 897 1889 Exaltate
914 1840 1051 1888 Dfim
1079 1840 1243 1888 Deum
1275 1843 1530 1896 nostrum,
1552 1842 1602 1887 et

610 1901 813 1951 adorate
834 1903 886 1950 in
910 1907 1082 1951 monte
1106 1905 1280 1949 sancto
1311 1900 1420 1959 ejus
1443 1915 1458 1950 ε
1478 1912 1602 1960 quo-

610 1963 750 2011 niam
777 1969 985 2012 sanctus
1003 1965 1113 2012 Diis
1132 1964 1270 2011 Deus
1287 1967 1477 2010 noster.

675 2025 847 2075 Gloria
879 2026 1040 2076 Patri.
1073 2027 1139 2075 Δ.
1173 2024 1308 2086 Quia
1343 2023 1602 2074 mirabilia

609 2086 725 2137 fecit
744 2089 873 2139 Diis.

902 2173 1145 2223 Psalmus
1167 2172 1312 2221 πίω.
1529 2230 1534 2233 ¹

690 2236 875 2287 ubilate
906 2239 1009 2287 Deo
1036 2237 1204 2288 omnis
1225 2241 1359 2286 terra
1385 2235 1604 2286 :servite

686 2299 799 2347 Dr'io
820 2301 874 2348 in
898 2301 1089 2350 laetitia.

674 2361 885 2410 Introite
936 2363 991 2410 in
1032 2365 1300 2424 conspectu
1350 2361 1465 2421 ejus
1496 2373 1511 2408 ι
1544 2360 1601 2409 in

612 2422 935 2472 exultatione.

673 2484 858 2532 Scitote
866 2484 1108 2543 quoniam
1119 2484 1228 2532 Dr‘is
1238 2484 1344 2542 ipse
1357 2488 1431 2531 est
1439 2482 1601 2531 Deus:

612 2542 721 2605 lpse
742 2544 856 2592 fecit
878 2557 986 2604 nos,
1011 2550 1058 2594 et
1078 2557 1178 2592 non
1206 2545 1302 2604 ipsi
1324 2557 1434 2592 nos,

676 2606 900 2665 Populus
916 2607 1028 2667 eJus
1045 2611 1096 2654 et
1115 2618 1231 2655 oves
1249 2618 1445 2666 pascuae
1460 2604 1576 2666 ejus
1587 2640 1602 2665 ,

612 2667 820 2716 introite
846 2675 1014 2727 portas
1043 2669 1156 2729 eJus
1181 2669 1234 2717 in
1265 2666 1603 2717 consessione:

611 2729 742 2841 ffiria
783 2729 893 2790 eJus
924 2730 980 2780 in
1021 2731 1257 2794 hymnis3
1291 2729 1605 2780 confitemini

674 2806 708 2840 1.

675 2853 901 2903 Laudate
954 2866 1138 2903 nomen
1180 2853 1310 2913 eJus,
1358 2853 1603 2913 quoniam

611 2915 786 2963 suavis
805 2920 881 2962 est
906 2915 1032 2974 Diis3
1056 2917 1109 2963 in
1133 2920 1379 2964 aeternum
1404 2915 1606 2964 miseri-

614 2975 786 3024 cordia
807 2975 919 3035 ejus
944 2990 957 3025 t
979 2981 1026 3022 et
1059 2988 1220 3036 usque
1241 2976 1293 3023 in
1318 2978 1607 3035 generatio-

614 3047 680 3085 ne
705 3041 753 3084 et
775 3037 1149 3097 generationem
1171 3037 1357 3086 veritas
1377 3039 1508 3098 ejus·

953 3131 1199 3179 Psalmus
1218 3144 1264 3180 c.

716 3191 1061 3242 isericordiam
1093 3198 1142 3242 et
1162 3194 1421 3255 ,iudicium
1445 3208 1461 3244 ε
1486 3205 1608 3244 can-

717 3255 830 3302 tabo
852 3256 945 3305 tibi
965 3256 1093 3304 Diie.

674 3316 895 3366 Psallam
930 3323 979 3367 et
1001 3317 1281 3378 intelligam
1306 3318 1361 3366 in
1391 3318 1475 3367 via
1507 3318 1607 3367 im-

613 3378 866 3428 maculata
891 3395 904 3426 :
927 3381 1131 3440 quando
1146 3380 1319 3428 venies
1338 3381 1400 3429 ad
1424 3393 1526 3429 me.

674 3440 1100 3491 Perambulabam
1173 3442 1227 3490 in
1312 3442 1604 3491 innocentia

616 3503 782 3552 cordis
809 3504 910 3555 mei
930 3512 945 3550 t
965 3503 1019 3554 in
1054 3502 1222 3555 medio
1240 3503 1426 3554 domus
1462 3516 1604 3554 meae.

1755 483 1868 535 Non
1881 484 2221 543 proponebam
2230 488 2350 535 ante
2360 483 2534 534 oculos
2546 495 2711 536 meos

1694 558 1802 595 rem
1824 546 2070 605 injustam
2092 562 2106 596 z
2130 545 2370 597 facientes
2387 548 2708 607 praevarica-

1695 608 1858 657 tionoe
1878 607 2035 656 odivi.

1756 669 1869 718 Non
1903 669 2115 718 adhaesit
2151 668 2281 717 mihi
2314 682 2401 718 cor
2433 682 2659 729 pravum
2684 688 2704 721 z

1693 731 2032 780 declinantem
2072 744 2101 780 a
2138 742 2221 780 me
2254 733 2543 793 malignum
2585 747 2704 785 non

1695 793 2074 853 cognoscebam.

1756 855 2112 904 Detrahentem
2127 860 2314 904 secreto
2323 854 2551 914 proximo
2564 869 2666 906 suo
2683 874 2704 909 ε

1695 916 1832 964 hunc
1856 918 2206 977 persequebar.

1756 978 1825 1026 Su
1892 978 1979 1026 rbo
1991 979 2134 1026 oculo
2151 983 2200 1026 et
2216 977 2493 1027 insatiabili
2506 981 2664 1030 corde
2682 996 2699 1032 ε

1694 1050 1812 1087 cum
1871 1053 1928 1087 oc
1945 1051 2045 1087 non
2062 1040 2289 1089 edebam.

1757 1100 1902 1149 Oculi
1924 1102 2024 1150 mei
2052 1101 2115 1149 ad
2149 1101 2320 1149 fideles
2343 1105 2506 1161 terrae,
2530 1106 2592 1150 ut
2610 1115 2699 1152 se-

1694 1161 1846 1210 deant
1868 1175 2066 1211 mecum
2093 1163 2391 1214 :ambulans
2407 1164 2462 1210 in
2486 1164 2570 1211 via
2590 1165 2697 1213 im-

1695 1224 1964 1282 maculata,
1989 1225 2072 1272 hic
2093 1224 2224 1272 mihi
2246 1224 2593 1275 ministrabat.

1756 1286 1868 1335 Non
1906 1285 2155 1334 habitabit
2201 1286 2255 1333 in
2299 1286 2468 1334 medio
2500 1287 2697 1337 domus

1695 1358 1820 1395 meae
1837 1347 1926 1406 qui
1941 1347 2057 1396 facit
2071 1347 2362 1406 superbiam
2383 1362 2397 1396 ε
2413 1349 2503 1407 qui
2521 1349 2697 1409 loqui-

1696 1412 1780 1455 tur
1803 1408 1997 1468 iniqua,
2025 1422 2125 1456 non
2142 1410 2325 1458 direxit
2344 1410 2398 1458 in
2416 1416 2694 1470 conspectu

1696 1469 1958 1519 oculorum
1985 1483 2235 1519 meorum.

1758 1532 1817 1579 In
1850 1533 2101 1580 matutino
2121 1530 2486 1580 interficiebam
2507 1546 2698 1584 omnes

1694 1598 1976 1652 peccatores
1991 1599 2136 1642 terra)
2156 1609 2169 1641 ε
2191 1598 2248 1641 ut
2267 1593 2610 1651 disperderem
2626 1597 2694 1646 de

1696 1654 1896 1703 civitate
1911 1656 2013 1703 Dfii
2027 1667 2203 1704 omnes
2218 1659 2480 1715 operantes
2494 1657 2696 1719 iniqui-

1697 1721 1870 1764 tatem.

1758 1777 1932 1826 Gioria
1951 1778 2111 1827 Patri.
2131 1779 2193 1828 Δ.
2215 1778 2436 1829 Jubilate
2457 1780 2562 1829 Deo
2581 1793 2694 1832 om-

1699 1841 1781 1887 nis
1799 1843 1951 1888 terra.

2021 1901 2264 1950 Psalmus
2287 1902 2355 1963 cJ'.

1787 1963 1959 2012 omine
1977 1964 2155 2012 exaudi
2175 1965 2456 2014 orationem
2477 1978 2649 2015 meam
2672 1982 2690 2017 ε

1788 2029 1835 2072 et
1856 2025 2044 2073 clamor
2067 2038 2211 2074 meus
2230 2026 2293 2074 ad
2316 2032 2364 2074 te
2385 2028 2572 2076 veniat.

1760 2086 1873 2138 Non
1908 2092 2104 2135 avertas
2139 2087 2315 2135 faciem
2345 2093 2488 2136 tuam
2511 2101 2541 2137 a
2562 2101 2689 2139 met

1697 2147 1753 2196 ln
1789 2159 2092 2208 quacunque
2119 2149 2201 2197 die
2231 2149 2462 2211 tribulor,
2499 2150 2694 2200 inclina

1698 2209 1761 2261 ad
1784 2221 1866 2259 me
1885 2222 2063 2259 aurem
2085 2215 2247 2260 tuam.

1763 2273 1824 2320 ln
1847 2285 2149 2333 quacunque
2166 2273 2248 2322 die
2273 2273 2571 2325 invocavero
2587 2280 2638 2324 te
2660 2291 2676 2325 z

1698 2333 1931 2382 velociter
1952 2335 2250 2383 exaudime.

1762 2394 1895 2457 Quia
1924 2396 2213 2445 deiecerunt
2230 2396 2363 2444 sicut
2384 2395 2562 2446 fumus
2580 2398 2696 2453 dies

1700 2458 1800 2505 mei
1826 2462 1909 2508 :et
1946 2470 2058 2506 ossa
2097 2471 2210 2509 mea
2251 2459 2385 2507 sicut
2433 2460 2693 2510 cremium

1700 2522 1964 2566 aruerunt.

1761 2580 2039 2628 Percussus
2053 2591 2171 2629 sum
2184 2585 2242 2628 ut
2263 2579 2474 2640 soenum,
2491 2585 2542 2630 et
2556 2583 2696 2631 aruit

1699 2652 1783 2690 cor
1799 2653 1973 2690 meum
1999 2657 2013 2691 :
2033 2643 2154 2702 quia
2176 2643 2367 2690 oblitus
2386 2655 2505 2693 sum
2526 2656 2695 2694 come-

1698 2703 1815 2752 dere
1836 2714 2017 2761 panem
2041 2716 2232 2752 meum.

1763 2765 1813 2813 A
1838 2776 1954 2814 voce
1984 2766 2202 2838 gemitus
2223 2766 2324 2816 mei
2350 2780 2364 2815 2
2395 2767 2610 2817 adhaesit
2634 2781 2695 2818 os

1701 2839 1874 2875 meum
1906 2839 2048 2875 carni
2071 2840 2211 2877 meaa.

1763 2889 1958 2938 Similis
1989 2889 2151 2938 sactus
2175 2901 2292 2938 sum
2321 2889 2547 2949 pelicano
2570 2890 2696 2940 soli-

1699 2951 1897 2999 tudinis
1921 2966 1934 3000 :
1962 2950 2122 2999 sactus
2152 2963 2269 3000 sum
2301 2951 2434 3001 sicut
2470 2952 2697 3012 nyctico-

1702 3025 1790 3061 rax
1813 3013 1864 3059 in
1887 3013 2161 3061 domicili0.

1762 3074 1987 3133 vigilavi
2011 3079 2091 3124 :et
2106 3074 2266 3122 sactus
2286 3085 2403 3123 sum
2424 3075 2559 3125 sicut
2580 3088 2699 3136 pas-

1701 3147 1780 3185 ser
1801 3136 2061 3184 solitarius
2080 3135 2135 3183 in
2157 3141 2303 3184 tecto.

1765 3197 1888 3245 Tota
1925 3197 2006 3246 die
2034 3196 2401 3257 exprobrabant
2430 3198 2565 3246 mibi
2599 3198 2698 3249 ini-

1703 3258 1824 3307 mici
1846 3259 1946 3307 mci
1972 3271 1987 3305 ε
2014 3265 2063 3308 et
2087 3261 2176 3320 qui
2197 3259 2470 3309 laudabant
2500 3273 2585 3310 me
2603 3263 2697 3311 ad-

1701 3331 1906 3368 versum
1933 3333 2015 3370 me
2031 3321 2293 3382 jurabant,

1765 3382 1899 3443 Quia
1948 3382 2170 3432 cinerem
2216 3387 2463 3442 tanquam
2504 3394 2694 3443 panem

1701 3444 2072 3492 manducabam
2094 3449 2169 3493 :et
2184 3448 2358 3504 potum
2375 3456 2551 3495 meum
2573 3458 2696 3497 cum

1702 3505 1822 3555 netu
1843 3505 2136 3556 miscebam.
