2910 4457
712 424 788 461 ΒΕ
816 424 1200 461 commromo
1225 424 1334 461 PER
1358 425 1676 462 mmmm.
2092 410 2206 463 xlix

255 554 341 609 Ut
380 554 639 624 pupillam
665 553 855 623 oculi‚]
896 554 964 605 In
991 554 1145 606 BreV.
1174 553 1327 607 Rom.
1354 562 1408 607 et
1445 553 1605 607 Ebor.
1634 555 1751 609 haec
1787 556 1946 610 verba
1978 556 2209 628 Respon-

177 644 317 695 sorii
346 648 478 693 sunt
500 641 738 692 initium.
789 640 872 692 Cf.
900 639 969 692 ad
993 657 1042 709 p.
1069 645 1104 691 2
1125 642 1177 693 b.

255 745 309 797 p.
331 732 369 779 4
386 745 435 779 a.
465 726 633 796 Kyrie
653 726 850 778 eleison
868 727 978 796 ἱῂῖ]
1010 726 1179 791 Adde,
1202 731 1234 757 ‘⁴
1257 727 1434 796 [ter]'',
1460 737 1514 781 et
1536 728 1603 781 cf.
1630 728 1701 782 ad
1724 729 1786 782 P.
1818 734 1912 783 101
1941 731 1993 782 b.

253 824 376 885 post
403 812 753 881 Psalterium]
783 813 829 864 I.
857 831 901 865 e.
920 823 1040 884 post
1064 813 1232 866 Psalt.
1259 814 1548 867 Biblicum.
1598 816 1669 867 In
1706 817 1903 886 Gough
1926 822 1996 870 67
2019 826 2202 872 autem

179 910 237 954 et
263 901 462 952 Douce
485 899 604 951 Res.
633 900 1051 968 Completorium
1076 900 1339 968 reliquum
1362 902 1519 970 plene
1544 902 1869 971 descriptum
1893 912 1989 968 est,
2012 905 2208 959 additis

177 989 358 1040 etiam
381 986 826 1054 explicationibus
851 994 905 1038 et
927 986 1069 1038 notis
1105 986 1425 1053 quibusdam
1461 1004 1582 1056 quae
1620 990 1677 1040 in
1711 988 1970 1041 Psalterio
1994 1007 2101 1042 non
2132 992 2206 1043 le-

179 1083 428 1145 guntur:
453 1073 593 1124 vide
618 1073 953 1125 collationem
978 1075 1033 1125 in
1059 1081 1238 1125 annot.
1264 1073 1443 1126 nostra
1461 1075 1530 1127 ad
1554 1093 1605 1145 p.
1632 1079 1733 1128 107
1757 1093 1876 1129 a—
1897 1080 1997 1129 108
2014 1078 2066 1129 b.

253 1162 388 1213 Post
428 1158 629 1230 Compl.
656 1160 854 1211 dicitur
896 1159 1005 1211 sola
1033 1160 1220 1212 Oratio
1257 1160 1522 1214 Fidelium
1558 1160 1673 1229 dc]
1716 1161 1827 1216 Sub
1863 1164 2208 1233 Completorii

176 1248 399 1301 nomine
422 1262 601 1314 preces
626 1263 834 1314 quoque
858 1249 889 1275 ‘⁴
905 1263 999 1315 pro
1023 1263 1153 1315 pace
1179 1246 1459 1300 Ecclesiae’'
1485 1248 1723 1302 dicendae
1747 1249 1840 1303 hic
1864 1251 2207 1305 includantur

178 1351 399 1387 necesse
424 1340 531 1385 est:
575 1332 777 1400 alioqui
807 1331 1077 1384 Fidelium
1110 1332 1209 1384 &c.
1237 1350 1344 1385 non
1375 1342 1512 1386 esset
1547 1333 1655 1386 sola
1681 1334 1865 1388 Oratio
1899 1345 2018 1406 post
2042 1337 2202 1390 Com-

176 1420 470 1490 pletorium
494 1417 740 1471 dicenda.
779 1419 930 1471 Hinc
953 1420 1270 1482 autem,—si
1294 1418 1577 1472 dubitandi
1602 1421 1776 1474 adhuc
1799 1422 1976 1475 locum
2000 1424 2204 1492 plenior

175 1509 436 1562 editionis
451 1507 650 1577 Gough
673 1511 743 1559 67
768 1508 836 1573 (ν.
856 1506 926 1559 ad
948 1524 999 1576 p.
1030 1512 1130 1560 108
1153 1509 1209 1577 b)
1229 1506 1355 1559 ordo
1379 1507 2069 1576 reliquissen—probaretur
2093 1525 2200 1561 non

174 1606 305 1649 ante
330 1594 427 1649 sed
450 1601 570 1663 post
591 1611 771 1663 preces
794 1594 912 1646 illas
934 1593 1240 1646 Orationem
1262 1594 1404 1646 hanc
1429 1593 1711 1646 dicendam
1736 1611 1865 1647 esse.

444 1742 544 1803 De
573 1739 913 1802 Matutim's
942 1745 1001 1802 et
1030 1739 1352 1803 Laudibus
1380 1741 1573 1804 Dom.
1611 1743 1645 1804 1
1679 1742 1747 1805 in
1768 1741 1932 1813 Adv.

251 1898 416 1951 Pater
438 1902 615 1948 noster
637 1905 686 1947 et
710 1893 929 1965 (Douce
955 1893 1069 1947 Res.
1098 1913 1201 1947 om.
1227 1895 1303 1965 et)
1323 1897 1435 1949 Ave
1454 1895 1655 1963 Maria]
1679 1896 1749 1950 In
1767 1899 2050 1953 insertione
2074 1908 2198 1953 ante

174 1987 370 2039 Douce
397 1984 519 2037 Res.
546 1983 866 2036 Psalterium
891 1983 1086 2053 legitur
1108 1986 1373 2037 monitum
1398 2003 1652 2055 sequens:

243 2078 279 2102 “
299 2072 440 2124 Ante
462 2071 685 2123 initium
708 2070 953 2122 horarum
978 2071 1177 2123 dicitur
1200 2091 1394 2142 semper
1410 2074 1580 2124 oratio
1599 2073 1865 2125 dominica
1881 2096 1899 2127 .·
1939 2085 1987 2126 ει
2007 2076 2067 2127 in
2078 2078 2198 2145 fine

169 2164 202 2188 “
223 2157 493 2220 similiter,
509 2158 802 2228 praesertim
817 2167 935 2227 post
959 2159 1164 2210 macuti.
1195 2155 1529 2227 [matutinas]
1557 2167 1606 2209 et
1628 2177 1854 2230 vesperas
1870 2178 1968 2230 per
1999 2179 2041 2212 c.
2072 2161 2198 2232 [for-

167 2251 201 2276 “
224 2255 382 2311 tasse,
406 2263 507 2315 per
541 2243 821 2310 canonem,]
868 2244 935 2296 Id
968 2262 1172 2314 semper
1204 2246 1421 2314 placuit.
1448 2245 1516 2297 de
1549 2249 1630 2297 co.
1658 2245 1732 2297 di.
1768 2264 1815 2298 v.
1859 2246 2103 2317 [fortasse
2135 2250 2198 2300 de

171 2339 203 2363 “
228 2331 447 2385 consilio
483 2331 588 2400 (vel
621 2332 1004 2401 consuetudine)
1030 2332 1307 2383 dicendum
1333 2331 1435 2400 (vel
1468 2332 1686 2402 dicitur)
1720 2331 1861 2399 verb]
1901 2334 2196 2388 Identidem

175 2424 208 2449 “
231 2420 345 2471 Ave
369 2418 565 2471 Maria.
594 2417 766 2470 Credo
792 2409 848 2469 in
876 2418 1054 2473 deum.
1081 2417 1278 2470 ¹Credo
1302 2419 1359 2470 in
1384 2419 1623 2488 spiritfi.”

249 2506 374 2558 Hoc
398 2513 580 2558 autem
604 2505 983 2568 testimonium,
1000 2507 1206 2558 etiamsi
1233 2508 1499 2574 quantum
1523 2506 1592 2560 ad
1611 2507 1922 2561 Orationem
1948 2509 2195 2564 Domini-

173 2609 298 2644 cam
320 2609 430 2644 non
454 2600 576 2644 ante
601 2592 774 2644 solum
798 2589 890 2643 sed
915 2600 966 2643 et
990 2600 1111 2660 post
1136 2592 1330 2658 HoraS,
1352 2594 1652 2647 secundum
1677 2596 1821 2665 leges
1845 2596 2062 2664 quidem
2087 2591 2193 2651 Ro'ss

171 2694 371 2732 manas
393 2674 461 2743 (v.
495 2677 561 2729 ad
593 2678 656 2731 P.
695 2682 761 2729 12
793 2678 874 2746 a),
898 2677 1177 2730 dicendam
1212 2680 1341 2732 satis
1375 2680 1646 2749 probabile
1680 2682 2038 2744 videtur,-—in
2075 2684 2193 2736 reli·

175 2765 295 2834 quis
321 2773 756 2834 tamem—quum
790 2773 843 2816 et
867 2765 924 2815 in
949 2765 1112 2833 ipsius
1139 2765 1396 2818 Breviarii
1422 2765 1620 2819 Sarisb.
1647 2767 1910 2831 Rubricis‚
1932 2776 2041 2820 tam
2068 2777 2192 2821 ante

178 2854 475 2907 Matutinas
494 2854 571 2922 (v.
597 2872 646 2923 p.
672 2858 706 2905 4
732 2853 791 2922 a)
814 2853 976 2922 quam
1000 2863 1124 2907 ante
1148 2855 1358 2924 Compl.
1382 2855 1460 2924 (v,
1485 2873 1535 2925 p.
1561 2860 1595 2907 3
1619 2857 1669 2908 b.
1698 2865 1752 2909 et
1775 2857 1837 2910 Ρ.
1858 2862 1959 2910 100
1983 2857 2045 2930 a)
2065 2876 2191 2912 cum

179 2939 428 2994 Oratione
479 2941 768 2993 Dominica
827 2941 1217 2995 Salutationem
1274 2961 1485 3012 quoque
1539 2944 1851 3013 Angelicam
1909 2946 2189 3001 dicendam

175 3044 284 3079 esse
308 3027 501 3081 diserte
527 3036 778 3080 notatum
809 3028 895 3091 sit,
920 3037 975 3081 et
1005 3029 1062 3080 in
1096 3028 1454 3082 admonitione
1480 3030 1573 3082 illa
1596 3047 1762 3099 quam
1794 3050 1955 3102 supra
1981 3032 2061 3103 (p.
2087 3035 2187 3103 vii)

176 3112 563 3184 descripsimu8‚
610 3122 735 3167 ante
786 3113 960 3167 Horas
1008 3132 1194 3168 omnes
1242 3115 1327 3184 (ut
1374 3117 1584 3170 videtur
1629 3119 1874 3189 quidem)
1918 3122 2189 3189 praemisso

235 3282 248 3312 ¹
282 3284 401 3332 Ideo
422 3284 534 3332 haec
557 3284 706 3331 verba
730 3283 902 3346 (Credo
934 3289 983 3332 in
1014 3285 1264 3347 Spiritum)
1290 3287 1452 3335 addita
1483 3294 1615 3346 sunt,
1640 3289 1755 3351 quia
1785 3289 2017 3353 Symbolo
2049 3291 2185 3355 Apo-

174 3365 557 3427 stolico,—quod
581 3366 632 3412 in
658 3365 918 3414 insertione
939 3368 1026 3414 ina
1048 3373 1148 3414 una
1170 3384 1283 3416 cum
1305 3370 1528 3417 formulis
1550 3371 1659 3418 aliis
1679 3387 1795 3419 mox
1816 3374 1985 3421 eadem
2007 3376 2187 3437 pagina

170 3444 311 3505 plene
331 3445 574 3507 scriptum
589 3445 810 3505 sequitur
828 3446 896 3506 (v.
917 3447 977 3494 ad
994 3448 1249 3495 Formulas
1265 3448 1581 3510 Communoe,
1600 3466 1649 3513 p.
1672 3454 1757 3500 121
1770 3452 1935 3514 ),—-in
1956 3470 2185 3518 paragra·

172 3524 290 3587 phos
312 3527 436 3587 duas
455 3525 631 3582 diviso,
657 3528 867 3577 secunda
884 3529 943 3577 ab
966 3530 1140 3577 iisdem
1160 3530 1348 3594 incipit.

1163 3628 1199 3664 Ε
