2910 4457
902 387 974 425 in
1013 387 1147 427 mr.
1192 386 1262 427 m·
1303 387 1527 427 tiones.
2156 373 2237 432 73

242 491 402 545 Gloria
430 492 588 546 Patri.
619 497 684 546 Δ.
715 495 1018 548 Benedictus
1046 497 1156 549 Dus

190 555 235 604 in
249 562 505 607 eternum.

463 621 707 669 Psalmus
736 632 854 670 xcv.

260 685 417 731 antate
457 683 573 731 Duo
613 683 867 732 canticum
910 695 1101 735 novum
1137 699 1152 732 ε

258 748 445 793 cantate
462 745 575 793 1)ῇο
593 745 762 793 omnis
785 750 935 793 terra.

240 802 435 855 Cantate
476 807 615 866 Dr'io,
660 812 708 855 ct
747 806 1022 856 benedicite
1064 820 1155 855 no-

190 865 301 913 mini
342 868 492 927 ejus:
538 868 835 918 annuntiate
870 869 933 919 de
971 868 1053 919 die
1098 869 1154 918 in

189 926 303 976 diem
324 931 541 979 salutare
556 930 686 990 eius·

239 988 550 1040 Annuntiate
569 992 702 1041 inter
727 991 912 1041 Gentes
941 991 1154 1051 gloriam

189 1049 282 1171 gns
302 1068 313 1100 ε
335 1054 389 1101 in
413 1055 655 1103 omnibus
679 1054 877 1115 populis
901 1054 1156 1104 mirabilia

230 1124 299 1161 uS.

220 1174 483 1244 ‘Quoniam
505 1188 729 1237 magnus
754 1177 887 1237 Dus,
910 1182 959 1226 et
979 1178 1157 1226 lauda·

189 1234 289 1285 lulis
337 1238 492 1288 nimis
525 1255 542 1290 ε
596 1239 837 1288 terribilis
888 1245 963 1289 est
1004 1252 1155 1300 super

188 1308 343 1348 omnes
360 1301 497 1351 deos.

239 1359 481 1419 Quoniam
502 1375 684 1411 omnes
704 1362 778 1411 dii
798 1362 1040 1412 Gentium
1062 1363 1158 1413 dae-

188 1423 336 1471 monia
362 1440 375 1473 2
398 1426 510 1474 Dus
533 1431 705 1474 autem
727 1425 877 1473 coelos
900 1425 1031 1473 feeit.

239 1482 478 1536 Confessio
508 1493 560 1536 et
593 1486 913 1547 pulchritudo
949 1486 1003 1534 in
1038 1499 1158 1535 con-

186 1551 335 1602 spectu
355 1548 465 1607 eJus
489 1563 504 1599 z
528 1548 867 1597 sanctimonia
889 1552 937 1595 et
958 1547 1158 1609 magni-

189 1604 361 1658 ficentia
393 1612 443 1658 in
484 1609 882 1659 sanctificatione
903 1609 1031 1669 ejus.

237 1668 415 1720 Afferte
443 1674 561 1721 1)ῆο
590 1671 763 1731 patriae
784 1672 1051 1732 Gentium,
1082 1671 1158 1720 af-

189 1725 290 1779 ferte
316 1734 424 1782 1)ῆο
453 1732 671 1794 gloriam
701 1739 748 1783 et
776 1734 1049 1782 honorem:
1082 1733 1156 1782 as—

189 1788 292 1841 ferte
310 1795 417 1844 1)ῆο
439 1795 659 1856 gloriam
682 1794 880 1843 nomini
903 1796 1031 1853 ejus·

238 1854 403 1906 Tollite
422 1859 642 1915 hostiaS,
666 1862 714 1904 et
728 1856 931 1904 introite
950 1855 1005 1903 in
1027 1858 1154 1906 atria

185 1913 306 2036 egus:
335 1921 540 1968 adorate
569 1920 709 1967 Dum
740 1920 794 1967 in
827 1919 955 1967 atrio
984 1925 1156 1968 sancto

186 1987 209 2022 e
227 1989 298 2027 us·

237 2038 614 2091 Commoveatur
655 2052 686 2089 a
720 2040 843 2090 facie
883 2039 996 2098 ejus
1038 2043 1155 2089 uni-

184 2107 309 2149 versa
330 2108 461 2152 terra
487 2119 501 2152 ε
526 2103 673 2151 dicite
691 2102 746 2150 in
767 2101 1013 2152 Gentibus
1033 2104 1156 2163 quia

185 2157 280 2210 bns
309 2163 559 2223 regnavit.

231 2222 435 2273 Etenim
463 2223 675 2273 correxit
691 2224 858 2274 orbem
881 2231 1043 2286 terrae,
1066 2225 1156 2287 qui
1187 2261 1192 2266 -

183 2295 271 2333 non
295 2286 719 2337 commovebitur:
736 2287 981 2347 iudicabit
998 2301 1156 2350 popu-

182 2345 246 2395 los
265 2347 318 2396 in
339 2348 594 2409 aequitate.

238 2410 489 2460 Laetentur
519 2410 645 2470 coeli,
683 2415 731 2460 et
767 2413 950 2462 exultet
989 2418 1150 2473 terra3

184 2480 547 2542 commoveatur
587 2486 752 2533 mare,
797 2480 846 2522 et
899 2474 1156 2535 plenitudo

184 2540 316 2591 ejus:
347 2537 639 2596 gaudebunt
670 2536 869 2596 campi,
906 2542 955 2585 et
983 2536 1158 2586 omnia

184 2604 282 2653 quae
302 2597 353 2646 in
375 2597 447 2647 eis
469 2602 614 2646 sunt.

236 2657 369 2709 Tunc
388 2661 687 2711 exultabunt
706 2658 878 2707 omnia
900 2659 1036 2720 ligna
1069 2659 1158 2708 sil-

185 2725 347 2770 varum
369 2735 395 2771 a
419 2721 550 2771 faeie
570 2722 695 2780 Diu,
720 2720 839 2780 quia
852 2721 1015 2769 venit:
1039 2734 1158 2782 quo-

186 2779 306 2830 niam
329 2785 462 2832 venit
483 2784 712 2844 judicare
732 2788 939 2831 terram.

235 2841 489 2895 Judicabit
519 2846 691 2893 orbem
723 2849 870 2893 terrae
914 2843 966 2891 in
1002 2844 1159 2904 aequi-

184 2904 289 2954 tate:
313 2913 359 2956 et
378 2908 594 2969 populos
616 2908 667 2955 in
691 2906 899 2954 veritate
920 2918 1030 2955 sua.

449 2969 699 3018 Psalmus
728 2967 868 3028 xcvj.

187 3030 458 3134 Dominus
492 3029 747 3090 regnavit,
774 3029 958 3078 exultet
988 3033 1156 3080 terra:

265 3090 486 3143 laetentur
508 3092 692 3143 insulae
714 3092 904 3140 multae.

189 3207 198 3217 ,
241 3151 401 3204 Nubes
421 3161 471 3204 et
492 3154 657 3212 caligo
680 3152 736 3200 in
768 3152 981 3201 circuitu
1018 3152 1156 3212 eJus:

180 3214 359 3330 Jssstitia
388 3222 436 3266 et
472 3214 729 3277 jndicium
760 3213 998 3264 correctio
1027 3213 1160 3264 sedis

185 3281 208 3317 e
226 3284 298 3324 us.
1054 3279 1058 3287 '

238 3337 373 3397 Ignis
393 3345 512 3389 ante
533 3337 705 3398 ipsum
726 3339 994 3398 praecedet:
1015 3343 1063 3387 et
1084 3337 1159 3385 in—

185 3393 448 3450 flammabit
467 3403 524 3450 in
539 3400 754 3449 circuitu
773 3400 1008 3449 inimicos
1027 3399 1157 3458 ejus.

241 3459 544 3512 Alluxerunt
565 3461 766 3522 fulgura
788 3462 899 3521 ejus
926 3460 1037 3510 orbi
1059 3467 1158 3511 ter-

185 3530 247 3571 rae
267 3537 279 3573 ε
301 3524 428 3574 vidit
447 3530 499 3574 et
519 3528 769 3574 commota
785 3528 861 3572 est
879 3528 1031 3572 terra.

1310 499 1511 549 Montes
1529 498 1658 547 sicut
1676 511 1787 549 cera
1808 498 2061 550 fluxerunt
2072 515 2103 554 a
2119 503 2241 554 facio

1248 560 1379 610 nni:
1402 573 1430 609 a
1449 560 1571 610 l'acie
1588 560 1690 609 Diti
1710 563 1880 611 omnis
1900 568 2049 615 terra.

1311 623 1766 671 Annuntiaverunt
1817 624 1928 673 coeli
1981 625 2236 685 Justitiam

1248 684 1389 755 ejus:
1412 690 1467 757 et
1483 684 1719 734 viderunt
1740 699 1916 736 omnes
1938 688 2110 748 populi
2132 690 2239 750 glo—

1249 759 1381 794 riam
1423 758 1553 806 ejus.

1311 807 1700 856 Contundantur
1721 821 1897 857 omnes
1915 810 2007 870 qui
2021 812 2236 860 adorant

1249 867 1533 927 sculptilia:
1566 871 1615 916 et
1642 869 1732 929 qui
1762 870 2043 930 gloriantur
2081 873 2136 923 in
2170 874 2241 922 si-

1250 930 1532 979 mulachris
1551 929 1676 978 suis·

1316 991 1540 1040 Adorate
1559 1004 1676 1039 eum
1706 1004 1883 1042 omnes
1904 994 2072 1055 angeli
2092 996 2233 1056 ejus:

1252 1053 1448 1102 audivit
1468 1058 1517 1103 et
1539 1054 1701 1102 laetata
1723 1060 1797 1103 est
1820 1055 1959 1105 Sion.

1313 1116 1377 1164 Et
1398 1117 1746 1164 exultaverunt
1768 1118 1884 1167 filiae
1905 1118 1936 1166 J
1940 1119 2075 1169 udae:
2099 1130 2240 1181 prop-

1251 1182 1327 1226 ter
1345 1178 1536 1237 ,iudicia
1559 1182 1646 1225 tua
1668 1179 1796 1228 Due.

1314 1240 1571 1300 Quoniam
1590 1245 1646 1287 tu
1665 1241 1773 1288 Dus
1789 1241 2072 1291 altissimus
2088 1254 2240 1303 super

1252 1313 1455 1350 omnem
1482 1306 1670 1349 terram
1698 1317 1711 1352 z
1745 1303 1900 1352 nimis
1922 1306 2167 1354 exaltatus
2187 1317 2241 1354 es

1254 1374 1407 1423 super
1433 1375 1608 1411 omnes
1629 1365 1766 1412 deos,

1318 1425 1421 1485 Qui
1444 1425 1658 1484 diligitis
1675 1426 1832 1484 Dum,
1859 1426 1991 1475 odite
2015 1428 2242 1477 malum:

1251 1487 1472 1534 custodit
1484 1487 1590 1533 Diis
1606 1487 1805 1534 animas
1820 1493 2110 1536 sanctorum
2123 1501 2243 1536 suo-

1252 1560 1398 1609 rum,
1436 1549 1500 1596 de
1523 1560 1680 1595 manu
1715 1550 1988 1607 peccatoris
2013 1550 2243 1599 liberabit

1250 1622 1354 1659 eOS.

1250 1733 1265 1781 Ι
1313 1672 1421 1719 Lux
1443 1674 1553 1720 orta
1570 1675 1646 1721 est
1665 1672 1804 1731 justo
1824 1686 1837 1721 :
1860 1677 1907 1721 et
1922 1671 2069 1722 rectis
2093 1674 2242 1724 corde

1269 1734 1441 1784 aetitia.

1314 1796 1583 1844 Laetamini
1595 1794 1723 1855 justi
1744 1796 1798 1844 in
1816 1797 1957 1846 Duo:
1979 1802 2027 1845 et
2046 1798 2243 1849 confite·

1252 1858 1383 1906 mini
1400 1859 1658 1906 memoriae
1680 1860 2095 1908 sanctificationis
2110 1861 2240 1921 ejus,

1313 1919 1486 1968 Gloria
1507 1920 1666 1968 Patri.
1699 1922 1762 1967 A.
1797 1921 2004 1969 Caritate
2031 1922 2168 1983 Dilo,
2193 1930 2243 1971 et

1251 1980 1529 2030 benedicite
1546 1981 1744 2029 nomini
1764 1982 1895 2040 eius,

1314 2040 1375 2103 Ῠ.
1399 2044 1559 2090 Intret
1582 2042 1742 2089 oratio
1764 2054 1875 2088 mea
1899 2042 1951 2088 in
1974 2049 2241 2101 conspectu

1250 2107 1338 2151 tuo
1359 2104 1487 2151 Dixe-
1505 2114 1569 2164 132.
1593 2103 1791 2151 Inclina
1811 2115 1988 2152 aurem
2010 2109 2153 2151 tuam
2174 2107 2235 2153 ad

1251 2176 1449 2225 precem
1473 2176 1660 2213 meam.

1313 2288 1471 2337 ANTE
1482 2288 1692 2336 LAunus
1712 2287 1772 2349 ᾖ.
1792 2289 2036 2337 FiatmiS.
2051 2289 2120 2349 (p.
2135 2288 2239 2349 38.)

1316 2350 1382 2397 In
1403 2349 1660 2398 Laudibus
1676 2353 1738 2399 A.
1762 2351 1953 2411 Spiritu
1973 2351 2240 2411 principali

1251 2413 1496 2461 confirma
1508 2425 1591 2460 cor
1603 2424 1775 2463 meum
1793 2415 1946 2463 Deus,
1969 2414 2061 2462 Pa.
2084 2414 2241 2465 Mise-

1252 2488 1361 2524 rere
1382 2475 1484 2524 mei
1505 2474 1657 2523 Deus·
1682 2475 1837 2538 (ibid.)

1544 2537 1783 2587 Psalmus
1803 2537 1947 2599 cxlij.

1249 2597 1511 2707 Domine
1530 2600 1708 2647 exaudi
1738 2601 2015 2648 orationem
2038 2611 2231 2659 meam3

1341 2660 1553 2707 auribus
1603 2661 1799 2719 percipe
1845 2661 2240 2707 obsecrationem

1252 2733 1419 2768 meam
1437 2735 1451 2769 ε
1470 2721 1522 2767 in
1539 2720 1748 2772 veritate
1766 2726 1855 2769 tua
1869 2721 2049 2769 exaudi
2065 2731 2164 2780 mc,
2184 2721 2240 2768 in

1253 2786 1339 2830 tua
1354 2781 1574 2840 iustitia.

1314 2843 1380 2892 Et
1414 2855 1517 2890 non
1548 2843 1708 2891 intres
1742 2843 1797 2891 in
1830 2842 2085 2901 judicium
2120 2855 2238 2892 cum

1252 2917 1395 2953 servo
1415 2909 1504 2952 tuo
1520 2919 1533 2954 τ
1551 2905 1668 2965 quia
1693 2918 1792 2953 non
1805 2905 2165 2969 iustificabitur
2181 2906 2238 2955 in

1252 2972 1518 3027 conspectu
1537 2971 1622 3015 tuo
1635 2969 1803 3017 omnis
1825 2969 2018 3017 vivens·

1314 3029 1449 3090 Quia
1465 3035 1754 3089 persecutus
1773 3036 1848 3080 est
1867 3031 2109 3079 inimicus
2130 3031 2242 3079 ani-

1252 3102 1391 3139 mam
1431 3103 1598 3140 meam
1636 3108 1649 3143 :
1686 3093 1979 3142 humiliavit
2014 3093 2070 3140 in
2107 3097 2241 3140 terra

1253 3153 1411 3202 vitam
1432 3166 1619 3202 meam.

1315 3215 1584 3265 Collocavit
1622 3229 1705 3264 me
1743 3216 1796 3263 in
1840 3213 2068 3262 obscuris
2109 3212 2243 3261 sicut

1253 3283 1481 3326 mortuos
1505 3278 1704 3326 saeculi:
1725 3280 1774 3325 et
1793 3276 2026 3324 anxiatus
2053 3279 2127 3323 est
2147 3287 2242 3323 su-

1253 3350 1339 3397 per
1361 3352 1442 3387 me
1464 3339 1675 3399 spiritus
1697 3350 1858 3397 meus,
1882 3338 1936 3385 in
1960 3349 2043 3386 me
2064 3337 2240 3384 turba-

1252 3405 1364 3448 tum
1380 3406 1455 3449 est
1476 3413 1559 3448 cor
1580 3412 1772 3449 meum.

1317 3463 1515 3512 Memor
1547 3461 1618 3509 rui
1650 3463 1849 3510 dierum
1883 3459 2238 3529 antiquorum,

1255 3525 1529 3573 meditatus
1548 3535 1664 3572 sum
1683 3524 1736 3571 in
1753 3522 1993 3571 omuibus
2007 3519 2242 3580 operibus

1960 3601 1993 3652 7
