2910 4457
139 436 230 487 An
250 438 279 499 ς
299 435 414 501 162)
731 451 1112 501 ussnommis)
1139 451 1310 492 sinon
1338 451 1523 493 cannas
1548 452 1784 493 suscorr.
2147 437 2305 505 lxxv

242 585 379 647 Quid
413 589 588 636 autem
619 586 935 652 Laestingaeu
969 602 1087 637 cum
1115 586 1291 637 insula
1313 586 1734 637 Lindisfarnensi
1758 601 2032 637 commune
2053 587 2307 652 habuerit,

141 685 209 719 ex
243 667 426 720 eodem
457 669 623 735 ipsius
659 668 790 719 Ven.
815 669 975 719 Bedae
996 668 1117 719 loco
1144 669 1410 732 discimus,
1448 670 1535 718 cui
1566 668 1724 718 modo
1750 671 2011 734 exscripta
2032 672 2305 720 annotatio

141 765 378 817 appensa
402 755 508 815 est3
530 752 587 800 in
612 766 715 815 quo
744 750 808 801 de
831 752 884 802 S.
909 749 1106 813 Ceddo,
1134 750 1186 802 S.
1213 750 1404 800 Ceddae
1425 752 1583 800 fratre
1601 746 1678 816 (v.
1704 765 1865 816 supra
1886 768 1936 817 p.
1954 751 2158 816 xxxiij),
2177 752 2306 819 legi·

138 849 283 884 mus:
337 833 572 898 “expleto
623 833 797 884 studio
844 834 1166 899 jejuniorum
1218 839 1269 883 et
1316 833 1586 895 orationis,
1628 834 1753 883 fecit
1805 833 1881 884 ibi
1927 834 2306 886 Monasterium

143 914 318 980 “quod
349 931 492 966 nunc
522 916 837 982 Laestingaeu
859 923 1106 980 vocatur3
1132 921 1184 967 et
1205 916 1468 982 religiosis
1492 915 1740 980 moribus,
1758 915 1914 980 juxta
1935 918 2064 968 ritus
2093 916 2211 984 “[al.
2235 919 2303 968 ri·

143 995 302 1063 “tum]
326 998 834 1049 Lindisfarnensium
856 1000 950 1050 ubi
972 1000 1223 1050 educatus
1248 1005 1370 1062 erat,
1393 998 1672 1048 instituit.”

236 1080 421 1130 “Tuba
437 1078 755 1147 “[leqendum
772 1081 991 1148 Tudi],’'
1004 1081 1138 1151 ὥσ.»
1168 1083 1216 1134 N
1219 1082 1637 1133 orthumbrorum
1645 1082 1896 1148 Episcopi
1909 1082 2076 1133 Scotti
2095 1088 2144 1134 et
2159 1084 2306 1135 Scot-

138 1163 304 1213 ticum
338 1163 452 1213 sive
484 1164 846 1215 Britannicum
868 1165 1075 1216 Pascha
1100 1165 1440 1216 observantes
1466 1169 1629 1228 erant,
1657 1170 1700 1215 1.
1727 1165 1778 1215 S.
1800 1165 2053 1227 Aidanus,
2074 1181 2168 1230 per
2191 1181 2307 1231 sep-

138 1244 416 1308 tendecim,
444 1249 489 1295 2.
514 1246 748 1297 Finanus
770 1263 864 1313 per
889 1247 1085 1311 decem,
1110 1251 1156 1298 3.
1185 1246 1506 1297 Colmannus
1523 1263 1617 1312 per
1632 1252 1736 1297 tres
1756 1262 1941 1297 annos.
1968 1246 2142 1307 Quum
2168 1263 2311 1311 ver0,

139 1329 195 1377 in
216 1326 434 1393 Synodo
460 1344 576 1392 quae
597 1329 656 1379 in
679 1330 999 1380 Monasterio
1020 1330 1402 1382 Strenaeshalch
1422 1329 1677 1396 (Whitby)
1701 1330 1880 1380 habita
1905 1336 2030 1394 erat,
2047 1358 2113 1366 —
2128 1330 2306 1382 audito

139 1415 249 1460 tam
283 1409 576 1460 Colmanno
609 1427 704 1477 pro
737 1428 834 1463 suo
868 1428 1023 1478 quam
1056 1413 1107 1463 S.
1132 1413 1375 1464 Wilfrido
1409 1429 1506 1478 pro
1530 1413 1736 1462 Pascha
1758 1411 2132 1475 Alexandrino,
2166 1414 2307 1478 quod

141 1508 261 1545 cum
284 1493 453 1543 Roma
475 1493 563 1543 vel
585 1497 709 1560 post
723 1495 942 1545 Romam
958 1495 1194 1562 plerique
1219 1511 1399 1546 omnes
1410 1497 1523 1559 jam
1542 1501 1869 1560 acceperant,
1887 1522 1949 1530 --
1967 1496 2081 1545 Rex
2099 1496 2308 1547 Oswius

141 1576 213 1641 (v.
238 1591 412 1641 supra,
436 1593 488 1642 p.
510 1576 678 1640 lxxiv)
714 1576 850 1627 orbis
882 1593 1037 1643 quam
1062 1578 1292 1629 Scottico
1322 1578 1543 1628 Paschae
1577 1578 1838 1628 adhaerere
1872 1578 2157 1642 maluisset,
2187 1578 2308 1629 Col-

137 1673 382 1720 mannus,
410 1657 729 1723 “adsumptis
752 1659 836 1709 his
861 1661 950 1724 qui
974 1676 1029 1711 se
1054 1662 1205 1726 sequi
1227 1661 1522 1724 voluerunt,
1546 1662 1600 1711 id
1624 1666 1717 1726 est,
1743 1662 1833 1727 qui
1855 1661 2060 1711 Pascha
2076 1662 2309 1713 Catholi-

143 1742 298 1792 “cum
323 1746 376 1791 et
408 1746 676 1792 tonsuram
711 1756 918 1793 coronae
952 1742 1257 1810 [Romanam
1289 1744 1402 1795 scil.
1437 1748 1491 1794 et
1521 1743 1850 1811 Anglorum],
1885 1760 2007 1794 nam
2037 1750 2089 1794 et
2119 1744 2183 1796 de
2203 1746 2307 1797 hoc

143 1822 412 1890 “[negotio
445 1822 578 1889 scil.]
615 1825 833 1888 quaestio
868 1840 977 1876 non
1007 1828 1222 1877 minima
1251 1833 1376 1890 erat,
1408 1829 1640 1894 recipere
1671 1826 1940 1888 nolebant,
1969 1826 2028 1877 in
2053 1827 2306 1879 Scottiam

144 1909 448 1972 “regressus
483 1912 578 1968 est,
610 1911 925 1958 tractaturus
961 1924 1079 1960 cum
1119 1910 1229 1960 suis
1269 1911 1396 1974 quid
1436 1910 1501 1961 de
1539 1911 1622 1961 his
1662 1911 1836 1960 facere
1870 1908 2132 1961 deberet.”
2163 1912 2304 1962 Hist.

139 1990 285 2041 Eccl.
313 1989 367 2039 S.
390 1987 573 2050 Bedae3
609 1988 700 2051 III,
727 1991 804 2052 25,
829 1994 907 2041 26.
931 2018 996 2027 —-
1021 1993 1103 2041 De
1125 1992 1315 2043 Hiensi
1336 2008 1465 2043 vero
1488 1993 1826 2056 Monasterio‚
1851 1992 1994 2057 quod
2016 1994 2305 2044 Monacho-

138 2089 253 2123 rum
279 2072 629 2123 Scotticorum
663 2079 821 2138 caput
844 2079 968 2137 erat,
1001 2075 1069 2124 ad
1091 2076 1297 2126 Pascha
1321 2074 1651 2126 Catholicum
1673 2074 1893 2126 feliciter
1915 2091 2008 2141 per
2033 2075 2084 2125 S.
2104 2076 2303 2142 Egber-

144 2161 254 2206 tum
278 2159 467 2223 postea
491 2169 763 2218 converso,
787 2171 838 2205 v.
865 2156 932 2205 ad
956 2158 986 2219 ς
1015 2160 1123 2220 100,
1147 2159 1204 2208 in
1227 2158 1411 2209 notula
1434 2160 1470 2225 f.

234 2240 498 2305 Regresso
533 2242 706 2287 autem
743 2237 1050 2303 Colmanno,
1091 2242 1386 2309 Episcopus
1423 2257 1518 2308 pro
1555 2256 1617 2291 eo
1652 2242 1821 2292 factus
1858 2245 1938 2291 est
1972 2240 2303 2307 supradictus

137 2321 319 2384 Tuda;
357 2321 448 2385 qui
479 2325 657 2370 tamen
688 2321 872 2371 eodem
906 2337 1046 2371 anno
1077 2319 1524 2389 (computationis
1558 2328 1751 2373 nostrae
1774 2322 1891 2387 664)
1916 2322 2076 2388 longe
2098 2322 2307 2388 lateque

136 2409 416 2471 grassante
439 2409 588 2469 peste
610 2403 674 2453 de
696 2404 891 2454 mundo
915 2411 1096 2472 raptus
1122 2411 1215 2457 est.
1241 2407 1315 2472 (S.
1340 2406 1503 2469 Beda,
1528 2405 1653 2456 ibid.
1679 2420 1828 2471 capp.
1854 2409 1932 2469 26,
1960 2406 2061 2471 27.)

237 2485 518 2553 “ngridus
545 2484 879 2551 “[leqe‘ndum,
902 2487 1242 2555 Alchfridus],
1270 2488 1415 2539 Oswi
1440 2489 1602 2554 Regis
1625 2487 1816 2551 filius,”
1834 2486 1968 2560 ὥσ.»
1993 2489 2054 2539 In
2074 2489 2126 2539 S.
2145 2489 2305 2540 Bedae

137 2569 275 2619 Hist.
310 2567 478 2629 Eccl„
513 2567 604 2617 lib.
639 2568 731 2630 111,
766 2569 933 2633 prima
956 2570 1142 2636 capitis
1167 2574 1229 2621 28
1252 2569 1500 2636 periodus
1525 2576 1628 2620 est:
1667 2571 1904 2622 “Interea
1932 2573 2044 2622 Rex
2066 2572 2305 2623 Alchfrid

141 2651 312 2702 “misit
334 2649 620 2700 Uilfridum
641 2650 1012 2716 Presbyterum
1043 2653 1110 2703 ad
1130 2654 1327 2720 Regem
1351 2653 1657 2717 Galliarum,
1692 2653 1782 2718 qui
1817 2669 1935 2703 eum
1968 2654 2070 2704 sibi
2093 2655 2306 2720 suisque

139 2734 472 2786 “consecrari
494 2734 691 2782 faceret
711 2734 1033 2800 Episcopum
1061 2733 1448 2802 “[DCLXIV].”

233 2817 316 2865 De
337 2814 611 2865 Alchffido
637 2821 814 2867 autem
835 2819 892 2868 in
917 2817 1097 2868 eadem
1119 2817 1215 2867 Ed.
1239 2818 1525 2868 Parisiensi
1547 2817 1689 2869 unde
1710 2818 1825 2869 haec
1850 2818 2025 2868 omnia
2048 2817 2302 2882 exscribO,

137 2901 509 2950 annotationes
533 2904 812 2965 sequentes
839 2899 983 2964 (item
1001 2900 1313 2964 anonymas)
1336 2900 1613 2951 habemus:

241 2988 284 3032 1.
302 2982 388 3033 Ad
410 2982 587 3032 locum
604 2982 760 3032 modo
779 2983 1073 3033 laudatum:
1102 2981 1232 3032 “Oui
1248 2988 1395 3048 pater
1413 2983 1608 3033 Osuius
1630 2981 1700 3050 [v.
1721 2998 1895 3047 supra,
1921 2998 1971 3047 p.
1991 2981 2154 3049 lxxiv]
2175 2980 2302 3033 Pro·

140 3065 399 3115 “vinciam
423 3066 682 3115 Derorum
709 3063 861 3131 [alias
884 3065 1181 3132 Deirorum]
1208 3067 1306 3117 sub
1331 3083 1387 3116 se
1407 3066 1693 3132 regendam
1719 3065 1976 3116 dederat.'’

238 3153 282 3198 2.
307 3148 392 3199 Ad
414 3148 506 3198 lib.
532 3150 595 3212 V,
622 3164 736 3215 cap.
765 3150 853 3198 19:
883 3147 1071 3198 “Hunc
1105 3152 1345 3199 auctores
1381 3147 1713 3198 confundunt
1747 3163 1865 3197 cum
1901 3147 2157 3198 Aldfrido.
2196 3146 2304 3214 [Sic

142 3229 437 3294 “Alfordus,
460 3231 579 3281 loco
601 3248 725 3284 mox
740 3230 1024 3293 laudand0‚
1050 3246 1199 3296 capp.
1218 3232 1249 3281 5
1269 3237 1320 3280 et
1338 3236 1364 3279 7
1371 3230 1402 3297 .]
1431 3230 1536 3281 Sed
1561 3246 1739 3281 eorum
1762 3231 1978 3281 nomina
2000 3230 2154 3295 plane
2181 3237 2304 3281 sunt

142 3313 393 3365 “diversa.
426 3315 532 3365 Hic
563 3316 719 3365 etiam
743 3315 845 3364 fuit
865 3314 1007 3364 filius
1031 3314 1197 3364 Oswii
1220 3314 1500 3380 legitimus,
1536 3319 1588 3364 et
1615 3314 1738 3363 vivo
1762 3317 1908 3378 patre
1933 3320 2167 3363 mortuus
2194 3320 2300 3376 est3

143 3394 439 3447 “Aldfridus
464 3412 604 3460 ver0,
627 3397 914 3462 putaticius
941 3394 1189 3461 [nothus],
1213 3401 1334 3461 post
1356 3395 1664 3461 Ecgfridum
1687 3397 1896 3445 fratrem
1920 3397 2174 3462 regnavit.
2199 3396 2305 3447 Hic

144 3477 452 3529 “Uilfridum
475 3480 658 3531 habuit
681 3481 1009 3545 Magistrum,
1038 3477 1329 3545 [eidemque
1354 3480 1698 3530 amicissimus
1723 3477 1866 3544 fuitt]
1892 3478 2185 3529 Aldfridum
2207 3481 2303 3529 Hi·

143 3560 318 3610 “berni
340 3563 600 3613 Doctores
625 3562 936 3613 erudiebant
962 3561 1352 3628 [erudieruntJ.'’

237 3643 504 3696 Aldfi-idus
539 3646 758 3709 scilicet,
800 3651 921 3711 post
955 3646 1116 3710 patris
1156 3651 1389 3709 mortem,
1433 3660 1593 3710 quum
1636 3645 1942 3711 optimatum
1984 3645 2142 3695 factio
2182 3644 2302 3696 hos-

140 3725 222 3775 tili
263 3728 320 3776 in
366 3744 484 3779 eum
518 3730 692 3779 animo
734 3735 887 3792 esset,
928 3730 1043 3780 sive
1074 3730 1132 3778 vi
1175 3729 1376 3794 pulsus,
1420 3730 1534 3779 sive
1576 3728 1931 3795 indignationi
1993 3727 2201 3791 cedens,
2248 3729 2302 3777 in

138 3811 442 3861 Hiberniam
467 3827 524 3863 se
548 3812 798 3875 contulit;
823 3811 917 3864 ubi
943 3811 1025 3862 “et
1047 3811 1114 3864 ab
1140 3811 1262 3863 odio
1285 3813 1523 3879 germani
1538 3809 1778 3877 tutus„et
1795 3826 1987 3876 magno
2011 3812 2117 3862 otio
2139 3812 2303 3861 literis

1718 3927 1783 3966 1.2

2202 4142 2317 4215 J
