2910 4457
614 323 653 383 Ιι-
690 314 701 323 ’
1391 347 1682 387 Dominicis
1724 342 1921 386 uranus

614 460 748 510 mala
773 476 786 510 ι
807 460 1035 510 decidam
1064 459 1245 510 merito
1277 458 1341 509 ab
1373 459 1601 510 inimicis

615 523 745 571 meis
766 522 954 570 inanis,

677 585 1017 642 Perse-quatur
1075 582 1320 632 inimicus
1369 583 1600 632 animam

615 657 783 695 meam
813 651 861 692 et
893 645 1308 704 comprehendat,
1333 650 1382 693 et
1402 645 1605 693 concul-

614 711 691 758 cet
705 706 757 753 in
771 710 905 754 terra
918 706 1076 753 vitam
1100 719 1264 755 meam
1286 721 1299 754 ε
1322 711 1369 755 et
1386 707 1603 766 gloriam

616 779 783 816 meam
808 768 861 815 in
884 768 1141 827 pulverem
1162 769 1394 817 deducat.

681 829 881 889 Exurge
901 830 1076 877 Dfiein
1096 830 1168 877 ira
1187 835 1275 878 tua
1299 830 1607 879 :etexaltarc

620 890 675 940 in
700 891 889 938 tinibus
906 891 1234 939 inimicorum
1260 905 1512 940 meorum.

679 953 744 1001 Et
765 965 950 1013 exurge
964 953 1074 1001 Dite
1090 953 1228 1002 Deus
1239 966 1384 1002 meus
1401 955 1452 1001 in
1478 966 1606 1013 prae-

618 1020 757 1074 cepto
794 1016 927 1074 quod
963 1015 1243 1062 mandasti:
1267 1020 1316 1063 et
1348 1028 1607 1077 synagoga

618 1076 921 1139 populorum
938 1076 1254 1124 circundabit
1276 1082 1341 1126 te.

681 1138 748 1186 Et
770 1142 967 1198 propter
995 1137 1125 1184 hanc
1152 1138 1206 1185 in
1237 1139 1399 1187 altum
1429 1150 1609 1199 regre-

619 1200 769 1250 dere:
793 1199 903 1246 Di‘is
913 1199 1109 1255 judicat
1132 1200 1357 1258 populos.

684 1260 866 1308 Judica
888 1272 969 1307 me
995 1260 1105 1308 Dite
1131 1263 1414 1310 secundum
1447 1260 1610 1320 justi-

622 1320 749 1372 tiam
772 1333 940 1370 meam
961 1337 973 1370 ε
993 1326 1041 1369 et
1062 1324 1342 1371 secundum
1360 1324 1610 1372 innocen-

622 1384 748 1432 tiam
767 1395 933 1432 meam
947 1396 1097 1443 super
1113 1395 1214 1432 me.

687 1444 1026 1493 Consum‘etur
1041 1446 1264 1505 nequitia
1274 1451 1608 1505 peecatorum,

623 1512 674 1558 ct
688 1507 877 1565 diriges
893 1507 1091 1565 justum
1116 1522 1128 1557 ε
1147 1513 1379 1556 scrutans
1394 1509 1543 1557 corda
1564 1513 1615 1557 et

625 1581 770 1619 renes
790 1569 944 1618 DeuS.

690 1630 898 1678 ,lustum
962 1630 1274 1688 adjutorium
1347 1644 1520 1681 meum
1584 1643 1616 1679 a

623 1691 738 1740 Dino
761 1706 774 1740 z
800 1691 888 1751 qui
909 1692 1074 1739 salvos
1111 1692 1226 1739 l'acit
1254 1698 1413 1740 rectos
1447 1693 1613 1742 corde.

688 1752 826 1800 Deus
843 1752 994 1810 judex
1012 1753 1210 1811 justus,
1246 1752 1416 1813 l'ortiS,
1450 1759 1498 1803 et
1521 1767 1617 1814 pa-

627 1813 799 1862 tiensz
839 1814 1074 1874 nunquid
1108 1815 1345 1863 irascitur
1380 1828 1465 1876 per
1499 1816 1617 1864 sin·

629 1875 777 1936 gulos
799 1875 942 1923 dies?

692 1937 804 1985 Nisi
845 1937 1071 1985 conversi
1115 1937 1340 1998 fueritis,
1387 1939 1616 2001 gladium

627 2011 784 2048 suum
808 1999 1024 2047 vibravit
1045 2015 1058 2048 ε
1078 2012 1256 2049 arcum
1278 2013 1434 2050 suum
1459 2006 1619 2050 teten-

628 2061 730 2120 dit,
753 2064 802 2109 et
824 2061 1021 2120 paravit
1044 2062 1211 2112 illum.

691 2123 754 2172 Et
776 2122 830 2170 in
852 2135 909 2171 eo
932 2125 1126 2183 paravit
1155 2136 1268 2172 vasa
1288 2125 1469 2174 mortis
1493 2140 1507 2175 ε
1530 2137 1621 2174 sa-

630 2185 784 2248 gittas
804 2196 924 2234 suas
943 2186 1240 2236 ardentibus
1260 2187 1437 2237 effecit.

692 2247 817 2295 Ecce
841 2249 1058 2308 parturit
1075 2250 1411 2309 injustitiam3
1449 2262 1623 2298 conce-

630 2309 708 2376 pit
721 2309 943 2357 dolorem
965 2323 977 2356 :
996 2315 1044 2357 et
1064 2312 1255 2370 peperit
1277 2311 1620 2370 iniquitatem.

698 2371 890 2418 Lacum
921 2372 1146 2429 aperuit,
1182 2377 1230 2420 et
1263 2373 1432 2420 effodit
1453 2385 1573 2421 eum
1607 2387 1621 2422 ε

631 2435 682 2481 et
702 2431 882 2479 incidit
899 2431 951 2478 in
972 2431 1163 2480 foveam
1186 2445 1341 2493 quam
1365 2433 1497 2482 fecit.

696 2491 1024 2540 convertetur
1057 2493 1196 2542 dolor
1229 2494 1341 2552 eius
1383 2495 1434 2541 in
1475 2499 1625 2553 caput

632 2552 744 2613 eJus
766 2568 781 2602 ι
804 2553 921 2601 etin
945 2555 1182 2604 verticem
1207 2555 1367 2615 ipsius
1380 2555 1626 2616 iniquitas

633 2616 745 2676 ejus
766 2616 1046 2666 descendet.

697 2677 980 2727 Confitebor
1012 2680 1124 2727 Dr'io
1159 2681 1438 2729 secundum
1469 2679 1628 2740 justi-

632 2739 760 2788 tiam
783 2741 892 2799 ejus
929 2756 943 2791 2
973 2747 1022 2790 et
1054 2742 1264 2802 psallam
1295 2743 1493 2791 nomini
1524 2741 1624 2790 Diii

635 2802 914 2851 Altissimi.

950 2863 1192 2911 Psalmus
1220 2864 1330 2925 viij.

636 2924 895 3034 Domine
915 2924 1025 2973 Diis
1046 2930 1212 2973 noster
1240 2939 1253 2972 :
1275 2938 1431 2986 quam
1463 2927 1628 2975 admi-

731 2984 884 3033 rabile
917 2990 992 3032 cst
1025 2997 1207 3033 nomen
1243 2990 1392 3035 tuum
1425 2988 1481 3035 in
1512 2989 1629 3036 uni-

638 3058 786 3094 versa
809 3050 939 3093 terra
960 3048 971 3094 l

702 3107 956 3167 Quoniam
969 3105 1157 3155 elevata
1167 3112 1239 3157 est
1250 3108 1629 3169 magnificentia

638 3173 726 3219 tua
753 3183 765 3217 ε
790 3181 942 3228 super
964 3169 1129 3217 coelos.

702 3230 775 3278 Ex
804 3243 889 3278 ore
931 3230 1207 3278 infantium
1249 3235 1297 3279 et
1333 3229 1629 3280 lactentium

641 3292 888 3353 perfecisti
924 3292 1124 3341 laudem
1160 3297 1355 3352 propter
1394 3294 1630 3344 inimicos

638 3360 755 3403 tuos
779 3369 792 3404 :
810 3358 867 3402 ut
888 3354 1118 3403 destruas
1136 3354 1402 3403 inimicum
1427 3360 1476 3403 et
1497 3356 1631 3403 ulto-

645 3428 775 3465 rem.

705 3478 962 3541 Quoniam
979 3477 1156 3528 videbo
1172 3478 1319 3528 coelos
1339 3483 1470 3538 tuoS,
1483 3489 1631 3539 opera

1695 459 1974 519 digitorum
1996 462 2202 507 tuorum
2221 471 2234 507 ε
2258 456 2436 506 lunam
2457 458 2506 505 et
2518 454 2692 509 stellas

1698 534 1811 581 quie
1835 526 1890 568 tu
1915 520 2155 568 fundasti.

1760 582 1895 643 Quid
1919 587 1996 630 est
2025 582 2205 639 bom0‚
2229 580 2362 640 quod
2395 592 2594 629 memor
2635 593 2692 630 es

1696 645 1844 705 eJus‘?
1876 649 1964 692 aut
1997 644 2135 691 tilius
2180 642 2405 691 hominis
2440 643 2691 703 quoniam

1700 706 1881 755 visitas
1901 707 2055 753 eum‘l

1761 767 1997 817 Minuisti
2060 778 2178 814 eum
2244 763 2575 824 paulominus
2627 766 2694 813 ab

1700 829 1922 889 angelis,
1949 828 2108 888 gloria
2130 832 2177 876 et
2205 827 2393 874 honore
2436 826 2693 875 coronasti

1700 904 1817 940 eum
1834 906 1847 939 ε
1862 897 1910 938 et
1921 889 2227 938 eonstituisti
2242 901 2360 937 eum
2374 901 2524 948 super
2540 901 2697 950 opera

1702 965 1954 1001 manuum
1979 957 2204 999 tuarum.

1767 1013 1954 1063 Omnia
2007 1012 2262 1070 subjecisti
2321 1012 2417 1059 sub
2478 1011 2698 1071 pedibus

1701 1075 1839 1135 eius3
1862 1088 1977 1123 oves
1993 1080 2040 1123 et
2061 1075 2210 1121 boves
2226 1073 2493 1122 universas
2517 1089 2530 1123 ε
2550 1073 2699 1121 insu-

1705 1150 1790 1197 per
1817 1141 1865 1184 et
1894 1149 2065 1196 pecora
2099 1135 2284 1194 campi.

1767 1198 2006 1246 Volucres
2038 1198 2172 1254 coeli,
2208 1201 2256 1244 et
2301 1196 2460 1255 pisces
2491 1199 2697 1248 maris:

1706 1260 1796 1319 qui
1820 1260 2168 1318 perambulant
2191 1259 2398 1306 semitas
2420 1260 2600 1308 mariS.

1766 1323 1876 1369 Dite
1887 1322 1995 1369 Diis
2011 1328 2177 1368 noster
2194 1332 2377 1380 :quam
2396 1321 2703 1371 admirabile

1706 1388 1781 1434 est
1802 1395 1985 1432 nomen
2015 1387 2162 1429 tuum
2190 1382 2243 1429 in
2273 1382 2511 1431 universa
2533 1388 2699 1433 terra!

2044 1444 2286 1490 Psalmus
2304 1445 2380 1491 ix.

1791 1507 2033 1556 onfitebor
2058 1505 2148 1553 tibi
2182 1506 2291 1554 Due
2330 1506 2384 1553 in
2419 1511 2521 1554 toto
2550 1508 2702 1556 corde

1792 1581 1904 1617 mco
1935 1584 1948 1617 ε
1986 1568 2200 1615 narrabo
2243 1567 2416 1615 omnia
2440 1569 2700 1618 mirabilia

1712 1635 1821 1679 tua.

1776 1691 1997 1739 Laetabor
2020 1696 2066 1739 et
2096 1691 2328 1739 exultabo
2349 1691 2402 1738 in
2439 1696 2526 1741 te:
2560 1692 2703 1752 psal-

1710 1753 1812 1802 lam
1838 1754 2140 1821 nominituo
2165 1753 2446 1802 Altissimc.

1773 1817 1833 1864 ln
1857 1815 2188 1863 convertendo
2223 1815 2493 1862 inimicum
2525 1827 2702 1864 meum

1714 1882 1989 1926 retrorsum
2015 1892 2027 1925 ε
2054 1877 2471 1936 infirmabuntur,
2499 1882 2549 1926 et
2561 1878 2705 1938 peri-

1713 1940 1843 1988 bunt
1863 1951 1891 1987 a
1917 1939 2037 1987 facie
2053 1944 2159 1986 tua.

1778 2000 2032 2061 Quoniam
2060 1999 2217 2049 fecisti
2244 1998 2501 2059 iudicium
2526 2013 2706 2049 meum

1712 2067 1762 2112 et
1816 2074 2022 2111 causam
2078 2074 2246 2110 meam
2293 2079 2306 2110 :
2353 2063 2496 2110 sedes
2551 2075 2707 2123 super

1714 2124 1957 2173 thronum
1981 2124 2070 2183 qui
2088 2124 2289 2181 judicas
2305 2123 2579 2182 iustitiam.

1778 2184 2055 2245 Increpasti
2090 2185 2303 2244 Gentes,
2341 2191 2390 2234 et
2422 2186 2570 2244 periit
2605 2185 2710 2235 im-

1718 2249 1865 2309 pius:
1890 2261 2071 2296 nomen
2089 2261 2262 2296 eorum
2287 2247 2461 2296 delesti
2478 2248 2532 2295 in
2556 2254 2711 2298 aeter-

1719 2323 1843 2358 num
1866 2315 1913 2357 et
1936 2311 1988 2357 in
2012 2311 2252 2357 saeculum
2277 2310 2469 2358 saeculi.

1781 2372 1985 2420 Inimici
2050 2371 2335 2420 defecerunt
2389 2372 2593 2419 frameae
2653 2372 2707 2420 in

1720 2432 1874 2481 finem
1931 2449 1945 2483 ε
2002 2438 2051 2481 et
2103 2433 2331 2482 civitates
2377 2446 2555 2482 eorum
2615 2433 2713 2484 de-

1719 2495 1968 2542 struxisti.

1783 2556 1941 2603 Periit
1980 2556 2224 2604 memoria
2258 2568 2434 2605 eorum
2473 2568 2595 2604 cum
2628 2568 2711 2605 so-

1722 2616 1834 2665 nitu
1860 2623 1938 2667 :et
1952 2618 2061 2666 Diis
2084 2618 2135 2664 in
2159 2623 2407 2666 aeternum
2429 2624 2712 2677 permanet.

1783 2679 1988 2727 Paravit
2003 2679 2053 2726 in
2064 2679 2254 2736 judicio
2268 2680 2512 2727 thronum
2531 2691 2712 2729 suum:

1721 2744 1770 2789 et
1782 2741 2137 2800 ipsejudicabit
2148 2742 2319 2788 orbem
2331 2746 2477 2789 terrae
2489 2741 2543 2788 in
2557 2743 2717 2802 aequi-

1721 2806 1845 2861 tate:
1864 2802 2112 2862 ,iudicabit
2128 2803 2335 2862 populos
2356 2803 2409 2850 in
2420 2803 2644 2860 justitia.

1783 2865 1848 2912 Et
1873 2865 2033 2913 factus
2055 2869 2129 2912 est
2158 2865 2267 2912 Diis
2289 2862 2547 2924 refugium
2587 2879 2719 2926 pau-

1723 2926 1829 2988 peri
1846 2941 1859 2975 z
1882 2926 2081 2983 adjutor
2098 2926 2151 2974 in
2165 2927 2651 2988 opportunitatibus,
2664 2929 2717 2976 in

1727 2988 2069 3037 tribulatione.

1785 3050 1850 3097 Et
1867 3054 2069 3109 sperent
2086 3050 2138 3097 in
2163 3053 2210 3096 te
2231 3049 2321 3108 qui
2344 3055 2602 3098 noverunt
2623 3063 2723 3099 no·-

1724 3123 1842 3158 mcn
1880 3116 2028 3159 tuum
2065 3126 2080 3160 2
2114 3112 2355 3170 quoniam
2392 3124 2494 3159 non
2536 3112 2723 3162 dereli-

1726 3172 1887 3233 quisti
1909 3177 2189 3232 quaerentes
2210 3178 2256 3220 te
2272 3172 2401 3220 Dfie.

1789 3234 1992 3283 Psallite
2008 3235 2139 3291 Di‘io,
2157 3234 2247 3293 qui
2269 3234 2464 3281 habitat
2481 3235 2534 3282 in
2560 3235 2683 3284 Sion
2708 3248 2721 3281 z

1726 3296 2026 3344 annuntiate
2047 3296 2177 3344 inter
2195 3295 2382 3343 Gentes
2393 3296 2566 3344 studia
2596 3298 2722 3356 ejus.

1790 3356 2045 3416 Quoniam
2080 3357 2346 3416 requirens
2381 3358 2722 3417 sanguinem,

1722 3430 1902 3466 eorum
1917 3419 2203 3466 recordatus
2215 3422 2288 3466 cst
2302 3433 2317 3467 ι
2330 3431 2432 3467 non
2445 3425 2523 3468 est
2535 3421 2727 3470 oblitus

1729 3479 1999 3529 clamorem
2022 3491 2320 3540 pauperum.
