<?xml version="1.0" encoding="UTF-8"?>
<!DOCTYPE html PUBLIC "-//W3C//DTD XHTML 1.0 Transitional//EN"
    "http://www.w3.org/TR/xhtml1/DTD/xhtml1-transitional.dtd">
<html xmlns="http://www.w3.org/1999/xhtml" xml:lang="en" lang="en">
 <head>
  <title>
</title>
<meta http-equiv="Content-Type" content="text/html;charset=utf-8" />
  <meta name='ocr-system' content='tesseract 3.04.00' />
  <meta name='ocr-capabilities' content='ocr_page ocr_carea ocr_par ocr_line ocrx_word'/>
</head>
<body>
  <div class='ocr_page' id='page_1' title='image "./portiforiiseubr00cathgoog_0353.png"; bbox 0 0 2910 4457; ppageno 0'>
   <div class='ocr_carea' id='block_1_1' title="bbox 202 468 533 533">
    <p class='ocr_par' dir='ltr' id='par_1_1' title="bbox 202 468 533 533">
     <span class='ocr_line' id='line_1_1' title="bbox 202 468 533 533; baseline 0.006 -15"><span class='ocrx_word' id='word_1_1' title='bbox 202 472 234 532; x_wconf 60' lang='grc' dir='ltr'><strong>ἓ</strong></span> <span class='ocrx_word' id='word_1_2' title='bbox 258 468 533 533; x_wconf 81' lang='lat'>168-170)</span> 
     </span>
    </p>
   </div>
   <div class='ocr_carea' id='block_1_2' title="bbox 187 615 1231 3901">
    <p class='ocr_par' dir='ltr' id='par_1_2' title="bbox 195 615 1227 877">
     <span class='ocr_line' id='line_1_2' title="bbox 196 615 1227 678; baseline 0 -12"><span class='ocrx_word' id='word_1_3' title='bbox 196 617 352 666; x_wconf 86' lang='lat' dir='ltr'><strong>locus</strong></span> <span class='ocrx_word' id='word_1_4' title='bbox 383 615 482 665; x_wconf 88' lang='lat' dir='ltr'><strong>istc</strong></span> <span class='ocrx_word' id='word_1_5' title='bbox 518 620 731 664; x_wconf 88' lang='lat' dir='ltr'><strong>sanctus</strong></span> <span class='ocrx_word' id='word_1_6' title='bbox 768 619 862 678; x_wconf 88' lang='lat' dir='ltr'><strong>est,</strong></span> <span class='ocrx_word' id='word_1_7' title='bbox 898 620 950 665; x_wconf 89' lang='lat' dir='ltr'><strong>et</strong></span> <span class='ocrx_word' id='word_1_8' title='bbox 984 632 1011 665; x_wconf 89' lang='lat' dir='ltr'><strong>e</strong></span> <span class='ocrx_word' id='word_1_9' title='bbox 1052 634 1083 666; x_wconf 94' lang='grc'><strong>0</strong></span> <span class='ocrx_word' id='word_1_10' title='bbox 1107 633 1227 666; x_wconf 84' lang='lat' dir='ltr'><strong>nes-</strong></span> 
     </span>
     <span class='ocr_line' id='line_1_3' title="bbox 196 634 1225 748; baseline -0.001 -15"><span class='ocrx_word' id='word_1_11' title='bbox 196 683 419 733; x_wconf 83' lang='lat' dir='ltr'><strong>ciebam.</strong></span> <span class='ocrx_word' id='word_1_12' title='bbox 444 678 516 730; x_wconf 78' lang='lat' dir='ltr'><strong>In</strong></span> <span class='ocrx_word' id='word_1_13' title='bbox 532 677 717 731; x_wconf 73' lang='lat' dir='ltr'><strong>Pasoh.</strong></span> <span class='ocrx_word' id='word_1_14' title='bbox 753 680 923 746; x_wconf 80' lang='lat' dir='ltr'><strong>Temp.</strong></span> <span class='ocrx_word' id='word_1_15' title='bbox 951 634 1225 748; x_wconf 51' lang='lat' dir='ltr'><strong>[agaimo-k</strong></span> 
     </span>
     <span class='ocr_line' id='line_1_4' title="bbox 195 745 1225 810; baseline 0 -11"><span class='ocrx_word' id='word_1_16' title='bbox 195 748 447 810; x_wconf 83' lang='lat' dir='ltr'><strong>Alleluja,</strong></span> <span class='ocrx_word' id='word_1_17' title='bbox 494 746 723 810; x_wconf 88' lang='lat' dir='ltr'><strong>alleluja.</strong></span> <span class='ocrx_word' id='word_1_18' title='bbox 766 745 830 800; x_wconf 67' lang='lat' dir='ltr'><strong>V.</strong></span> <span class='ocrx_word' id='word_1_19' title='bbox 871 748 1015 797; x_wconf 82' lang='lat' dir='ltr'><strong>Vidit</strong></span> <span class='ocrx_word' id='word_1_20' title='bbox 1053 747 1225 799; x_wconf 80' lang='lat' dir='ltr'><strong>Jacob</strong></span> 
     </span>
     <span class='ocr_line' id='line_1_5' title="bbox 195 814 1226 877; baseline -0.004 -11"><span class='ocrx_word' id='word_1_21' title='bbox 195 814 414 875; x_wconf 88' lang='lat' dir='ltr'><strong>scalam,</strong></span> <span class='ocrx_word' id='word_1_22' title='bbox 448 814 717 862; x_wconf 80' lang='lat' dir='ltr'><strong>summitas</strong></span> <span class='ocrx_word' id='word_1_23' title='bbox 752 816 899 877; x_wconf 89' lang='lat' dir='ltr'><strong>cujus</strong></span> <span class='ocrx_word' id='word_1_24' title='bbox 929 814 1090 863; x_wconf 87' lang='lat' dir='ltr'><strong>coelos</strong></span> <span class='ocrx_word' id='word_1_25' title='bbox 1112 819 1226 864; x_wconf 90' lang='lat' dir='ltr'><strong>tan-</strong></span> 
     </span>
    </p>

    <p class='ocr_par' dir='ltr' id='par_1_3' title="bbox 235 879 1229 946">
     <span class='ocr_line' id='line_1_6' title="bbox 235 879 1229 946; baseline 0.001 -17"><span class='ocrx_word' id='word_1_26' title='bbox 235 880 375 941; x_wconf 88' lang='lat' dir='ltr'><strong>ebat‚</strong></span> <span class='ocrx_word' id='word_1_27' title='bbox 407 884 460 927; x_wconf 90' lang='lat' dir='ltr'><strong>et</strong></span> <span class='ocrx_word' id='word_1_28' title='bbox 483 879 858 929; x_wconf 81' lang='lat' dir='ltr'><strong>descendentes</strong></span> <span class='ocrx_word' id='word_1_29' title='bbox 894 879 1140 946; x_wconf 49' lang='lat' dir='ltr'><strong>angelos„</strong></span> <span class='ocrx_word' id='word_1_30' title='bbox 1175 886 1229 930; x_wconf 88' lang='lat' dir='ltr'><strong>et</strong></span> 
     </span>
    </p>

    <p class='ocr_par' dir='ltr' id='par_1_4' title="bbox 191 944 1228 1454">
     <span class='ocr_line' id='line_1_7' title="bbox 235 944 1228 1059; baseline 0.002 -66"><span class='ocrx_word' id='word_1_31' title='bbox 235 948 247 959; x_wconf 86' lang='lat'>&#39;</span> <span class='ocrx_word' id='word_1_32' title='bbox 292 947 356 994; x_wconf 73' lang='grc' dir='ltr'><strong>ἰε</strong></span> <span class='ocrx_word' id='word_1_33' title='bbox 388 945 522 1022; x_wconf 70' lang='lat' dir='ltr'><strong>Vere</strong></span> <span class='ocrx_word' id='word_1_34' title='bbox 540 944 816 1059; x_wconf 51' lang='lat' dir='ltr'><strong>locuspste</strong></span> <span class='ocrx_word' id='word_1_35' title='bbox 830 953 1042 995; x_wconf 87' lang='lat' dir='ltr'><strong>sanctus</strong></span> <span class='ocrx_word' id='word_1_36' title='bbox 1063 953 1155 1023; x_wconf 77' lang='lat' dir='ltr'><strong>est,</strong></span> <span class='ocrx_word' id='word_1_37' title='bbox 1176 952 1228 995; x_wconf 90' lang='lat' dir='ltr'><strong>et</strong></span> 
     </span>
     <span class='ocr_line' id='line_1_8' title="bbox 195 1010 1225 1142; baseline 0 -15"><span class='ocrx_word' id='word_1_38' title='bbox 195 1010 760 1141; x_wconf 52' lang='lat' dir='ltr'><strong>iitseffiffikfflgimss</strong></span> <span class='ocrx_word' id='word_1_39' title='bbox 787 1010 975 1142; x_wconf 57' lang='lat' dir='ltr'><strong>fiiaff,</strong></span> <span class='ocrx_word' id='word_1_40' title='bbox 993 1011 1225 1140; x_wconf 60' lang='grc' dir='ltr'><strong>ἒῗῖἷῗῖἶῖζζ</strong></span> 
     </span>
     <span class='ocr_line' id='line_1_9' title="bbox 191 1140 1226 1208; baseline 0 -15"><span class='ocrx_word' id='word_1_41' title='bbox 191 1149 248 1193; x_wconf 83' lang='lat' dir='ltr'><strong>et</strong></span> <span class='ocrx_word' id='word_1_42' title='bbox 266 1143 354 1208; x_wconf 83' lang='lat' dir='ltr'><strong>Sp.</strong></span> <span class='ocrx_word' id='word_1_43' title='bbox 370 1140 444 1207; x_wconf 85' lang='lat' dir='ltr'><strong>S.]</strong></span> <span class='ocrx_word' id='word_1_44' title='bbox 461 1143 597 1190; x_wconf 87' lang='lat' dir='ltr'><strong>Vere</strong></span> <span class='ocrx_word' id='word_1_45' title='bbox 617 1141 784 1207; x_wconf 90' lang='lat' dir='ltr'><strong>[locus</strong></span> <span class='ocrx_word' id='word_1_46' title='bbox 797 1144 896 1192; x_wconf 83' lang='lat' dir='ltr'><strong>iste</strong></span> <span class='ocrx_word' id='word_1_47' title='bbox 908 1149 1119 1193; x_wconf 86' lang='lat' dir='ltr'><strong>sanctus</strong></span> <span class='ocrx_word' id='word_1_48' title='bbox 1133 1149 1226 1206; x_wconf 87' lang='lat' dir='ltr'><strong>est,</strong></span> 
     </span>
     <span class='ocr_line' id='line_1_10' title="bbox 197 1206 1227 1274; baseline 0 -15"><span class='ocrx_word' id='word_1_49' title='bbox 197 1216 250 1259; x_wconf 86' lang='lat' dir='ltr'><strong>et</strong></span> <span class='ocrx_word' id='word_1_50' title='bbox 280 1225 378 1274; x_wconf 85' lang='lat' dir='ltr'><strong>ego</strong></span> <span class='ocrx_word' id='word_1_51' title='bbox 404 1208 721 1257; x_wconf 78' lang='lat' dir='ltr'><strong>nesciebam.</strong></span> <span class='ocrx_word' id='word_1_52' title='bbox 744 1207 816 1257; x_wconf 76' lang='lat' dir='ltr'><strong>In</strong></span> <span class='ocrx_word' id='word_1_53' title='bbox 838 1206 1086 1259; x_wconf 77' lang='lat' dir='ltr'><strong>Paschali</strong></span> <span class='ocrx_word' id='word_1_54' title='bbox 1107 1210 1227 1260; x_wconf 80' lang='lat' dir='ltr'><strong>verb</strong></span> 
     </span>
     <span class='ocr_line' id='line_1_11' title="bbox 204 1274 1226 1338; baseline 0 -14"><span class='ocrx_word' id='word_1_55' title='bbox 204 1274 477 1338; x_wconf 81' lang='lat' dir='ltr'><strong>Tempore,</strong></span> <span class='ocrx_word' id='word_1_56' title='bbox 520 1274 628 1324; x_wconf 84' lang='lat' dir='ltr'><strong>loco</strong></span> <span class='ocrx_word' id='word_1_57' title='bbox 664 1274 799 1323; x_wconf 85' lang='lat' dir='ltr'><strong>Vere</strong></span> <span class='ocrx_word' id='word_1_58' title='bbox 823 1301 886 1310; x_wconf 85' lang='lat'><strong>--</strong></span> <span class='ocrx_word' id='word_1_59' title='bbox 913 1276 1226 1337; x_wconf 82' lang='lat' dir='ltr'><strong>nesciebam,</strong></span> 
     </span>
     <span class='ocr_line' id='line_1_12' title="bbox 191 1339 1001 1454; baseline -0.001 -64"><span class='ocrx_word' id='word_1_60' title='bbox 191 1339 448 1405; x_wconf 74' lang='lat' dir='ltr'><strong>repetitur</strong></span> <span class='ocrx_word' id='word_1_61' title='bbox 483 1340 727 1403; x_wconf 79' lang='lat' dir='ltr'><strong>Alleluja,</strong></span> <span class='ocrx_word' id='word_1_62' title='bbox 752 1339 1001 1454; x_wconf 43' lang='lat' dir='ltr'><strong>alleluja}</strong></span> 
     </span>
    </p>

    <p class='ocr_par' dir='ltr' id='par_1_5' title="bbox 187 1403 1231 1998">
     <span class='ocr_line' id='line_1_13' title="bbox 261 1403 1230 1472; baseline -0.007 -11"><span class='ocrx_word' id='word_1_63' title='bbox 261 1404 299 1472; x_wconf 62' lang='grc' dir='ltr'>ἓ</span> <span class='ocrx_word' id='word_1_64' title='bbox 331 1403 534 1471; x_wconf 80' lang='grc'><strong>169.)</strong></span> <span class='ocrx_word' id='word_1_65' title='bbox 560 1406 625 1455; x_wconf 83' lang='grc' dir='ltr'><strong>ΙΝ</strong></span> <span class='ocrx_word' id='word_1_66' title='bbox 647 1406 715 1455; x_wconf 91' lang='lat'><strong>11.</strong></span> <span class='ocrx_word' id='word_1_67' title='bbox 738 1407 904 1456; x_wconf 77' lang='lat' dir='ltr'><strong>Noc&#39;r.</strong></span> <span class='ocrx_word' id='word_1_68' title='bbox 983 1443 995 1455; x_wconf 87' lang='lat'><strong>.</strong></span> <span class='ocrx_word' id='word_1_69' title='bbox 1013 1407 1131 1455; x_wconf 93' lang='lat' dir='ltr'><strong>Non</strong></span> <span class='ocrx_word' id='word_1_70' title='bbox 1150 1411 1230 1454; x_wconf 88' lang='lat' dir='ltr'><strong>est</strong></span> 
     </span>
     <span class='ocr_line' id='line_1_14' title="bbox 195 1471 1231 1538; baseline -0.002 -16"><span class='ocrx_word' id='word_1_71' title='bbox 195 1472 282 1522; x_wconf 89' lang='lat' dir='ltr'><strong>hic</strong></span> <span class='ocrx_word' id='word_1_72' title='bbox 315 1473 461 1522; x_wconf 88' lang='lat' dir='ltr'><strong>aliud</strong></span> <span class='ocrx_word' id='word_1_73' title='bbox 496 1473 599 1522; x_wconf 91' lang='lat' dir='ltr'><strong>nisi</strong></span> <span class='ocrx_word' id='word_1_74' title='bbox 634 1471 818 1521; x_wconf 87' lang='lat' dir='ltr'><strong>domus</strong></span> <span class='ocrx_word' id='word_1_75' title='bbox 851 1473 952 1521; x_wconf 90' lang='lat' dir='ltr'><strong>Dei</strong></span> <span class='ocrx_word' id='word_1_76' title='bbox 987 1477 1039 1522; x_wconf 92' lang='lat' dir='ltr'><strong>et</strong></span> <span class='ocrx_word' id='word_1_77' title='bbox 1078 1480 1231 1538; x_wconf 88' lang='lat' dir='ltr'><strong>porta</strong></span> 
     </span>
     <span class='ocr_line' id='line_1_15' title="bbox 198 1536 1228 1602; baseline 0 -15"><span class='ocrx_word' id='word_1_78' title='bbox 198 1539 330 1589; x_wconf 86' lang='lat' dir='ltr'><strong>eoeli.</strong></span> <span class='ocrx_word' id='word_1_79' title='bbox 375 1537 446 1588; x_wconf 83' lang='lat' dir='ltr'><strong>In</strong></span> <span class='ocrx_word' id='word_1_80' title='bbox 481 1536 727 1588; x_wconf 76' lang='lat' dir='ltr'><strong>Paschali</strong></span> <span class='ocrx_word' id='word_1_81' title='bbox 769 1536 1013 1602; x_wconf 81' lang='lat' dir='ltr'><strong>Tempore</strong></span> <span class='ocrx_word' id='word_1_82' title='bbox 1049 1536 1228 1602; x_wconf 80' lang='lat' dir='ltr'><strong>[addi-</strong></span> 
     </span>
     <span class='ocr_line' id='line_1_16' title="bbox 187 1602 1230 1736; baseline -0.003 -81"><span class='ocrx_word' id='word_1_83' title='bbox 187 1604 319 1736; x_wconf 59' lang='lat' dir='ltr'><strong>(turh</strong></span> <span class='ocrx_word' id='word_1_84' title='bbox 378 1605 607 1668; x_wconf 85' lang='lat' dir='ltr'><strong>alleluja.</strong></span> <span class='ocrx_word' id='word_1_85' title='bbox 665 1602 753 1653; x_wconf 79' lang='lat' dir='ltr'><strong>Ps.</strong></span> <span class='ocrx_word' id='word_1_86' title='bbox 812 1605 980 1665; x_wconf 82' lang='lat' dir='ltr'><strong>Quam</strong></span> <span class='ocrx_word' id='word_1_87' title='bbox 1040 1604 1230 1653; x_wconf 90' lang='lat' dir='ltr'><strong>dilecta</strong></span> 
     </span>
     <span class='ocr_line' id='line_1_17' title="bbox 216 1669 1227 1801; baseline 0 -16"><span class='ocrx_word' id='word_1_88' title='bbox 216 1688 328 1785; x_wconf 70' lang='grc' dir='ltr'><strong>ΡΑ.</strong></span> <span class='ocrx_word' id='word_1_89' title='bbox 353 1669 547 1786; x_wconf 72' lang='grc' dir='ltr'>)1·]ι·οκἰι</span> <span class='ocrx_word' id='word_1_90' title='bbox 586 1734 760 1785; x_wconf 83' lang='lat' dir='ltr'><strong>Jacob</strong></span> <span class='ocrx_word' id='word_1_91' title='bbox 801 1734 1028 1801; x_wconf 87' lang='lat' dir='ltr'><strong>lapidem</strong></span> <span class='ocrx_word' id='word_1_92' title='bbox 1068 1738 1124 1786; x_wconf 92' lang='lat' dir='ltr'><strong>in</strong></span> <span class='ocrx_word' id='word_1_93' title='bbox 1161 1737 1227 1785; x_wconf 86' lang='lat' dir='ltr'><strong>ti-</strong></span> 
     </span>
     <span class='ocr_line' id='line_1_18' title="bbox 197 1801 1229 1867; baseline 0 -16"><span class='ocrx_word' id='word_1_94' title='bbox 197 1802 380 1864; x_wconf 88' lang='lat' dir='ltr'><strong>tulum,</strong></span> <span class='ocrx_word' id='word_1_95' title='bbox 404 1802 629 1851; x_wconf 88' lang='lat' dir='ltr'><strong>fundens</strong></span> <span class='ocrx_word' id='word_1_96' title='bbox 665 1801 838 1851; x_wconf 85' lang='lat' dir='ltr'><strong>oleum</strong></span> <span class='ocrx_word' id='word_1_97' title='bbox 873 1802 1112 1867; x_wconf 85' lang='lat' dir='ltr'><strong>desuper.</strong></span> <span class='ocrx_word' id='word_1_98' title='bbox 1157 1801 1229 1852; x_wconf 78' lang='lat' dir='ltr'><strong>In</strong></span> 
     </span>
     <span class='ocr_line' id='line_1_19' title="bbox 206 1865 1225 1933; baseline 0.002 -17"><span class='ocrx_word' id='word_1_99' title='bbox 206 1867 374 1932; x_wconf 79' lang='lat' dir='ltr'><strong>Temp.</strong></span> <span class='ocrx_word' id='word_1_100' title='bbox 388 1866 574 1917; x_wconf 78' lang='lat' dir='ltr'><strong>Pasch.</strong></span> <span class='ocrx_word' id='word_1_101' title='bbox 596 1865 870 1933; x_wconf 62' lang='lat' dir='ltr'><strong>[additurk</strong></span> <span class='ocrx_word' id='word_1_102' title='bbox 890 1868 1117 1931; x_wconf 88' lang='lat' dir='ltr'><strong>alleluja.</strong></span> <span class='ocrx_word' id='word_1_103' title='bbox 1137 1867 1225 1918; x_wconf 72' lang='lat' dir='ltr'><strong>Pe.</strong></span> 
     </span>
     <span class='ocr_line' id='line_1_20' title="bbox 195 1933 749 1998; baseline 0 -16"><span class='ocrx_word' id='word_1_104' title='bbox 195 1934 526 1983; x_wconf 87' lang='lat' dir='ltr'><strong>Benedixisti</strong></span> <span class='ocrx_word' id='word_1_105' title='bbox 550 1934 621 1998; x_wconf 88' lang='lat' dir='ltr'><strong>(p.</strong></span> <span class='ocrx_word' id='word_1_106' title='bbox 647 1933 749 1996; x_wconf 81' lang='lat'><strong>69).</strong></span> 
     </span>
    </p>

    <p class='ocr_par' dir='ltr' id='par_1_6' title="bbox 229 1997 1226 2115">
     <span class='ocr_line' id='line_1_21' title="bbox 258 1997 1224 2061; baseline 0 -13"><span class='ocrx_word' id='word_1_107' title='bbox 258 2000 324 2048; x_wconf 81' lang='lat' dir='ltr'><strong>A.</strong></span> <span class='ocrx_word' id='word_1_108' title='bbox 349 2002 463 2050; x_wconf 89' lang='lat' dir='ltr'><strong>Erit</strong></span> <span class='ocrx_word' id='word_1_109' title='bbox 486 2000 614 2048; x_wconf 88' lang='lat' dir='ltr'><strong>mibi</strong></span> <span class='ocrx_word' id='word_1_110' title='bbox 638 1997 753 2049; x_wconf 79' lang='lat' dir='ltr'><strong>D‘fis</strong></span> <span class='ocrx_word' id='word_1_111' title='bbox 777 2000 830 2049; x_wconf 87' lang='lat' dir='ltr'><strong>in</strong></span> <span class='ocrx_word' id='word_1_112' title='bbox 855 2001 1041 2061; x_wconf 90' lang='lat' dir='ltr'><strong>Deum,</strong></span> <span class='ocrx_word' id='word_1_113' title='bbox 1076 2006 1128 2049; x_wconf 94' lang='lat' dir='ltr'><strong>et</strong></span> <span class='ocrx_word' id='word_1_114' title='bbox 1148 2000 1224 2049; x_wconf 88' lang='lat' dir='ltr'><strong>la-</strong></span> 
     </span>
     <span class='ocr_line' id='line_1_22' title="bbox 229 2064 1226 2115; baseline 0 -1"><span class='ocrx_word' id='word_1_115' title='bbox 229 2066 273 2114; x_wconf 90' lang='lat' dir='ltr'><strong>is</strong></span> <span class='ocrx_word' id='word_1_116' title='bbox 311 2068 410 2115; x_wconf 90' lang='lat' dir='ltr'><strong>iste</strong></span> <span class='ocrx_word' id='word_1_117' title='bbox 449 2064 728 2115; x_wconf 86' lang='lat' dir='ltr'><strong>vocabitur</strong></span> <span class='ocrx_word' id='word_1_118' title='bbox 772 2066 958 2115; x_wconf 91' lang='lat' dir='ltr'><strong>domus</strong></span> <span class='ocrx_word' id='word_1_119' title='bbox 998 2067 1113 2115; x_wconf 88' lang='lat' dir='ltr'><strong>Dei.</strong></span> <span class='ocrx_word' id='word_1_120' title='bbox 1155 2065 1226 2115; x_wconf 76' lang='lat' dir='ltr'><strong>In</strong></span> 
     </span>
    </p>

    <p class='ocr_par' dir='ltr' id='par_1_7' title="bbox 193 2130 1223 2266">
     <span class='ocr_line' id='line_1_23' title="bbox 243 2130 1223 2197; baseline 0.002 -17"><span class='ocrx_word' id='word_1_121' title='bbox 243 2131 376 2182; x_wconf 76' lang='lat' dir='ltr'><strong>asch.</strong></span> <span class='ocrx_word' id='word_1_122' title='bbox 400 2131 573 2194; x_wconf 83' lang='lat' dir='ltr'><strong>Temp.</strong></span> <span class='ocrx_word' id='word_1_123' title='bbox 608 2130 865 2197; x_wconf 81' lang='lat' dir='ltr'><strong>additur];</strong></span> <span class='ocrx_word' id='word_1_124' title='bbox 885 2132 1115 2196; x_wconf 83' lang='lat' dir='ltr'><strong>alleluja.</strong></span> <span class='ocrx_word' id='word_1_125' title='bbox 1135 2130 1223 2182; x_wconf 72' lang='lat' dir='ltr'><strong>Pe.</strong></span> 
     </span>
     <span class='ocr_line' id='line_1_24' title="bbox 193 2196 757 2266; baseline -0.002 -19"><span class='ocrx_word' id='word_1_126' title='bbox 193 2197 556 2248; x_wconf 85' lang='lat' dir='ltr'><strong>Fundamenta</strong></span> <span class='ocrx_word' id='word_1_127' title='bbox 607 2196 757 2266; x_wconf 75' lang='lat' dir='ltr'><strong>ibid.)</strong></span> 
     </span>
    </p>

    <p class='ocr_par' dir='ltr' id='par_1_8' title="bbox 194 2263 1228 2461">
     <span class='ocr_line' id='line_1_25' title="bbox 262 2263 1228 2328; baseline -0.004 -12"><span class='ocrx_word' id='word_1_128' title='bbox 262 2263 349 2316; x_wconf 68' lang='lat' dir='ltr'><strong>Vs.</strong></span> <span class='ocrx_word' id='word_1_129' title='bbox 379 2266 585 2314; x_wconf 90' lang='lat' dir='ltr'><strong>Domus</strong></span> <span class='ocrx_word' id='word_1_130' title='bbox 609 2280 740 2314; x_wconf 89' lang='lat' dir='ltr'><strong>mea.</strong></span> <span class='ocrx_word' id='word_1_131' title='bbox 768 2266 859 2328; x_wconf 71' lang='lat' dir='ltr'><strong>Ro.</strong></span> <span class='ocrx_word' id='word_1_132' title='bbox 884 2265 1088 2313; x_wconf 91' lang='lat' dir='ltr'><strong>Domus</strong></span> <span class='ocrx_word' id='word_1_133' title='bbox 1115 2279 1228 2312; x_wconf 89' lang='lat' dir='ltr'><strong>ora-</strong></span> 
     </span>
     <span class='ocr_line' id='line_1_26' title="bbox 194 2328 1226 2396; baseline 0.001 -19"><span class='ocrx_word' id='word_1_134' title='bbox 194 2328 352 2379; x_wconf 85' lang='lat' dir='ltr'><strong>tionis</strong></span> <span class='ocrx_word' id='word_1_135' title='bbox 377 2330 671 2380; x_wconf 80' lang='lat' dir='ltr'><strong>vocabitur.</strong></span> <span class='ocrx_word' id='word_1_136' title='bbox 699 2329 788 2396; x_wconf 80' lang='grc' dir='ltr'><strong>[Ιπ</strong></span> <span class='ocrx_word' id='word_1_137' title='bbox 816 2329 880 2379; x_wconf 87' lang='grc' dir='ltr'><strong>Ρ.</strong></span> <span class='ocrx_word' id='word_1_138' title='bbox 911 2330 965 2380; x_wconf 86' lang='grc' dir='ltr'><strong>Τ.</strong></span> <span class='ocrx_word' id='word_1_139' title='bbox 994 2329 1226 2391; x_wconf 80' lang='lat' dir='ltr'><strong>additur,</strong></span> 
     </span>
     <span class='ocr_line' id='line_1_27' title="bbox 198 2394 1228 2461; baseline 0.001 -18"><span class='ocrx_word' id='word_1_140' title='bbox 198 2394 349 2461; x_wconf 84' lang='lat' dir='ltr'><strong>all&#39;a.]</strong></span> <span class='ocrx_word' id='word_1_141' title='bbox 995 2395 1113 2445; x_wconf 82' lang='lat' dir='ltr'><strong>Leo.</strong></span> <span class='ocrx_word' id='word_1_142' title='bbox 1131 2395 1228 2460; x_wconf 51' lang='lat' dir='ltr'><strong>iiij.</strong></span> 
     </span>
    </p>

    <p class='ocr_par' dir='ltr' id='par_1_9' title="bbox 299 2461 1229 2527">
     <span class='ocr_line' id='line_1_28' title="bbox 299 2461 1229 2527; baseline -0.001 -17"><span class='ocrx_word' id='word_1_143' title='bbox 299 2475 404 2513; x_wconf 76' lang='grc'><strong>000</strong></span> <span class='ocrx_word' id='word_1_144' title='bbox 437 2478 554 2524; x_wconf 81' lang='lat' dir='ltr'><strong>vos,</strong></span> <span class='ocrx_word' id='word_1_145' title='bbox 592 2464 802 2524; x_wconf 86' lang='lat' dir='ltr'><strong>fratres;</strong></span> <span class='ocrx_word' id='word_1_146' title='bbox 838 2461 1115 2527; x_wconf 84' lang='lat' dir='ltr'><strong>diligenter</strong></span> <span class='ocrx_word' id='word_1_147' title='bbox 1153 2466 1229 2510; x_wconf 86' lang='lat' dir='ltr'><strong>at-</strong></span> 
     </span>
    </p>

    <p class='ocr_par' dir='ltr' id='par_1_10' title="bbox 199 2527 1231 3436">
     <span class='ocr_line' id='line_1_29' title="bbox 317 2527 1228 2589; baseline -0.001 -12"><span class='ocrx_word' id='word_1_148' title='bbox 317 2529 529 2579; x_wconf 86' lang='lat' dir='ltr'><strong>tendite.</strong></span> <span class='ocrx_word' id='word_1_149' title='bbox 578 2528 633 2576; x_wconf 80' lang='lat' dir='ltr'><strong>Si</strong></span> <span class='ocrx_word' id='word_1_150' title='bbox 674 2529 741 2577; x_wconf 90' lang='lat' dir='ltr'><strong>ad</strong></span> <span class='ocrx_word' id='word_1_151' title='bbox 778 2543 1011 2578; x_wconf 89' lang='lat' dir='ltr'><strong>mensam</strong></span> <span class='ocrx_word' id='word_1_152' title='bbox 1056 2527 1228 2589; x_wconf 87' lang='lat' dir='ltr'><strong>cujus-</strong></span> 
     </span>
     <span class='ocr_line' id='line_1_30' title="bbox 203 2595 1229 2660; baseline -0.001 -18"><span class='ocrx_word' id='word_1_153' title='bbox 203 2608 407 2657; x_wconf 89' lang='lat' dir='ltr'><strong>cunque</strong></span> <span class='ocrx_word' id='word_1_154' title='bbox 428 2595 662 2660; x_wconf 88' lang='lat' dir='ltr'><strong>potentis</strong></span> <span class='ocrx_word' id='word_1_155' title='bbox 684 2595 910 2644; x_wconf 87' lang='lat' dir='ltr'><strong>hominis</strong></span> <span class='ocrx_word' id='word_1_156' title='bbox 930 2609 1081 2642; x_wconf 89' lang='lat' dir='ltr'><strong>nemo</strong></span> <span class='ocrx_word' id='word_1_157' title='bbox 1100 2610 1229 2658; x_wconf 84' lang='lat' dir='ltr'><strong>prae-</strong></span> 
     </span>
     <span class='ocr_line' id='line_1_31' title="bbox 201 2660 1229 2722; baseline 0 -14"><span class='ocrx_word' id='word_1_158' title='bbox 201 2661 355 2709; x_wconf 86' lang='lat' dir='ltr'><strong>sumit</strong></span> <span class='ocrx_word' id='word_1_159' title='bbox 377 2676 494 2710; x_wconf 89' lang='lat' dir='ltr'><strong>cum</strong></span> <span class='ocrx_word' id='word_1_160' title='bbox 517 2660 755 2711; x_wconf 87' lang='lat' dir='ltr'><strong>vestibus</strong></span> <span class='ocrx_word' id='word_1_161' title='bbox 780 2661 960 2710; x_wconf 89' lang='lat' dir='ltr'><strong>scissis</strong></span> <span class='ocrx_word' id='word_1_162' title='bbox 985 2664 1037 2708; x_wconf 85' lang='lat' dir='ltr'><strong>et</strong></span> <span class='ocrx_word' id='word_1_163' title='bbox 1059 2661 1229 2722; x_wconf 86' lang='lat' dir='ltr'><strong>inqui·</strong></span> 
     </span>
     <span class='ocr_line' id='line_1_32' title="bbox 199 2727 1228 2791; baseline 0.001 -18"><span class='ocrx_word' id='word_1_164' title='bbox 199 2727 331 2775; x_wconf 87' lang='lat' dir='ltr'><strong>natis</strong></span> <span class='ocrx_word' id='word_1_165' title='bbox 350 2727 617 2787; x_wconf 88' lang='lat' dir='ltr'><strong>accedere,</strong></span> <span class='ocrx_word' id='word_1_166' title='bbox 644 2733 837 2790; x_wconf 88' lang='lat' dir='ltr'><strong>quanto</strong></span> <span class='ocrx_word' id='word_1_167' title='bbox 862 2727 1029 2791; x_wconf 89' lang='lat' dir='ltr'><strong>magis</strong></span> <span class='ocrx_word' id='word_1_168' title='bbox 1053 2741 1085 2774; x_wconf 85' lang='lat' dir='ltr'><strong>a</strong></span> <span class='ocrx_word' id='word_1_169' title='bbox 1105 2741 1228 2775; x_wconf 90' lang='lat' dir='ltr'><strong>con·</strong></span> 
     </span>
     <span class='ocr_line' id='line_1_33' title="bbox 200 2790 1228 2857; baseline -0.001 -17"><span class='ocrx_word' id='word_1_170' title='bbox 200 2790 341 2840; x_wconf 79' lang='lat' dir='ltr'><strong>vivio</strong></span> <span class='ocrx_word' id='word_1_171' title='bbox 358 2792 513 2857; x_wconf 85' lang='lat' dir='ltr'><strong>Regis</strong></span> <span class='ocrx_word' id='word_1_172' title='bbox 534 2794 742 2842; x_wconf 89' lang='lat' dir='ltr'><strong>AEterni</strong></span> <span class='ocrx_word' id='word_1_173' title='bbox 767 2792 842 2855; x_wconf 88' lang='lat' dir='ltr'><strong>(id</strong></span> <span class='ocrx_word' id='word_1_174' title='bbox 861 2799 956 2854; x_wconf 90' lang='lat' dir='ltr'><strong>est,</strong></span> <span class='ocrx_word' id='word_1_175' title='bbox 980 2791 1046 2841; x_wconf 90' lang='lat' dir='ltr'><strong>ab</strong></span> <span class='ocrx_word' id='word_1_176' title='bbox 1075 2791 1228 2841; x_wconf 88' lang='lat' dir='ltr'><strong>altari</strong></span> 
     </span>
     <span class='ocr_line' id='line_1_34' title="bbox 201 2854 1230 2923; baseline 0.003 -20"><span class='ocrx_word' id='word_1_177' title='bbox 201 2854 327 2920; x_wconf 79' lang='lat' dir='ltr'><strong>D‘fii)</strong></span> <span class='ocrx_word' id='word_1_178' title='bbox 363 2857 514 2908; x_wconf 88' lang='lat' dir='ltr'><strong>debet</strong></span> <span class='ocrx_word' id='word_1_179' title='bbox 546 2875 604 2909; x_wconf 89' lang='lat' dir='ltr'><strong>se</strong></span> <span class='ocrx_word' id='word_1_180' title='bbox 627 2859 988 2923; x_wconf 89' lang='lat' dir='ltr'><strong>unusquisque</strong></span> <span class='ocrx_word' id='word_1_181' title='bbox 1017 2858 1230 2906; x_wconf 81' lang='lat' dir='ltr'><strong>invidiae</strong></span> 
     </span>
     <span class='ocr_line' id='line_1_35' title="bbox 203 2921 1228 2989; baseline 0.003 -20"><span class='ocrx_word' id='word_1_182' title='bbox 203 2921 290 2970; x_wconf 79' lang='lat' dir='ltr'><strong>vel</strong></span> <span class='ocrx_word' id='word_1_183' title='bbox 322 2924 425 2971; x_wconf 89' lang='lat' dir='ltr'><strong>odii</strong></span> <span class='ocrx_word' id='word_1_184' title='bbox 457 2940 663 2974; x_wconf 82' lang='lat' dir='ltr'><strong>veneno</strong></span> <span class='ocrx_word' id='word_1_185' title='bbox 689 2940 984 2989; x_wconf 88' lang='lat' dir='ltr'><strong>percussus,</strong></span> <span class='ocrx_word' id='word_1_186' title='bbox 1022 2930 1112 2972; x_wconf 89' lang='lat' dir='ltr'><strong>aut</strong></span> <span class='ocrx_word' id='word_1_187' title='bbox 1128 2925 1228 2972; x_wconf 88' lang='lat' dir='ltr'><strong>ira·</strong></span> 
     </span>
     <span class='ocr_line' id='line_1_36' title="bbox 203 2988 1229 3054; baseline 0.003 -19"><span class='ocrx_word' id='word_1_188' title='bbox 203 2988 404 3037; x_wconf 86' lang='lat' dir='ltr'><strong>cundiae</strong></span> <span class='ocrx_word' id='word_1_189' title='bbox 436 2991 610 3040; x_wconf 81' lang='lat' dir='ltr'><strong>furore</strong></span> <span class='ocrx_word' id='word_1_190' title='bbox 644 2991 888 3054; x_wconf 90' lang='lat' dir='ltr'><strong>repletus,</strong></span> <span class='ocrx_word' id='word_1_191' title='bbox 932 3005 1049 3038; x_wconf 90' lang='lat' dir='ltr'><strong>cum</strong></span> <span class='ocrx_word' id='word_1_192' title='bbox 1083 3005 1229 3039; x_wconf 77' lang='lat' dir='ltr'><strong>reve·</strong></span> 
     </span>
     <span class='ocr_line' id='line_1_37' title="bbox 202 3054 1228 3105; baseline 0.002 -4"><span class='ocrx_word' id='word_1_193' title='bbox 202 3055 367 3103; x_wconf 89' lang='lat' dir='ltr'><strong>rentia</strong></span> <span class='ocrx_word' id='word_1_194' title='bbox 429 3062 479 3104; x_wconf 91' lang='lat' dir='ltr'><strong>et</strong></span> <span class='ocrx_word' id='word_1_195' title='bbox 541 3056 835 3105; x_wconf 86' lang='lat' dir='ltr'><strong>humilitate</strong></span> <span class='ocrx_word' id='word_1_196' title='bbox 893 3054 1228 3105; x_wconf 78' lang='lat' dir='ltr'><strong>subtrahere?</strong></span> 
     </span>
     <span class='ocr_line' id='line_1_38' title="bbox 202 3118 1227 3186; baseline 0.002 -19"><span class='ocrx_word' id='word_1_197' title='bbox 202 3118 418 3185; x_wconf 87' lang='lat' dir='ltr'><strong>Propter</strong></span> <span class='ocrx_word' id='word_1_198' title='bbox 460 3121 594 3171; x_wconf 91' lang='lat' dir='ltr'><strong>illud</strong></span> <span class='ocrx_word' id='word_1_199' title='bbox 641 3121 781 3186; x_wconf 85' lang='lat' dir='ltr'><strong>quod</strong></span> <span class='ocrx_word' id='word_1_200' title='bbox 826 3124 1076 3185; x_wconf 89' lang='lat' dir='ltr'><strong>scriptum</strong></span> <span class='ocrx_word' id='word_1_201' title='bbox 1122 3126 1227 3171; x_wconf 88' lang='lat' dir='ltr'><strong>est:</strong></span> 
     </span>
     <span class='ocr_line' id='line_1_39' title="bbox 203 3184 1227 3251; baseline 0.004 -19"><span class='ocrx_word' id='word_1_202' title='bbox 203 3184 346 3234; x_wconf 87' lang='lat' dir='ltr'><strong>Vade</strong></span> <span class='ocrx_word' id='word_1_203' title='bbox 384 3188 525 3251; x_wconf 88' lang='lat' dir='ltr'><strong>prius</strong></span> <span class='ocrx_word' id='word_1_204' title='bbox 566 3188 895 3237; x_wconf 86' lang='lat' dir='ltr'><strong>reconciliari</strong></span> <span class='ocrx_word' id='word_1_205' title='bbox 926 3188 1073 3236; x_wconf 88' lang='lat' dir='ltr'><strong>fratri</strong></span> <span class='ocrx_word' id='word_1_206' title='bbox 1105 3192 1227 3248; x_wconf 84' lang='lat' dir='ltr'><strong>tu03</strong></span> 
     </span>
     <span class='ocr_line' id='line_1_40' title="bbox 204 3255 1229 3303; baseline 0.005 -6"><span class='ocrx_word' id='word_1_207' title='bbox 204 3255 256 3297; x_wconf 81' lang='lat' dir='ltr'><strong>et</strong></span> <span class='ocrx_word' id='word_1_208' title='bbox 275 3255 397 3300; x_wconf 86' lang='lat' dir='ltr'><strong>tunc</strong></span> <span class='ocrx_word' id='word_1_209' title='bbox 419 3255 636 3303; x_wconf 79' lang='lat' dir='ltr'><strong>veniens</strong></span> <span class='ocrx_word' id='word_1_210' title='bbox 655 3255 840 3303; x_wconf 85' lang='lat' dir='ltr'><strong>offeres</strong></span> <span class='ocrx_word' id='word_1_211' title='bbox 859 3269 1047 3302; x_wconf 89' lang='lat' dir='ltr'><strong>munus</strong></span> <span class='ocrx_word' id='word_1_212' title='bbox 1065 3257 1229 3302; x_wconf 88' lang='lat' dir='ltr'><strong>tuum.</strong></span> 
     </span>
     <span class='ocr_line' id='line_1_41' title="bbox 206 3314 1231 3381; baseline 0.006 -19"><span class='ocrx_word' id='word_1_213' title='bbox 206 3314 275 3363; x_wconf 89' lang='lat' dir='ltr'><strong>Et</strong></span> <span class='ocrx_word' id='word_1_214' title='bbox 310 3317 517 3368; x_wconf 90' lang='lat' dir='ltr'><strong>iterum:</strong></span> <span class='ocrx_word' id='word_1_215' title='bbox 560 3320 836 3381; x_wconf 87' lang='lat' dir='ltr'><strong>Quomodo</strong></span> <span class='ocrx_word' id='word_1_216' title='bbox 877 3319 981 3369; x_wconf 88' lang='lat' dir='ltr'><strong>huc</strong></span> <span class='ocrx_word' id='word_1_217' title='bbox 1025 3319 1231 3368; x_wconf 86' lang='lat' dir='ltr'><strong>intrasti</strong></span> 
     </span>
     <span class='ocr_line' id='line_1_42' title="bbox 208 3383 1096 3436; baseline 0.007 -9"><span class='ocrx_word' id='word_1_218' title='bbox 208 3393 312 3428; x_wconf 90' lang='lat' dir='ltr'><strong>non</strong></span> <span class='ocrx_word' id='word_1_219' title='bbox 332 3383 527 3435; x_wconf 86' lang='lat' dir='ltr'><strong>habens</strong></span> <span class='ocrx_word' id='word_1_220' title='bbox 550 3392 751 3436; x_wconf 83' lang='lat' dir='ltr'><strong>vestem</strong></span> <span class='ocrx_word' id='word_1_221' title='bbox 775 3403 846 3435; x_wconf 92' lang='lat' dir='ltr'><strong>nu</strong></span> <span class='ocrx_word' id='word_1_222' title='bbox 883 3384 1096 3435; x_wconf 85' lang='lat' dir='ltr'><strong>tialem‘?</strong></span> 
     </span>
    </p>

    <p class='ocr_par' dir='ltr' id='par_1_11' title="bbox 211 3447 1229 3901">
     <span class='ocr_line' id='line_1_43' title="bbox 271 3447 1229 3507; baseline 0.004 -12"><span class='ocrx_word' id='word_1_223' title='bbox 271 3447 332 3507; x_wconf 72' lang='lat' dir='ltr'><strong>R.</strong></span> <span class='ocrx_word' id='word_1_224' title='bbox 355 3451 400 3497; x_wconf 83' lang='lat'><strong>4.</strong></span> <span class='ocrx_word' id='word_1_225' title='bbox 433 3450 666 3502; x_wconf 87' lang='lat' dir='ltr'><strong>Benedic</strong></span> <span class='ocrx_word' id='word_1_226' title='bbox 698 3451 816 3502; x_wconf 69' lang='lat' dir='ltr'><strong>Dfie</strong></span> <span class='ocrx_word' id='word_1_227' title='bbox 878 3467 1051 3501; x_wconf 92' lang='lat' dir='ltr'><strong>omum</strong></span> <span class='ocrx_word' id='word_1_228' title='bbox 1073 3452 1229 3500; x_wconf 88' lang='lat' dir='ltr'><strong>istam</strong></span> 
     </span>
     <span class='ocr_line' id='line_1_44' title="bbox 212 3516 1226 3586; baseline 0.003 -23"><span class='ocrx_word' id='word_1_229' title='bbox 212 3523 364 3586; x_wconf 68' lang='lat' dir='ltr'><strong>quam</strong></span> <span class='ocrx_word' id='word_1_230' title='bbox 386 3516 635 3568; x_wconf 72' lang='lat' dir='ltr'><strong>aedificavi</strong></span> <span class='ocrx_word' id='word_1_231' title='bbox 652 3520 850 3567; x_wconf 90' lang='lat' dir='ltr'><strong>nomini</strong></span> <span class='ocrx_word' id='word_1_232' title='bbox 869 3525 987 3568; x_wconf 87' lang='lat' dir='ltr'><strong>tuo:</strong></span> <span class='ocrx_word' id='word_1_233' title='bbox 1011 3518 1226 3567; x_wconf 80' lang='lat' dir='ltr'><strong>venien-</strong></span> 
     </span>
     <span class='ocr_line' id='line_1_45' title="bbox 212 3580 1227 3652; baseline 0.005 -25"><span class='ocrx_word' id='word_1_234' title='bbox 212 3580 338 3652; x_wconf 62' lang='lat' dir='ltr'><strong>}mm</strong></span> <span class='ocrx_word' id='word_1_235' title='bbox 356 3580 409 3627; x_wconf 89' lang='lat' dir='ltr'><strong>in</strong></span> <span class='ocrx_word' id='word_1_236' title='bbox 431 3580 602 3633; x_wconf 89' lang='lat' dir='ltr'><strong>locum</strong></span> <span class='ocrx_word' id='word_1_237' title='bbox 634 3585 793 3634; x_wconf 87' lang='lat' dir='ltr'><strong>istum</strong></span> <span class='ocrx_word' id='word_1_238' title='bbox 815 3584 1023 3634; x_wconf 83' lang='lat' dir='ltr'><strong>Exaudi</strong></span> <span class='ocrx_word' id='word_1_239' title='bbox 1082 3598 1227 3632; x_wconf 90' lang='lat' dir='ltr'><strong>reces</strong></span> 
     </span>
     <span class='ocr_line' id='line_1_46' title="bbox 213 3644 1225 3699; baseline 0.01 -11"><span class='ocrx_word' id='word_1_240' title='bbox 213 3655 269 3688; x_wconf 87' lang='lat' dir='ltr'><strong>m</strong></span> <span class='ocrx_word' id='word_1_241' title='bbox 291 3644 491 3696; x_wconf 86' lang='lat' dir='ltr'><strong>excelso</strong></span> <span class='ocrx_word' id='word_1_242' title='bbox 514 3650 647 3699; x_wconf 88' lang='lat' dir='ltr'><strong>solio</strong></span> <span class='ocrx_word' id='word_1_243' title='bbox 710 3651 854 3699; x_wconf 81' lang='lat' dir='ltr'><strong>loriae</strong></span> <span class='ocrx_word' id='word_1_244' title='bbox 877 3657 996 3699; x_wconf 81' lang='lat' dir='ltr'><strong>tuae.</strong></span> <span class='ocrx_word' id='word_1_245' title='bbox 1061 3666 1098 3698; x_wconf 81' lang='grc' dir='ltr'><em>η</em></span> <span class='ocrx_word' id='word_1_246' title='bbox 1120 3647 1225 3698; x_wconf 81' lang='grc' dir='ltr'><strong>Ρα-</strong></span> 
     </span>
     <span class='ocr_line' id='line_1_47' title="bbox 213 3704 1227 3781; baseline 0.011 -28"><span class='ocrx_word' id='word_1_247' title='bbox 213 3704 369 3756; x_wconf 73' lang='grc' dir='ltr'><strong><em>εσΙιαίἰ</em></strong></span> <span class='ocrx_word' id='word_1_248' title='bbox 411 3709 645 3778; x_wconf 81' lang='lat' dir='ltr'><strong>Tempore</strong></span> <span class='ocrx_word' id='word_1_249' title='bbox 701 3714 955 3781; x_wconf 77' lang='lat' dir='ltr'><strong>additur];</strong></span> <span class='ocrx_word' id='word_1_250' title='bbox 999 3715 1227 3778; x_wconf 85' lang='lat' dir='ltr'><strong>alleluja.</strong></span> 
     </span>
     <span class='ocr_line' id='line_1_48' title="bbox 212 3767 1222 3847; baseline 0.009 -25"><span class='ocrx_word' id='word_1_251' title='bbox 212 3767 278 3822; x_wconf 65' lang='lat' dir='ltr'><strong>V.</strong></span> <span class='ocrx_word' id='word_1_252' title='bbox 298 3771 428 3837; x_wconf 68' lang='lat' dir='ltr'><strong>nne,</strong></span> <span class='ocrx_word' id='word_1_253' title='bbox 451 3780 495 3827; x_wconf 89' lang='lat' dir='ltr'><strong>si</strong></span> <span class='ocrx_word' id='word_1_254' title='bbox 517 3796 801 3831; x_wconf 86' lang='lat' dir='ltr'><strong>conversus</strong></span> <span class='ocrx_word' id='word_1_255' title='bbox 825 3783 980 3832; x_wconf 86' lang='lat' dir='ltr'><strong>fuerit</strong></span> <span class='ocrx_word' id='word_1_256' title='bbox 995 3781 1222 3847; x_wconf 86' lang='lat' dir='ltr'><strong>populus</strong></span> 
     </span>
     <span class='ocr_line' id='line_1_49' title="bbox 211 3839 1223 3901; baseline 0.013 -15"><span class='ocrx_word' id='word_1_257' title='bbox 211 3839 345 3901; x_wconf 83' lang='lat' dir='ltr'><strong>tuus,</strong></span> <span class='ocrx_word' id='word_1_258' title='bbox 369 3848 420 3890; x_wconf 86' lang='lat' dir='ltr'><strong>et</strong></span> <span class='ocrx_word' id='word_1_259' title='bbox 442 3848 661 3898; x_wconf 79' lang='lat' dir='ltr'><strong>oraverit</strong></span> <span class='ocrx_word' id='word_1_260' title='bbox 683 3849 753 3898; x_wconf 87' lang='lat' dir='ltr'><strong>ad</strong></span> <span class='ocrx_word' id='word_1_261' title='bbox 768 3849 1126 3899; x_wconf 79' lang='lat' dir='ltr'><strong>sanctuarium</strong></span> <span class='ocrx_word' id='word_1_262' title='bbox 1142 3853 1223 3898; x_wconf 88' lang='lat' dir='ltr'><strong>tu-</strong></span> 
     </span>
    </p>
   </div>
   <div class='ocr_carea' id='block_1_3' title="bbox 952 485 1652 528">
    <p class='ocr_par' dir='ltr' id='par_1_12' title="bbox 952 485 1652 528">
     <span class='ocr_line' id='line_1_50' title="bbox 952 485 1652 528; baseline 0.009 -6"><span class='ocrx_word' id='word_1_263' title='bbox 952 485 1001 523; x_wconf 77' lang='lat' dir='ltr'><strong>m</strong></span> <span class='ocrx_word' id='word_1_264' title='bbox 1026 486 1352 525; x_wconf 73' lang='lat' dir='ltr'><strong>nEch‘rloNE</strong></span> <span class='ocrx_word' id='word_1_265' title='bbox 1379 486 1652 528; x_wconf 73' lang='lat' dir='ltr'><strong>EccmsIAE.</strong></span> 
     </span>
    </p>
   </div>
   <div class='ocr_carea' id='block_1_4' title="bbox 2242 469 2360 537">
    <p class='ocr_par' dir='ltr' id='par_1_13' title="bbox 2242 469 2360 537">
     <span class='ocr_line' id='line_1_51' title="bbox 2242 469 2360 537; baseline 0.017 -2"><span class='ocrx_word' id='word_1_266' title='bbox 2242 469 2360 537; x_wconf 81' lang='lat'><strong>197</strong></span> 
     </span>
    </p>
   </div>
   <div class='ocr_carea' id='block_1_5' title="bbox 1323 616 2362 3898">
    <p class='ocr_par' dir='ltr' id='par_1_14' title="bbox 1323 616 2360 815">
     <span class='ocr_line' id='line_1_52' title="bbox 1323 616 2360 683; baseline 0.003 -15"><span class='ocrx_word' id='word_1_267' title='bbox 1323 634 1429 679; x_wconf 89' lang='lat' dir='ltr'><strong>um,</strong></span> <span class='ocrx_word' id='word_1_268' title='bbox 1465 616 1672 667; x_wconf 88' lang='lat' dir='ltr'><strong>Exaudi</strong></span> <span class='ocrx_word' id='word_1_269' title='bbox 1736 634 1812 683; x_wconf 93' lang='lat' dir='ltr'><strong>pr.</strong></span> <span class='ocrx_word' id='word_1_270' title='bbox 1835 645 1902 656; x_wconf 91' lang='lat'><strong>—-</strong></span> <span class='ocrx_word' id='word_1_271' title='bbox 1923 624 2041 668; x_wconf 79' lang='lat' dir='ltr'><strong>tuae.</strong></span> <span class='ocrx_word' id='word_1_272' title='bbox 2073 617 2146 669; x_wconf 77' lang='lat' dir='ltr'><strong>In</strong></span> <span class='ocrx_word' id='word_1_273' title='bbox 2184 616 2250 670; x_wconf 88' lang='lat' dir='ltr'><strong>P.</strong></span> <span class='ocrx_word' id='word_1_274' title='bbox 2298 616 2360 672; x_wconf 83' lang='lat' dir='ltr'><strong>T.</strong></span> 
     </span>
     <span class='ocr_line' id='line_1_53' title="bbox 1324 683 1742 747; baseline -0.01 -12"><span class='ocrx_word' id='word_1_275' title='bbox 1324 683 1559 747; x_wconf 60' lang='lat' dir='ltr'><strong>additur-3</strong></span> <span class='ocrx_word' id='word_1_276' title='bbox 1586 683 1704 732; x_wconf 82' lang='lat' dir='ltr'><strong>all&#39;a</strong></span> <span class='ocrx_word' id='word_1_277' title='bbox 1729 720 1742 732; x_wconf 95' lang='lat'><strong>.</strong></span> 
     </span>
     <span class='ocr_line' id='line_1_54' title="bbox 1570 746 2110 815; baseline 0.002 -15"><span class='ocrx_word' id='word_1_278' title='bbox 1570 747 1608 815; x_wconf 64' lang='grc' dir='ltr'><strong>ξ</strong></span> <span class='ocrx_word' id='word_1_279' title='bbox 1641 748 1677 803; x_wconf 91' lang='lat' dir='ltr'><strong>l</strong></span> <span class='ocrx_word' id='word_1_280' title='bbox 1732 746 1841 815; x_wconf 81' lang='lat'><strong>0.)</strong></span> <span class='ocrx_word' id='word_1_281' title='bbox 1867 748 2041 800; x_wconf 81' lang='lat' dir='ltr'><strong>Lectio</strong></span> <span class='ocrx_word' id='word_1_282' title='bbox 2063 767 2110 801; x_wconf 86' lang='lat' dir='ltr'><strong>v.</strong></span> 
     </span>
    </p>

    <p class='ocr_par' dir='ltr' id='par_1_15' title="bbox 1323 817 2360 1737">
     <span class='ocr_line' id='line_1_55' title="bbox 1436 817 2356 883; baseline 0.002 -19"><span class='ocrx_word' id='word_1_283' title='bbox 1436 828 1506 865; x_wconf 86' lang='lat' dir='ltr'><strong>oc</strong></span> <span class='ocrx_word' id='word_1_284' title='bbox 1548 817 1684 865; x_wconf 90' lang='lat' dir='ltr'><strong>enim</strong></span> <span class='ocrx_word' id='word_1_285' title='bbox 1724 817 1882 866; x_wconf 91' lang='lat' dir='ltr'><strong>habet</strong></span> <span class='ocrx_word' id='word_1_286' title='bbox 1921 822 2093 867; x_wconf 83' lang='lat' dir='ltr'><strong>textus</strong></span> <span class='ocrx_word' id='word_1_287' title='bbox 2130 832 2356 883; x_wconf 85' lang='lat' dir='ltr'><strong>euange-</strong></span> 
     </span>
     <span class='ocr_line' id='line_1_56' title="bbox 1323 829 2357 946; baseline 0.003 -16"><span class='ocrx_word' id='word_1_288' title='bbox 1323 829 1551 941; x_wconf 61' lang='lat' dir='ltr'><strong>Hlicae</strong></span> <span class='ocrx_word' id='word_1_289' title='bbox 1581 881 1839 943; x_wconf 88' lang='lat' dir='ltr'><strong>lectionis,</strong></span> <span class='ocrx_word' id='word_1_290' title='bbox 1875 881 2014 945; x_wconf 90' lang='lat' dir='ltr'><strong>quod</strong></span> <span class='ocrx_word' id='word_1_291' title='bbox 2047 883 2260 946; x_wconf 87' lang='lat' dir='ltr'><strong>quidam</strong></span> <span class='ocrx_word' id='word_1_292' title='bbox 2282 885 2357 933; x_wconf 87' lang='lat' dir='ltr'><strong>fe·</strong></span> 
     </span>
     <span class='ocr_line' id='line_1_57' title="bbox 1327 947 2360 1012; baseline 0.001 -16"><span class='ocrx_word' id='word_1_293' title='bbox 1327 948 1398 996; x_wconf 91' lang='lat' dir='ltr'><strong>cit</strong></span> <span class='ocrx_word' id='word_1_294' title='bbox 1434 948 1645 1012; x_wconf 85' lang='lat' dir='ltr'><strong>nuptias</strong></span> <span class='ocrx_word' id='word_1_295' title='bbox 1678 947 1786 997; x_wconf 90' lang='lat' dir='ltr'><strong>filio</strong></span> <span class='ocrx_word' id='word_1_296' title='bbox 1823 963 1949 1008; x_wconf 90' lang='lat' dir='ltr'><strong>suo;</strong></span> <span class='ocrx_word' id='word_1_297' title='bbox 1990 955 2041 997; x_wconf 93' lang='lat' dir='ltr'><strong>et</strong></span> <span class='ocrx_word' id='word_1_298' title='bbox 2063 950 2280 997; x_wconf 78' lang='lat' dir='ltr'><strong>intravit</strong></span> <span class='ocrx_word' id='word_1_299' title='bbox 2298 954 2360 998; x_wconf 86' lang='lat' dir='ltr'><strong>ut</strong></span> 
     </span>
     <span class='ocr_line' id='line_1_58' title="bbox 1325 1012 2356 1064; baseline 0.002 -3"><span class='ocrx_word' id='word_1_300' title='bbox 1325 1012 1530 1062; x_wconf 84' lang='lat' dir='ltr'><strong>videret</strong></span> <span class='ocrx_word' id='word_1_301' title='bbox 1564 1013 1718 1062; x_wconf 88' lang='lat' dir='ltr'><strong>simul</strong></span> <span class='ocrx_word' id='word_1_302' title='bbox 1751 1014 2128 1064; x_wconf 86' lang='lat' dir='ltr'><strong>recumbentes.</strong></span> <span class='ocrx_word' id='word_1_303' title='bbox 2157 1014 2356 1064; x_wconf 90' lang='lat' dir='ltr'><strong>Videns</strong></span> 
     </span>
     <span class='ocr_line' id='line_1_59' title="bbox 1326 1079 2358 1130; baseline 0.003 -3"><span class='ocrx_word' id='word_1_304' title='bbox 1326 1083 1499 1128; x_wconf 89' lang='lat' dir='ltr'><strong>autem</strong></span> <span class='ocrx_word' id='word_1_305' title='bbox 1520 1079 1784 1128; x_wconf 89' lang='lat' dir='ltr'><strong>hominem</strong></span> <span class='ocrx_word' id='word_1_306' title='bbox 1806 1095 1915 1128; x_wconf 90' lang='lat' dir='ltr'><strong>non</strong></span> <span class='ocrx_word' id='word_1_307' title='bbox 1937 1079 2215 1129; x_wconf 85' lang='lat' dir='ltr'><strong>habentem</strong></span> <span class='ocrx_word' id='word_1_308' title='bbox 2238 1096 2358 1130; x_wconf 82' lang='lat' dir='ltr'><strong>ves—</strong></span> 
     </span>
     <span class='ocr_line' id='line_1_60' title="bbox 1325 1144 2357 1210; baseline 0.002 -17"><span class='ocrx_word' id='word_1_309' title='bbox 1325 1148 1432 1194; x_wconf 84' lang='lat' dir='ltr'><strong>tem</strong></span> <span class='ocrx_word' id='word_1_310' title='bbox 1464 1144 1767 1210; x_wconf 87' lang='lat' dir='ltr'><strong>nuptialem,</strong></span> <span class='ocrx_word' id='word_1_311' title='bbox 1803 1146 1931 1194; x_wconf 87' lang='lat' dir='ltr'><strong>dixit</strong></span> <span class='ocrx_word' id='word_1_312' title='bbox 1954 1147 2230 1195; x_wconf 88' lang='lat' dir='ltr'><strong>ministris:</strong></span> <span class='ocrx_word' id='word_1_313' title='bbox 2270 1147 2357 1195; x_wconf 92' lang='lat' dir='ltr'><strong>Li—</strong></span> 
     </span>
     <span class='ocr_line' id='line_1_61' title="bbox 1326 1211 2359 1277; baseline 0.003 -19"><span class='ocrx_word' id='word_1_314' title='bbox 1326 1216 1448 1275; x_wconf 86' lang='lat' dir='ltr'><strong>gate</strong></span> <span class='ocrx_word' id='word_1_315' title='bbox 1472 1211 1550 1259; x_wconf 88' lang='lat' dir='ltr'><strong>ilh&#39;</strong></span> <span class='ocrx_word' id='word_1_316' title='bbox 1573 1226 1758 1260; x_wconf 87' lang='lat' dir='ltr'><strong>manus</strong></span> <span class='ocrx_word' id='word_1_317' title='bbox 1783 1218 1834 1260; x_wconf 89' lang='lat' dir='ltr'><strong>et</strong></span> <span class='ocrx_word' id='word_1_318' title='bbox 1852 1212 2028 1276; x_wconf 87' lang='lat' dir='ltr'><strong>pedes,</strong></span> <span class='ocrx_word' id='word_1_319' title='bbox 2051 1219 2103 1261; x_wconf 90' lang='lat' dir='ltr'><strong>et</strong></span> <span class='ocrx_word' id='word_1_320' title='bbox 2118 1213 2359 1277; x_wconf 84' lang='lat' dir='ltr'><strong>projicite</strong></span> 
     </span>
     <span class='ocr_line' id='line_1_62' title="bbox 1328 1275 2360 1328; baseline 0.003 -4"><span class='ocrx_word' id='word_1_321' title='bbox 1328 1293 1446 1325; x_wconf 90' lang='lat' dir='ltr'><strong>eum</strong></span> <span class='ocrx_word' id='word_1_322' title='bbox 1468 1277 1525 1325; x_wconf 91' lang='lat' dir='ltr'><strong>in</strong></span> <span class='ocrx_word' id='word_1_323' title='bbox 1549 1275 1793 1327; x_wconf 86' lang='lat' dir='ltr'><strong>tenebras</strong></span> <span class='ocrx_word' id='word_1_324' title='bbox 1818 1278 2126 1327; x_wconf 81' lang='lat' dir='ltr'><strong>exteriores:</strong></span> <span class='ocrx_word' id='word_1_325' title='bbox 2161 1278 2237 1327; x_wconf 92' lang='lat' dir='ltr'><strong>ibi</strong></span> <span class='ocrx_word' id='word_1_326' title='bbox 2261 1279 2360 1328; x_wconf 87' lang='lat' dir='ltr'><strong>erit</strong></span> 
     </span>
     <span class='ocr_line' id='line_1_63' title="bbox 1327 1342 2357 1407; baseline 0.001 -16"><span class='ocrx_word' id='word_1_327' title='bbox 1327 1343 1481 1391; x_wconf 91' lang='lat' dir='ltr'><strong>fletus</strong></span> <span class='ocrx_word' id='word_1_328' title='bbox 1505 1348 1557 1391; x_wconf 89' lang='lat' dir='ltr'><strong>et</strong></span> <span class='ocrx_word' id='word_1_329' title='bbox 1580 1342 1772 1392; x_wconf 89' lang='lat' dir='ltr'><strong>stridor</strong></span> <span class='ocrx_word' id='word_1_330' title='bbox 1795 1343 2042 1393; x_wconf 89' lang='lat' dir='ltr'><strong>dentium.</strong></span> <span class='ocrx_word' id='word_1_331' title='bbox 2066 1345 2209 1393; x_wconf 86' lang='lat' dir='ltr'><strong>Ecce</strong></span> <span class='ocrx_word' id='word_1_332' title='bbox 2230 1358 2357 1407; x_wconf 86' lang='lat' dir='ltr'><strong>qua·</strong></span> 
     </span>
     <span class='ocr_line' id='line_1_64' title="bbox 1326 1407 2358 1460; baseline 0.003 -4"><span class='ocrx_word' id='word_1_333' title='bbox 1326 1407 1430 1457; x_wconf 91' lang='lat' dir='ltr'><strong>lem</strong></span> <span class='ocrx_word' id='word_1_334' title='bbox 1486 1409 1798 1458; x_wconf 89' lang='lat' dir='ltr'><strong>sententiam</strong></span> <span class='ocrx_word' id='word_1_335' title='bbox 1850 1409 2133 1459; x_wconf 88' lang='lat' dir='ltr'><strong>merebitur</strong></span> <span class='ocrx_word' id='word_1_336' title='bbox 2178 1410 2358 1460; x_wconf 85' lang='lat' dir='ltr'><strong>audire</strong></span> 
     </span>
     <span class='ocr_line' id='line_1_65' title="bbox 1328 1471 2355 1539; baseline 0.002 -17"><span class='ocrx_word' id='word_1_337' title='bbox 1328 1475 1417 1537; x_wconf 90' lang='lat' dir='ltr'><strong>qui</strong></span> <span class='ocrx_word' id='word_1_338' title='bbox 1451 1473 1517 1523; x_wconf 88' lang='lat' dir='ltr'><strong>ad</strong></span> <span class='ocrx_word' id='word_1_339' title='bbox 1553 1475 1855 1524; x_wconf 79' lang='lat' dir='ltr'><strong>convivium</strong></span> <span class='ocrx_word' id='word_1_340' title='bbox 1886 1475 2120 1539; x_wconf 87' lang='lat' dir='ltr'><strong>nuptiale</strong></span> <span class='ocrx_word' id='word_1_341' title='bbox 2148 1471 2228 1539; x_wconf 91' lang='lat' dir='ltr'><strong>(id</strong></span> <span class='ocrx_word' id='word_1_342' title='bbox 2260 1481 2355 1539; x_wconf 90' lang='lat' dir='ltr'><strong>est,</strong></span> 
     </span>
     <span class='ocr_line' id='line_1_66' title="bbox 1328 1539 2356 1607; baseline 0.002 -19"><span class='ocrx_word' id='word_1_343' title='bbox 1328 1540 1490 1589; x_wconf 84' lang='lat' dir='ltr'><strong>altare</strong></span> <span class='ocrx_word' id='word_1_344' title='bbox 1514 1539 1646 1607; x_wconf 78' lang='lat' dir='ltr'><strong>Di&#39;ii)</strong></span> <span class='ocrx_word' id='word_1_345' title='bbox 1675 1544 1764 1589; x_wconf 89' lang='lat' dir='ltr'><strong>aut</strong></span> <span class='ocrx_word' id='word_1_346' title='bbox 1797 1540 2049 1602; x_wconf 88' lang='lat' dir='ltr'><strong>ebriosus,</strong></span> <span class='ocrx_word' id='word_1_347' title='bbox 2085 1548 2176 1590; x_wconf 89' lang='lat' dir='ltr'><strong>aut</strong></span> <span class='ocrx_word' id='word_1_348' title='bbox 2209 1540 2356 1591; x_wconf 90' lang='lat' dir='ltr'><strong>adul-</strong></span> 
     </span>
     <span class='ocr_line' id='line_1_67' title="bbox 1327 1606 2357 1671; baseline 0.004 -17"><span class='ocrx_word' id='word_1_349' title='bbox 1327 1612 1419 1667; x_wconf 90' lang='lat' dir='ltr'><strong>ter,</strong></span> <span class='ocrx_word' id='word_1_350' title='bbox 1464 1612 1554 1655; x_wconf 89' lang='lat' dir='ltr'><strong>aut</strong></span> <span class='ocrx_word' id='word_1_351' title='bbox 1597 1606 1772 1655; x_wconf 88' lang='lat' dir='ltr'><strong>odium</strong></span> <span class='ocrx_word' id='word_1_352' title='bbox 1812 1606 1869 1654; x_wconf 90' lang='lat' dir='ltr'><strong>in</strong></span> <span class='ocrx_word' id='word_1_353' title='bbox 1909 1606 2066 1656; x_wconf 87' lang='lat' dir='ltr'><strong>corde</strong></span> <span class='ocrx_word' id='word_1_354' title='bbox 2104 1608 2357 1671; x_wconf 86' lang='lat' dir='ltr'><strong>retinens,</strong></span> 
     </span>
     <span class='ocr_line' id='line_1_68' title="bbox 1325 1671 1899 1737; baseline -0.002 -17"><span class='ocrx_word' id='word_1_355' title='bbox 1325 1672 1592 1737; x_wconf 83' lang='lat' dir='ltr'><strong>praesumit</strong></span> <span class='ocrx_word' id='word_1_356' title='bbox 1636 1671 1899 1721; x_wconf 87' lang='lat' dir='ltr'><strong>accedere.</strong></span> 
     </span>
    </p>

    <p class='ocr_par' dir='ltr' id='par_1_16' title="bbox 1323 1737 2362 2264">
     <span class='ocr_line' id='line_1_69' title="bbox 1393 1737 2359 1802; baseline 0.001 -15"><span class='ocrx_word' id='word_1_357' title='bbox 1393 1740 1439 1801; x_wconf 74' lang='lat' dir='ltr'><strong>Bc</strong></span> <span class='ocrx_word' id='word_1_358' title='bbox 1458 1739 1504 1787; x_wconf 79' lang='grc' dir='ltr'><strong>ὃ.</strong></span> <span class='ocrx_word' id='word_1_359' title='bbox 1531 1737 1576 1787; x_wconf 94' lang='grc' dir='ltr'>Ο</span> <span class='ocrx_word' id='word_1_360' title='bbox 1603 1753 1755 1802; x_wconf 91' lang='lat' dir='ltr'><strong>quam</strong></span> <span class='ocrx_word' id='word_1_361' title='bbox 1779 1737 2090 1788; x_wconf 84' lang='lat' dir='ltr'><strong>metuendus</strong></span> <span class='ocrx_word' id='word_1_362' title='bbox 2108 1742 2191 1787; x_wconf 88' lang='lat' dir='ltr'><strong>est</strong></span> <span class='ocrx_word' id='word_1_363' title='bbox 2204 1737 2359 1788; x_wconf 84' lang='lat' dir='ltr'><strong>locus</strong></span> 
     </span>
     <span class='ocr_line' id='line_1_70' title="bbox 1324 1803 2359 1853; baseline 0.001 -1"><span class='ocrx_word' id='word_1_364' title='bbox 1324 1803 1448 1853; x_wconf 88' lang='lat' dir='ltr'><strong>iste:</strong></span> <span class='ocrx_word' id='word_1_365' title='bbox 1475 1819 1599 1852; x_wconf 85' lang='lat' dir='ltr'><strong>vere</strong></span> <span class='ocrx_word' id='word_1_366' title='bbox 1624 1805 1669 1853; x_wconf 94' lang='lat' dir='ltr'>N</span> <span class='ocrx_word' id='word_1_367' title='bbox 1674 1819 1741 1852; x_wconf 90' lang='lat' dir='ltr'><strong>on</strong></span> <span class='ocrx_word' id='word_1_368' title='bbox 1767 1811 1846 1852; x_wconf 91' lang='lat' dir='ltr'><strong>est</strong></span> <span class='ocrx_word' id='word_1_369' title='bbox 1868 1804 1955 1853; x_wconf 92' lang='lat' dir='ltr'><strong>hic</strong></span> <span class='ocrx_word' id='word_1_370' title='bbox 1977 1804 2123 1852; x_wconf 90' lang='lat' dir='ltr'><strong>aliud</strong></span> <span class='ocrx_word' id='word_1_371' title='bbox 2146 1805 2249 1853; x_wconf 90' lang='lat' dir='ltr'><strong>nisi</strong></span> <span class='ocrx_word' id='word_1_372' title='bbox 2268 1804 2359 1853; x_wconf 90' lang='lat' dir='ltr'><strong>do·</strong></span> 
     </span>
     <span class='ocr_line' id='line_1_71' title="bbox 1324 1868 2359 1934; baseline 0.002 -15"><span class='ocrx_word' id='word_1_373' title='bbox 1324 1886 1439 1919; x_wconf 88' lang='lat' dir='ltr'><strong>mus</strong></span> <span class='ocrx_word' id='word_1_374' title='bbox 1481 1870 1583 1919; x_wconf 89' lang='lat' dir='ltr'><strong>Dei</strong></span> <span class='ocrx_word' id='word_1_375' title='bbox 1624 1875 1677 1918; x_wconf 89' lang='lat' dir='ltr'><strong>ct</strong></span> <span class='ocrx_word' id='word_1_376' title='bbox 1714 1876 1867 1934; x_wconf 87' lang='lat' dir='ltr'><strong>porta</strong></span> <span class='ocrx_word' id='word_1_377' title='bbox 1900 1870 2035 1919; x_wconf 86' lang='lat' dir='ltr'><strong>coeli.</strong></span> <span class='ocrx_word' id='word_1_378' title='bbox 2071 1868 2140 1918; x_wconf 76' lang='lat' dir='ltr'><strong>In</strong></span> <span class='ocrx_word' id='word_1_379' title='bbox 2173 1868 2359 1921; x_wconf 72' lang='lat' dir='ltr'><strong>Pasch-</strong></span> 
     </span>
     <span class='ocr_line' id='line_1_72' title="bbox 1334 1934 2361 2001; baseline 0.001 -17"><span class='ocrx_word' id='word_1_380' title='bbox 1334 1934 1505 1999; x_wconf 82' lang='lat' dir='ltr'><strong>Temp.</strong></span> <span class='ocrx_word' id='word_1_381' title='bbox 1533 1934 1805 2001; x_wconf 60' lang='lat' dir='ltr'><strong>[additur-k</strong></span> <span class='ocrx_word' id='word_1_382' title='bbox 1833 1935 2060 2000; x_wconf 85' lang='lat' dir='ltr'><strong>alleluja.</strong></span> <span class='ocrx_word' id='word_1_383' title='bbox 2102 1935 2166 1988; x_wconf 67' lang='lat' dir='ltr'><strong>V.</strong></span> <span class='ocrx_word' id='word_1_384' title='bbox 2200 1936 2361 1985; x_wconf 84' lang='lat' dir='ltr'><strong>Mane</strong></span> 
     </span>
     <span class='ocr_line' id='line_1_73' title="bbox 1325 1999 2358 2066; baseline -0.001 -15"><span class='ocrx_word' id='word_1_385' title='bbox 1325 2017 1547 2066; x_wconf 86' lang='lat' dir='ltr'><strong>surgens</strong></span> <span class='ocrx_word' id='word_1_386' title='bbox 1581 2000 1772 2063; x_wconf 82' lang='lat' dir='ltr'><strong>Jacob,</strong></span> <span class='ocrx_word' id='word_1_387' title='bbox 1814 2008 1995 2050; x_wconf 82' lang='lat' dir='ltr'><strong>votum</strong></span> <span class='ocrx_word' id='word_1_388' title='bbox 2034 2003 2185 2050; x_wconf 83' lang='lat' dir='ltr'><strong>vovit</strong></span> <span class='ocrx_word' id='word_1_389' title='bbox 2217 1999 2358 2065; x_wconf 80' lang='lat' dir='ltr'><strong>D‘fio,</strong></span> 
     </span>
     <span class='ocr_line' id='line_1_74' title="bbox 1325 2065 2357 2132; baseline 0.001 -16"><span class='ocrx_word' id='word_1_390' title='bbox 1325 2073 1377 2116; x_wconf 89' lang='lat' dir='ltr'><strong>et</strong></span> <span class='ocrx_word' id='word_1_391' title='bbox 1401 2066 1557 2115; x_wconf 84' lang='lat' dir='ltr'><strong>dixit:</strong></span> <span class='ocrx_word' id='word_1_392' title='bbox 1596 2067 1712 2116; x_wconf 93' lang='lat' dir='ltr'><strong>Non</strong></span> <span class='ocrx_word' id='word_1_393' title='bbox 1739 2072 1818 2116; x_wconf 89' lang='lat' dir='ltr'><strong>est</strong></span> <span class='ocrx_word' id='word_1_394' title='bbox 1839 2068 1926 2116; x_wconf 91' lang='lat' dir='ltr'><strong>hic</strong></span> <span class='ocrx_word' id='word_1_395' title='bbox 1949 2067 2093 2116; x_wconf 83' lang='lat' dir='ltr'><strong>aliud</strong></span> <span class='ocrx_word' id='word_1_396' title='bbox 2116 2068 2219 2116; x_wconf 90' lang='lat' dir='ltr'><strong>nisi</strong></span> <span class='ocrx_word' id='word_1_397' title='bbox 2247 2065 2357 2132; x_wconf 91' lang='lat' dir='ltr'><strong>[do-</strong></span> 
     </span>
     <span class='ocr_line' id='line_1_75' title="bbox 1323 2130 2362 2197; baseline 0 -15"><span class='ocrx_word' id='word_1_398' title='bbox 1323 2149 1437 2182; x_wconf 91' lang='lat' dir='ltr'><strong>mus</strong></span> <span class='ocrx_word' id='word_1_399' title='bbox 1457 2133 1559 2181; x_wconf 91' lang='lat' dir='ltr'><strong>Dei</strong></span> <span class='ocrx_word' id='word_1_400' title='bbox 1588 2139 1638 2181; x_wconf 88' lang='lat' dir='ltr'><strong>et</strong></span> <span class='ocrx_word' id='word_1_401' title='bbox 1661 2140 1813 2197; x_wconf 87' lang='lat' dir='ltr'><strong>porta</strong></span> <span class='ocrx_word' id='word_1_402' title='bbox 1834 2133 1965 2182; x_wconf 88' lang='lat' dir='ltr'><strong>coeli.</strong></span> <span class='ocrx_word' id='word_1_403' title='bbox 1991 2132 2061 2182; x_wconf 79' lang='lat' dir='ltr'><strong>In</strong></span> <span class='ocrx_word' id='word_1_404' title='bbox 2083 2130 2148 2182; x_wconf 90' lang='lat' dir='ltr'><strong>P.</strong></span> <span class='ocrx_word' id='word_1_405' title='bbox 2185 2132 2240 2181; x_wconf 89' lang='lat' dir='ltr'><strong>T.</strong></span> <span class='ocrx_word' id='word_1_406' title='bbox 2268 2132 2362 2182; x_wconf 79' lang='lat' dir='ltr'><strong>ad·</strong></span> 
     </span>
     <span class='ocr_line' id='line_1_76' title="bbox 1326 2196 2359 2264; baseline -0.001 -14"><span class='ocrx_word' id='word_1_407' title='bbox 1326 2199 1489 2260; x_wconf 60' lang='lat' dir='ltr'><strong>ditum</strong></span> <span class='ocrx_word' id='word_1_408' title='bbox 1516 2196 1672 2264; x_wconf 81' lang='lat' dir='ltr'><strong>all&#39;a].</strong></span> <span class='ocrx_word' id='word_1_409' title='bbox 2148 2196 2268 2249; x_wconf 80' lang='lat' dir='ltr'><strong>Leo.</strong></span> <span class='ocrx_word' id='word_1_410' title='bbox 2292 2197 2359 2264; x_wconf 63' lang='grc' dir='ltr'><strong>τῇ.</strong></span> 
     </span>
    </p>

    <p class='ocr_par' dir='ltr' id='par_1_17' title="bbox 1324 2264 2361 3898">
     <span class='ocr_line' id='line_1_77' title="bbox 1427 2264 2359 2326; baseline 0.002 -14"><span class='ocrx_word' id='word_1_411' title='bbox 1427 2278 1650 2313; x_wconf 71' lang='lat' dir='ltr'><strong>vnn-rm·</strong></span> <span class='ocrx_word' id='word_1_412' title='bbox 1681 2264 1783 2314; x_wconf 93' lang='lat' dir='ltr'><strong>hoc</strong></span> <span class='ocrx_word' id='word_1_413' title='bbox 1815 2266 1962 2314; x_wconf 88' lang='lat' dir='ltr'><strong>Deus</strong></span> <span class='ocrx_word' id='word_1_414' title='bbox 1987 2280 2018 2314; x_wconf 89' lang='lat' dir='ltr'><strong>a</strong></span> <span class='ocrx_word' id='word_1_415' title='bbox 2054 2264 2223 2326; x_wconf 89' lang='lat' dir='ltr'><strong>nobis,</strong></span> <span class='ocrx_word' id='word_1_416' title='bbox 2257 2265 2359 2314; x_wconf 84' lang='lat' dir='ltr'><strong>fra-</strong></span> 
     </span>
     <span class='ocr_line' id='line_1_78' title="bbox 1443 2331 2360 2393; baseline 0.002 -15"><span class='ocrx_word' id='word_1_417' title='bbox 1443 2338 1549 2379; x_wconf 89' lang='lat' dir='ltr'><strong>tres</strong></span> <span class='ocrx_word' id='word_1_418' title='bbox 1585 2331 1890 2393; x_wconf 86' lang='lat' dir='ltr'><strong>charissimi,</strong></span> <span class='ocrx_word' id='word_1_419' title='bbox 1927 2337 1978 2380; x_wconf 86' lang='lat' dir='ltr'><strong>et</strong></span> <span class='ocrx_word' id='word_1_420' title='bbox 2014 2331 2269 2380; x_wconf 88' lang='lat' dir='ltr'><strong>concedat</strong></span> <span class='ocrx_word' id='word_1_421' title='bbox 2302 2336 2360 2380; x_wconf 85' lang='lat' dir='ltr'><strong>ut</strong></span> 
     </span>
     <span class='ocr_line' id='line_1_79' title="bbox 1327 2396 2358 2460; baseline 0.001 -15"><span class='ocrx_word' id='word_1_422' title='bbox 1327 2397 1466 2445; x_wconf 86' lang='lat' dir='ltr'><strong>mala</strong></span> <span class='ocrx_word' id='word_1_423' title='bbox 1488 2399 1593 2446; x_wconf 85' lang='lat' dir='ltr'><strong>ista</strong></span> <span class='ocrx_word' id='word_1_424' title='bbox 1616 2402 1705 2445; x_wconf 91' lang='lat' dir='ltr'><strong>aut</strong></span> <span class='ocrx_word' id='word_1_425' title='bbox 1728 2412 1995 2460; x_wconf 88' lang='lat' dir='ltr'><strong>nunquam</strong></span> <span class='ocrx_word' id='word_1_426' title='bbox 2018 2397 2241 2446; x_wconf 80' lang='lat' dir='ltr'><strong>velimus</strong></span> <span class='ocrx_word' id='word_1_427' title='bbox 2267 2396 2358 2445; x_wconf 87' lang='lat' dir='ltr'><strong>ad-</strong></span> 
     </span>
     <span class='ocr_line' id='line_1_80' title="bbox 1327 2462 2360 2525; baseline 0.002 -15"><span class='ocrx_word' id='word_1_428' title='bbox 1327 2464 1549 2525; x_wconf 87' lang='lat' dir='ltr'><strong>mittere,</strong></span> <span class='ocrx_word' id='word_1_429' title='bbox 1575 2469 1678 2525; x_wconf 87' lang='lat' dir='ltr'><strong>aut,</strong></span> <span class='ocrx_word' id='word_1_430' title='bbox 1707 2464 1752 2512; x_wconf 91' lang='lat' dir='ltr'><strong>si</strong></span> <span class='ocrx_word' id='word_1_431' title='bbox 1771 2462 1998 2512; x_wconf 85' lang='lat' dir='ltr'><strong>admissa</strong></span> <span class='ocrx_word' id='word_1_432' title='bbox 2015 2463 2223 2525; x_wconf 83' lang='lat' dir='ltr'><strong>fuerint,</strong></span> <span class='ocrx_word' id='word_1_433' title='bbox 2244 2464 2360 2512; x_wconf 83' lang='lat' dir='ltr'><strong>sine</strong></span> 
     </span>
     <span class='ocr_line' id='line_1_81' title="bbox 1327 2527 2359 2593; baseline 0.002 -16"><span class='ocrx_word' id='word_1_434' title='bbox 1327 2527 1439 2577; x_wconf 85' lang='lat' dir='ltr'><strong>ulla</strong></span> <span class='ocrx_word' id='word_1_435' title='bbox 1471 2534 1618 2578; x_wconf 84' lang='lat' dir='ltr'><strong>mo&#39;ra</strong></span> <span class='ocrx_word' id='word_1_436' title='bbox 1652 2529 1960 2593; x_wconf 66' lang='lat' dir='ltr'><strong>poenitentia</strong></span> <span class='ocrx_word' id='word_1_437' title='bbox 1986 2529 2071 2577; x_wconf 82' lang='lat' dir='ltr'><strong>vel</strong></span> <span class='ocrx_word' id='word_1_438' title='bbox 2095 2544 2226 2593; x_wconf 90' lang='lat' dir='ltr'><strong>pace</strong></span> <span class='ocrx_word' id='word_1_439' title='bbox 2250 2534 2359 2579; x_wconf 82' lang='lat' dir='ltr'><strong>stu·</strong></span> 
     </span>
     <span class='ocr_line' id='line_1_82' title="bbox 1329 2593 2358 2657; baseline 0.002 -15"><span class='ocrx_word' id='word_1_440' title='bbox 1329 2593 1545 2643; x_wconf 85' lang='lat' dir='ltr'><strong>deamus</strong></span> <span class='ocrx_word' id='word_1_441' title='bbox 1572 2609 1773 2657; x_wconf 85' lang='lat' dir='ltr'><strong>sanare,</strong></span> <span class='ocrx_word' id='word_1_442' title='bbox 1808 2601 1859 2643; x_wconf 92' lang='lat' dir='ltr'><strong>et</strong></span> <span class='ocrx_word' id='word_1_443' title='bbox 1880 2595 1959 2644; x_wconf 87' lang='lat' dir='ltr'><strong>lar</strong></span> <span class='ocrx_word' id='word_1_444' title='bbox 1998 2595 2198 2644; x_wconf 88' lang='lat' dir='ltr'><strong>ioribus</strong></span> <span class='ocrx_word' id='word_1_445' title='bbox 2224 2594 2358 2644; x_wconf 87' lang='lat' dir='ltr'><strong>elee-</strong></span> 
     </span>
     <span class='ocr_line' id='line_1_83' title="bbox 1327 2660 2360 2725; baseline 0 -16"><span class='ocrx_word' id='word_1_446' title='bbox 1327 2661 1566 2725; x_wconf 85' lang='lat' dir='ltr'><strong>mosynis</strong></span> <span class='ocrx_word' id='word_1_447' title='bbox 1590 2661 1895 2710; x_wconf 84' lang='lat' dir='ltr'><strong>festinemus</strong></span> <span class='ocrx_word' id='word_1_448' title='bbox 1915 2660 1980 2710; x_wconf 88' lang='lat' dir='ltr'><strong>ab</strong></span> <span class='ocrx_word' id='word_1_449' title='bbox 2002 2675 2141 2709; x_wconf 86' lang='lat' dir='ltr'><strong>uere.</strong></span> <span class='ocrx_word' id='word_1_450' title='bbox 2165 2661 2241 2710; x_wconf 90' lang='lat' dir='ltr'><strong>Ne</strong></span> <span class='ocrx_word' id='word_1_451' title='bbox 2255 2660 2360 2709; x_wconf 83' lang='lat' dir='ltr'><strong>for-</strong></span> 
     </span>
     <span class='ocr_line' id='line_1_84' title="bbox 1328 2726 2359 2791; baseline 0 -16"><span class='ocrx_word' id='word_1_452' title='bbox 1328 2732 1396 2789; x_wconf 88' lang='lat' dir='ltr'><strong>te,</strong></span> <span class='ocrx_word' id='word_1_453' title='bbox 1432 2727 1478 2775; x_wconf 92' lang='lat' dir='ltr'><strong>si</strong></span> <span class='ocrx_word' id='word_1_454' title='bbox 1523 2742 1639 2775; x_wconf 91' lang='lat' dir='ltr'><strong>cum</strong></span> <span class='ocrx_word' id='word_1_455' title='bbox 1680 2734 2013 2791; x_wconf 86' lang='lat' dir='ltr'><strong>peccatorum</strong></span> <span class='ocrx_word' id='word_1_456' title='bbox 2053 2726 2359 2775; x_wconf 76' lang='lat' dir='ltr'><strong>vulneribus</strong></span> 
     </span>
     <span class='ocr_line' id='line_1_85' title="bbox 1329 2791 2360 2841; baseline 0 0"><span class='ocrx_word' id='word_1_457' title='bbox 1329 2798 1451 2841; x_wconf 87' lang='lat' dir='ltr'><strong>ante</strong></span> <span class='ocrx_word' id='word_1_458' title='bbox 1476 2792 1704 2841; x_wconf 87' lang='lat' dir='ltr'><strong>tribunal</strong></span> <span class='ocrx_word' id='word_1_459' title='bbox 1729 2794 1907 2841; x_wconf 83' lang='lat' dir='ltr'><strong>aeterni</strong></span> <span class='ocrx_word' id='word_1_460' title='bbox 1923 2791 2132 2841; x_wconf 83' lang='lat' dir='ltr'><strong>Judicis</strong></span> <span class='ocrx_word' id='word_1_461' title='bbox 2156 2793 2360 2841; x_wconf 83' lang='lat' dir='ltr'><strong>veneri·</strong></span> 
     </span>
     <span class='ocr_line' id='line_1_86' title="bbox 1326 2857 2359 2921; baseline 0.001 -14"><span class='ocrx_word' id='word_1_462' title='bbox 1326 2874 1460 2920; x_wconf 78' lang='lat' dir='ltr'><strong>muS,</strong></span> <span class='ocrx_word' id='word_1_463' title='bbox 1498 2858 1564 2908; x_wconf 90' lang='lat' dir='ltr'><strong>ab</strong></span> <span class='ocrx_word' id='word_1_464' title='bbox 1590 2858 1682 2906; x_wconf 90' lang='lat' dir='ltr'><strong>illa</strong></span> <span class='ocrx_word' id='word_1_465' title='bbox 1716 2864 1908 2907; x_wconf 84' lang='lat' dir='ltr'><strong>aeterna</strong></span> <span class='ocrx_word' id='word_1_466' title='bbox 1930 2858 2184 2921; x_wconf 87' lang='lat' dir='ltr'><strong>Ecclesia,</strong></span> <span class='ocrx_word' id='word_1_467' title='bbox 2217 2864 2268 2906; x_wconf 93' lang='lat' dir='ltr'><strong>et</strong></span> <span class='ocrx_word' id='word_1_468' title='bbox 2292 2857 2359 2908; x_wconf 86' lang='lat' dir='ltr'><strong>ab</strong></span> 
     </span>
     <span class='ocr_line' id='line_1_87' title="bbox 1327 2923 2360 2988; baseline -0.001 -15"><span class='ocrx_word' id='word_1_469' title='bbox 1327 2923 1421 2973; x_wconf 89' lang='lat' dir='ltr'><strong>illa</strong></span> <span class='ocrx_word' id='word_1_470' title='bbox 1455 2923 1597 2974; x_wconf 89' lang='lat' dir='ltr'><strong>bona</strong></span> <span class='ocrx_word' id='word_1_471' title='bbox 1630 2923 1831 2973; x_wconf 88' lang='lat' dir='ltr'><strong>coelesti</strong></span> <span class='ocrx_word' id='word_1_472' title='bbox 1862 2923 2208 2987; x_wconf 85' lang='lat' dir='ltr'><strong>Hjerusalem,</strong></span> <span class='ocrx_word' id='word_1_473' title='bbox 2242 2940 2360 2988; x_wconf 91' lang='lat' dir='ltr'><strong>per-</strong></span> 
     </span>
     <span class='ocr_line' id='line_1_88' title="bbox 1367 2990 2359 3056; baseline 0.001 -18"><span class='ocrx_word' id='word_1_474' title='bbox 1367 2995 1487 3038; x_wconf 87' lang='lat' dir='ltr'><strong>etua</strong></span> <span class='ocrx_word' id='word_1_475' title='bbox 1500 2990 2036 3039; x_wconf 86' lang='lat' dir='ltr'><strong>excommunicatione</strong></span> <span class='ocrx_word' id='word_1_476' title='bbox 2047 3005 2359 3056; x_wconf 89' lang='lat' dir='ltr'><strong>separemur.</strong></span> 
     </span>
     <span class='ocr_line' id='line_1_89' title="bbox 1327 3006 2360 3121; baseline 0 -17"><span class='ocrx_word' id='word_1_477' title='bbox 1327 3006 1460 3104; x_wconf 50' lang='lat' dir='ltr'><strong>haec</strong></span> <span class='ocrx_word' id='word_1_478' title='bbox 1484 3071 1606 3120; x_wconf 87' lang='lat' dir='ltr'><strong>ergo</strong></span> <span class='ocrx_word' id='word_1_479' title='bbox 1628 3056 1936 3121; x_wconf 86' lang='lat' dir='ltr'><strong>cogitantes,</strong></span> <span class='ocrx_word' id='word_1_480' title='bbox 1960 3057 2143 3106; x_wconf 86' lang='lat' dir='ltr'><strong>fratres</strong></span> <span class='ocrx_word' id='word_1_481' title='bbox 2164 3056 2360 3105; x_wconf 82' lang='lat' dir='ltr'><strong>charis-</strong></span> 
     </span>
     <span class='ocr_line' id='line_1_90' title="bbox 1329 3122 2361 3184; baseline -0.001 -13"><span class='ocrx_word' id='word_1_482' title='bbox 1329 3122 1462 3182; x_wconf 91' lang='lat' dir='ltr'><strong>simi,</strong></span> <span class='ocrx_word' id='word_1_483' title='bbox 1487 3128 1594 3170; x_wconf 87' lang='lat' dir='ltr'><strong>tam</strong></span> <span class='ocrx_word' id='word_1_484' title='bbox 1619 3122 1765 3182; x_wconf 88' lang='lat' dir='ltr'><strong>casti,</strong></span> <span class='ocrx_word' id='word_1_485' title='bbox 1790 3128 1842 3171; x_wconf 89' lang='lat' dir='ltr'><strong>et</strong></span> <span class='ocrx_word' id='word_1_486' title='bbox 1858 3128 1962 3171; x_wconf 87' lang='lat' dir='ltr'><strong>tam</strong></span> <span class='ocrx_word' id='word_1_487' title='bbox 1983 3122 2160 3184; x_wconf 89' lang='lat' dir='ltr'><strong>sobrii,</strong></span> <span class='ocrx_word' id='word_1_488' title='bbox 2187 3127 2237 3171; x_wconf 90' lang='lat' dir='ltr'><strong>et</strong></span> <span class='ocrx_word' id='word_1_489' title='bbox 2253 3128 2361 3171; x_wconf 89' lang='lat' dir='ltr'><strong>tam</strong></span> 
     </span>
     <span class='ocr_line' id='line_1_91' title="bbox 1328 3188 2356 3252; baseline 0.001 -17"><span class='ocrx_word' id='word_1_490' title='bbox 1328 3188 1551 3252; x_wconf 88' lang='lat' dir='ltr'><strong>pacifici,</strong></span> <span class='ocrx_word' id='word_1_491' title='bbox 1589 3188 1654 3236; x_wconf 89' lang='lat' dir='ltr'><strong>ad</strong></span> <span class='ocrx_word' id='word_1_492' title='bbox 1689 3188 1830 3237; x_wconf 87' lang='lat' dir='ltr'><strong>istud</strong></span> <span class='ocrx_word' id='word_1_493' title='bbox 1863 3188 2029 3237; x_wconf 85' lang='lat' dir='ltr'><strong>altare</strong></span> <span class='ocrx_word' id='word_1_494' title='bbox 2053 3188 2356 3237; x_wconf 83' lang='lat' dir='ltr'><strong>studeamus</strong></span> 
     </span>
     <span class='ocr_line' id='line_1_92' title="bbox 1330 3252 2360 3316; baseline -0.001 -15"><span class='ocrx_word' id='word_1_495' title='bbox 1330 3253 1592 3316; x_wconf 83' lang='lat' dir='ltr'><strong>accedere,</strong></span> <span class='ocrx_word' id='word_1_496' title='bbox 1632 3257 1691 3302; x_wconf 92' lang='lat' dir='ltr'><strong>ut</strong></span> <span class='ocrx_word' id='word_1_497' title='bbox 1731 3253 1797 3303; x_wconf 86' lang='lat' dir='ltr'><strong>ab</strong></span> <span class='ocrx_word' id='word_1_498' title='bbox 1841 3254 1933 3303; x_wconf 92' lang='lat' dir='ltr'><strong>illo</strong></span> <span class='ocrx_word' id='word_1_499' title='bbox 1976 3261 2166 3303; x_wconf 83' lang='lat' dir='ltr'><strong>aeterno</strong></span> <span class='ocrx_word' id='word_1_500' title='bbox 2208 3252 2360 3301; x_wconf 84' lang='lat' dir='ltr'><strong>altari</strong></span> 
     </span>
     <span class='ocr_line' id='line_1_93' title="bbox 1327 3318 2359 3379; baseline -0.002 -11"><span class='ocrx_word' id='word_1_501' title='bbox 1327 3335 1437 3368; x_wconf 90' lang='lat' dir='ltr'><strong>non</strong></span> <span class='ocrx_word' id='word_1_502' title='bbox 1478 3335 1769 3369; x_wconf 84' lang='lat' dir='ltr'><strong>mereamur</strong></span> <span class='ocrx_word' id='word_1_503' title='bbox 1810 3320 2032 3369; x_wconf 85' lang='lat' dir='ltr'><strong>excludi.</strong></span> <span class='ocrx_word' id='word_1_504' title='bbox 2077 3318 2177 3379; x_wconf 85' lang='lat' dir='ltr'><strong>Qui</strong></span> <span class='ocrx_word' id='word_1_505' title='bbox 2219 3318 2359 3366; x_wconf 89' lang='lat' dir='ltr'><strong>enim</strong></span> 
     </span>
     <span class='ocr_line' id='line_1_94' title="bbox 1327 3385 2360 3447; baseline -0.003 -13"><span class='ocrx_word' id='word_1_506' title='bbox 1327 3386 1397 3434; x_wconf 84' lang='lat' dir='ltr'><strong>ad</strong></span> <span class='ocrx_word' id='word_1_507' title='bbox 1439 3385 1582 3434; x_wconf 88' lang='lat' dir='ltr'><strong>istud</strong></span> <span class='ocrx_word' id='word_1_508' title='bbox 1627 3386 1790 3435; x_wconf 86' lang='lat' dir='ltr'><strong>altare</strong></span> <span class='ocrx_word' id='word_1_509' title='bbox 1847 3393 1991 3436; x_wconf 87' lang='lat' dir='ltr'><strong>casto</strong></span> <span class='ocrx_word' id='word_1_510' title='bbox 2041 3399 2257 3447; x_wconf 88' lang='lat' dir='ltr'><strong>corpore</strong></span> <span class='ocrx_word' id='word_1_511' title='bbox 2307 3387 2360 3431; x_wconf 89' lang='lat' dir='ltr'><strong>et</strong></span> 
     </span>
     <span class='ocr_line' id='line_1_95' title="bbox 1327 3449 2356 3501; baseline -0.003 -1"><span class='ocrx_word' id='word_1_512' title='bbox 1327 3451 1523 3500; x_wconf 91' lang='lat' dir='ltr'><strong>mundo</strong></span> <span class='ocrx_word' id='word_1_513' title='bbox 1550 3451 1705 3500; x_wconf 87' lang='lat' dir='ltr'><strong>corde</strong></span> <span class='ocrx_word' id='word_1_514' title='bbox 1731 3467 1849 3501; x_wconf 91' lang='lat' dir='ltr'><strong>cum</strong></span> <span class='ocrx_word' id='word_1_515' title='bbox 1872 3466 2058 3501; x_wconf 87' lang='lat' dir='ltr'><strong>secura</strong></span> <span class='ocrx_word' id='word_1_516' title='bbox 2082 3449 2356 3498; x_wconf 89' lang='lat' dir='ltr'><strong>conscien-</strong></span> 
     </span>
     <span class='ocr_line' id='line_1_96' title="bbox 1326 3514 2358 3579; baseline -0.002 -13"><span class='ocrx_word' id='word_1_517' title='bbox 1326 3518 1402 3566; x_wconf 88' lang='lat' dir='ltr'><strong>tia</strong></span> <span class='ocrx_word' id='word_1_518' title='bbox 1433 3518 1651 3579; x_wconf 80' lang='lat' dir='ltr'><strong>venerit,</strong></span> <span class='ocrx_word' id='word_1_519' title='bbox 1689 3517 1755 3566; x_wconf 85' lang='lat' dir='ltr'><strong>ad</strong></span> <span class='ocrx_word' id='word_1_520' title='bbox 1786 3517 1919 3566; x_wconf 91' lang='lat' dir='ltr'><strong>illud</strong></span> <span class='ocrx_word' id='word_1_521' title='bbox 1952 3516 2112 3565; x_wconf 87' lang='lat' dir='ltr'><strong>altare</strong></span> <span class='ocrx_word' id='word_1_522' title='bbox 2137 3514 2278 3578; x_wconf 89' lang='lat' dir='ltr'><strong>quod</strong></span> <span class='ocrx_word' id='word_1_523' title='bbox 2299 3514 2358 3564; x_wconf 87' lang='lat' dir='ltr'><strong>in</strong></span> 
     </span>
     <span class='ocr_line' id='line_1_97' title="bbox 1329 3582 2358 3647; baseline -0.005 -14"><span class='ocrx_word' id='word_1_524' title='bbox 1329 3583 1476 3633; x_wconf 88' lang='lat' dir='ltr'><strong>coelis</strong></span> <span class='ocrx_word' id='word_1_525' title='bbox 1503 3589 1582 3632; x_wconf 90' lang='lat' dir='ltr'><strong>est</strong></span> <span class='ocrx_word' id='word_1_526' title='bbox 1604 3583 1744 3633; x_wconf 85' lang='lat' dir='ltr'><strong>felici</strong></span> <span class='ocrx_word' id='word_1_527' title='bbox 1766 3582 2222 3647; x_wconf 82' lang='lat' dir='ltr'><strong>transmigratione</strong></span> <span class='ocrx_word' id='word_1_528' title='bbox 2241 3594 2358 3645; x_wconf 88' lang='lat' dir='ltr'><strong>per·</strong></span> 
     </span>
     <span class='ocr_line' id='line_1_98' title="bbox 1325 3646 2359 3710; baseline -0.001 -12"><span class='ocrx_word' id='word_1_529' title='bbox 1325 3650 1530 3710; x_wconf 78' lang='lat' dir='ltr'><strong>veniet3</strong></span> <span class='ocrx_word' id='word_1_530' title='bbox 1555 3650 1839 3698; x_wconf 84' lang='lat' dir='ltr'><strong>Praestante</strong></span> <span class='ocrx_word' id='word_1_531' title='bbox 1863 3647 1983 3698; x_wconf 75' lang='lat' dir='ltr'><strong>D‘r‘io</strong></span> <span class='ocrx_word' id='word_1_532' title='bbox 2009 3646 2199 3696; x_wconf 87' lang='lat' dir='ltr'><strong>Nostro</strong></span> <span class='ocrx_word' id='word_1_533' title='bbox 2223 3647 2260 3696; x_wconf 84' lang='lat' dir='ltr'><strong>J</strong></span> <span class='ocrx_word' id='word_1_534' title='bbox 2264 3660 2359 3697; x_wconf 88' lang='lat' dir='ltr'><strong>esu</strong></span> 
     </span>
     <span class='ocr_line' id='line_1_99' title="bbox 1329 3713 2359 3778; baseline -0.002 -14"><span class='ocrx_word' id='word_1_535' title='bbox 1329 3714 1566 3776; x_wconf 79' lang='lat' dir='ltr'><strong>Christ03</strong></span> <span class='ocrx_word' id='word_1_536' title='bbox 1611 3714 1712 3775; x_wconf 85' lang='lat' dir='ltr'><strong>Qui</strong></span> <span class='ocrx_word' id='word_1_537' title='bbox 1746 3730 1865 3764; x_wconf 83' lang='lat' dir='ltr'><strong>cum</strong></span> <span class='ocrx_word' id='word_1_538' title='bbox 1895 3714 2051 3763; x_wconf 87' lang='lat' dir='ltr'><strong>Patre</strong></span> <span class='ocrx_word' id='word_1_539' title='bbox 2085 3719 2136 3762; x_wconf 91' lang='lat' dir='ltr'><strong>et</strong></span> <span class='ocrx_word' id='word_1_540' title='bbox 2161 3713 2359 3778; x_wconf 82' lang='lat' dir='ltr'><strong>Spiritu</strong></span> 
     </span>
     <span class='ocr_line' id='line_1_100' title="bbox 1324 3780 2359 3846; baseline 0.001 -16"><span class='ocrx_word' id='word_1_541' title='bbox 1324 3781 1522 3831; x_wconf 85' lang='lat' dir='ltr'><strong>Sancto</strong></span> <span class='ocrx_word' id='word_1_542' title='bbox 1565 3781 1700 3829; x_wconf 82' lang='lat' dir='ltr'><strong>vivit</strong></span> <span class='ocrx_word' id='word_1_543' title='bbox 1740 3787 1792 3829; x_wconf 90' lang='lat' dir='ltr'><strong>et</strong></span> <span class='ocrx_word' id='word_1_544' title='bbox 1829 3784 2016 3846; x_wconf 83' lang='lat' dir='ltr'><strong>regnat</strong></span> <span class='ocrx_word' id='word_1_545' title='bbox 2057 3780 2221 3843; x_wconf 88' lang='lat' dir='ltr'><strong>Deus,</strong></span> <span class='ocrx_word' id='word_1_546' title='bbox 2264 3793 2359 3845; x_wconf 82' lang='lat' dir='ltr'><strong>pet</strong></span> 
     </span>
     <span class='ocr_line' id='line_1_101' title="bbox 1324 3845 2278 3898; baseline -0.003 0"><span class='ocrx_word' id='word_1_547' title='bbox 1324 3849 1502 3898; x_wconf 90' lang='lat' dir='ltr'><strong>omnia</strong></span> <span class='ocrx_word' id='word_1_548' title='bbox 1524 3846 1722 3898; x_wconf 73' lang='lat' dir='ltr'><strong>saecula</strong></span> <span class='ocrx_word' id='word_1_549' title='bbox 1743 3845 2070 3897; x_wconf 79' lang='lat' dir='ltr'><strong>saeculorum.</strong></span> <span class='ocrx_word' id='word_1_550' title='bbox 2094 3846 2278 3896; x_wconf 86' lang='lat' dir='ltr'><strong>Amen.</strong></span> 
     </span>
    </p>
   </div>
  </div>
 </body>
</html>
