2910 4457
954 359 1028 398 n>
1069 359 1393 401 annulus.

204 468 476 529 Interrupit
503 481 643 519 mare
670 470 719 520 et
748 470 980 530 perduxit
1006 483 1123 521 eos:

149 536 188 579 ct
202 531 369 579 statuit
385 544 544 591 aquas
558 534 706 591 quasi
721 532 774 581 in
791 538 920 582 utre.

200 592 260 642 Et
272 594 476 642 deduxit
491 607 572 642 eos
588 594 642 642 in
661 596 793 643 nube
808 595 909 644 diei
928 608 940 644 ε
957 600 1006 646 et
1022 600 1124 644 tota

151 659 277 703 nocte
292 655 344 703 in
362 656 736 705 illuminatione
751 657 904 716 ignis.

200 717 473 776 Interrupit
510 724 700 777 petram
734 718 788 767 in
820 731 989 768 eremo
1023 732 1037 767 ε
1076 724 1126 768 et

149 777 356 838 adaquas·
364 780 402 827 it
416 791 501 827 eos
515 781 650 827 velut
679 780 732 827 in
749 782 926 841 abysso
942 782 1125 829 multa.

203 839 262 888 Et
278 842 449 889 eduxit
479 853 663 901 aquam
680 842 741 890 de
772 849 939 902 petra:
963 849 1012 892 et
1041 843 1128 892 de-

155 902 281 950 duxit
295 908 543 963 tanquam
561 903 773 952 flumina
790 917 968 965 aquas·

155 1022 164 1032 ⁸
202 964 260 1011 Et
273 971 616 1024 apposuerunt
641 965 805 1014 adbuc
832 978 1032 1025 peccare
1046 964 1091 1015 ei
1114 980 1128 1014 ι

152 1035 198 1073 ιη
225 1024 350 1074 iram
374 1028 754 1075 concitaverunt
774 1028 1039 1077 Excelsum
1074 1029 1128 1078 iu

153 1084 392 1146 inaquoso.

204 1148 262 1197 Et
278 1155 601 1199 tentaverunt
631 1150 793 1199 Deum
824 1151 879 1199 in
897 1150 1132 1199 cordibus

153 1210 247 1282 suis
276 1226 289 1259 :
320 1217 376 1260 ut
406 1218 634 1273 peterent
678 1224 818 1262 escas
863 1212 1132 1261 animabus

157 1283 264 1321 su1s.

206 1333 264 1383 Et
292 1335 421 1384 male
437 1333 595 1384 locuti
626 1340 746 1384 sunt
761 1335 823 1384 de
837 1336 972 1384 Deo:
1004 1335 1135 1385 dixe-

158 1401 279 1454 runt,
313 1397 563 1458 Nunquid
596 1399 774 1457 poterit
801 1398 941 1447 Deus
958 1410 1135 1458 parare

160 1468 363 1507 mensam
380 1459 434 1507 in
450 1461 681 1509 deserto?

209 1518 301 1578 Qui
345 1521 600 1580 percussit
641 1526 853 1581 petram,
901 1526 951 1569 et
987 1520 1135 1570 fluxe-

159 1586 260 1629 runt
302 1595 442 1643 aquae
482 1599 495 1632 ε

162 1649 355 1694 verunt:

208 1705 435 1766 Nunquid
473 1710 537 1755 et
568 1717 750 1764 panem
774 1704 954 1766 poterit
982 1706 1135 1756 dare:

157 1772 229 1812 aut
248 1780 413 1825 parare
434 1779 680 1816 mensam
696 1768 879 1827 populo
894 1770 1019 1816 suo?

206 1828 310 1877 Ideo
330 1825 558 1879 'audivit
591 1829 699 1877 Diis
738 1835 786 1877 et
820 1828 1049 1878 distulit:
1091 1832 1140 1877 et

545 1589 593 1632 et
630 1588 874 1632 torrentes
906 1583 1136 1631 inunda-

163 1886 277 1947 ignis
295 1903 540 1940 aecensuts
551 1897 629 1939 est
650 1890 704 1939 in
720 1891 890 1950 Jacob,
909 1896 957 1939 et
973 1891 1048 1939 ira
1065 1903 1161 1939 asa.

167 1951 305 1999 cendit
320 1952 371 2000 in
394 1955 575 2002 lsrae'l.

218 2012 337 2072 Quia
353 2028 450 2064 non
467 2013 797 2064 crediderunt
812 2012 865 2061 in
888 2013 991 2062 Deo
1010 2027 1023 2061 :
1048 2024 1140 2061 nec

170 2083 467 2132 speraverunt
488 2078 547 2125 in
574 2075 786 2123 salutari
808 2074 936 2135 ejus».

219 2135 275 2184 Et
293 2139 553 2188 mandavit
581 2136 803 2185 nubibus
822 2138 1036 2197 desuper
1056 2150 1070 2185 ι
1092 2140 1142 2184 et

172 2194 329 2255 januas
349 2201 455 2250 coeli
477 2198 702 2261 aperuit.

222 2259 277 2308 Et
305 2263 427 2321 pluit
462 2263 575 2312 illis
607 2274 797 2309 manna
830 2262 893 2310 ad
924 2261 1143 2309 mandu-

173 2323 363 2371 candum
383 2340 395 2374 ε
417 2331 465 2375 et
487 2336 677 2386 panem
701 2323 812 2373 coeli
831 2323 967 2372 dedit
988 2322 1077 2371 eis,

223 2382 396 2435 Panem
452 2385 763 2447 angelorum
820 2383 1145 2434 manducavit

173 2441 328 2553 ggmo:
363 2449 558 2498 cibaria
602 2446 743 2495 misit
776 2445 849 2496 eis
881 2446 937 2496 in
981 2448 1146 2495 abun-

227 2507 338 2558 ntia.

225 2567 491 2619 Transtulit
523 2570 783 2620 Austrum
815 2569 877 2618 de
907 2569 1060 2618 coelo:
1097 2573 1147 2618 et

176 2624 346 2678 induxit
366 2633 418 2680 in
442 2633 637 2681 virtute
657 2644 749 2680 sua
774 2631 1028 2680 Africum.

225 2690 282 2739 Et
302 2694 422 2753 pluit
443 2707 601 2755 super
625 2706 709 2742 eos
736 2693 868 2741 sicut
893 2694 1148 2752 pulverem

178 2761 357 2822 qni-nes:
379 2762 427 2804 et
447 2757 586 2804 sieut
600 2768 809 2804 arenam
832 2756 991 2804 maris
1012 2755 1149 2803 vola-

176 2812 263 2861 ulna
284 2823 515 2875 pennata.

226 2875 283 2924 Et
296 2879 583 2928 ceciderunt
603 2876 657 2925 in
680 2876 848 2926 medio
868 2883 1148 2927 castrorum

178 2945 329 2987 eorum
357 2956 369 2989 ε
391 2941 525 2989 eirca
552 2940 871 2987 tabernacula
893 2952 1087 2988 eorum.

224 2997 279 3047 Et
289 3003 744 3059 manducaverunt,
755 3001 1154 3050 etsaturatisunt

180 3057 341 3128 nimis,
374 3069 423 3111 et
446 3063 760 3113 desiderium
782 3075 955 3111 eorum
987 3065 1154 3113 attulit

181 3130 265 3169 ets:
280 3136 377 3172 non
389 3131 512 3173 sunt
523 3125 740 3173 fraudati
750 3137 780 3173 a
789 3124 1034 3174 desiderio
1043 3138 1152 3175 suo·

232 3182 411 3234 Adhuc
439 3199 564 3235 eseae
600 3198 773 3234 eorum
804 3193 949 3236 erant
986 3186 1040 3235 in
1071 3200 1156 3238 ore

181 3239 422 3301 ipsorum:
466 3255 516 3298 et
558 3247 635 3296 ira
678 3247 769 3297 Dei
810 3248 1034 3300 ascendit
1062 3262 1157 3298 su-

182 3314 257 3361 per
277 3321 378 3357 eOS.

234 3365 295 3416 Et
308 3369 488 3418 occidit
506 3369 720 3431 pingues
741 3382 913 3421 eorum
935 3385 948 3421 ε
970 3376 1019 3421 et
1034 3371 1160 3423 elee-

181 3429 249 3474 tos
268 3431 421 3480 Israel
443 3432 724 3491 impedivit.

239 3490 298 3537 ln
333 3492 577 3542 omnibus
602 3493 686 3544 his
715 3502 1042 3553 peecaverunt
1072 3497 1161 3545 ad-

2129 342 2211 424 oa

1220 472 1353 545 bue:
1375 476 1425 523 et
1446 485 1549 522 non
1571 472 1896 524 erediderunt
1924 472 1980 524 in
2001 474 2213 525 mirabi-

1222 534 1357 646 bbg?
1367 535 1654 647 (Ἡθῗέἆει-ῑιιιι
1677 597 1730 647 ln
1753 598 1973 647 vanitate
1995 598 2104 648 dim
2132 612 2217 648 eo-

1223 671 1339 706 rum
1353 665 1424 707 :et
1432 659 1742 709 annieorum
1752 673 1869 710 cum
1882 660 2216 711 festinatione.

1284 720 1416 769 cum
1470 721 1714 771 occideret
1764 735 1873 783 eos,
1929 724 2219 783 quaerebant

1223 793 1342 829 eum
1378 786 1427 830 et
1468 785 1882 834 revertebantur:
1921 792 1969 836 et
1996 786 2221 835 diluculo

1223 842 1493 891 veniebant
1514 844 1576 892 ad
1600 856 1738 892 eum.

1286 904 1350 952 Et
1373 904 1695 953 rememorati
1710 910 1831 953 sunt
1851 907 1970 966 quia
1984 908 2123 957 Deus
2136 909 2220 957 ad-

1221 965 1361 1027 jutor
1392 972 1469 1013 est
1499 979 1674 1014 eorum
1701 982 1714 1014 ε
1752 972 1801 1015 et
1829 968 1964 1016 Deus
1998 971 2222 1020 excelsus

1227 1029 1511 1086 redemptor
1533 1041 1709 1077 eorum
1732 1034 1824 1077 est.

1288 1089 1353 1138 Et
1372 1088 1655 1139 dilexerunt
1675 1103 1793 1140 eum
1824 1090 1878 1138 in
1901 1103 1987 1141 ore
2007 1103 2099 1142 suo
2124 1107 2136 1141 :
2169 1098 2220 1142 et

1228 1150 1297 1199 lin
1339 1164 1401 1199 ua
1424 1164 1517 1200 sua
1539 1152 1738 1201 mentiti
1754 1152 1952 1202 suntei.

1330 1227 1386 1261 or
1402 1220 1572 1262 autem
1590 1228 1765 1263 eorum
1787 1228 1885 1262 non
1903 1220 2009 1263 erat
2026 1219 2219 1264 rectum

1229 1287 1345 1323 cum
1378 1288 1435 1324 eo
1461 1291 1474 1323 ε
1506 1289 1598 1324 nec
1628 1277 1795 1326 fidelos
1827 1277 1983 1326 habiti
2015 1282 2137 1326 sunt
2166 1277 2220 1325 in

1229 1342 1526 1386 testamento
1547 1338 1676 1397 eius.

1291 1399 1404 1457 Ipse
1432 1404 1603 1447 autem
1626 1406 1701 1448 est
1732 1400 2019 1449 misericors
2040 1404 2088 1448 et
2109 1412 2225 1459 pro-

1231 1458 1388 1518 pitius
1418 1461 1504 1507 liet
1541 1462 1753 1519 peccatis
1775 1474 2001 1511 eorum:
2038 1467 2087 1508 et
2121 1474 2222 1509 non

1231 1521 1486 1579 disperdet
1507 1535 1607 1569 eos,

1295 1582 1359 1630 Et
1396 1581 1674 1631 abundavit
1710 1588 1767 1629 ut
1807 1588 2052 1632 averteret
2092 1582 2223 1631 iram

1231 1656 1411 1692 suam:
1434 1650 1484 1693 et
1506 1657 1606 1692 non
1628 1645 1853 1694 accendit
1867 1657 2071 1694 omnem
2094 1646 2224 1694 iram

1232 1718 1399 1754 suam.

1295 1767 1358 1815 Et
1381 1769 1670 1817 recordatus
1689 1774 1764 1817 aet
1785 1769 1903 1829 qnia
1925 1782 2039 1818 caro
2065 1773 2186 1818 sunt
2211 1784 2225 1817 ε

1233 1828 1443 1889 spiritus
1466 1832 1653 1879 vadens
1674 1837 1721 1879 et
1745 1844 1845 1879 non
1870 1830 2089 1880 rediens.

1297 1892 1543 1951 Quotiens
1575 1894 1990 1942 exacerbaverunt
2020 1906 2138 1942 eum
2169 1891 2224 1939 in

1232 1953 1425 2002 deserto
1445 1970 1459 2003 :
1476 1954 1530 2000 in
1555 1953 1686 2001 iram
1707 1954 2084 2003 concitaverunt
2105 1966 2224 2003 eum

1236 2014 1290 2061 in
1314 2014 1594 2074 inaquoso?

1299 2076 1365 2123 Et
1400 2074 1630 2123 conversi
1666 2081 1787 2123 sunt
1822 2081 1870 2124 et
1907 2078 2228 2124 tentaverunt

1236 2137 1434 2245 Deumt:
1467 2143 1515 2186 et
1535 2142 1769 2185 sanctum
1791 2137 1947 2185 lsraiil
1969 2138 2231 2185 exacerba-

1238 2210 1397 2248 verun
1426 2233 1438 2247 .

1300 2260 1412 2310 Non
1443 2265 1566 2308 sunt
1593 2259 1838 2308 recordati
1868 2272 2053 2308 manus
2081 2259 2193 2319 elus
2216 2275 2229 2308 :

1237 2321 1319 2373 die
1339 2334 1441 2393 qua
1464 2321 1677 2372 redemit
1696 2335 1778 2372 eos
1798 2323 1860 2371 de
1889 2334 2048 2370 manu
2071 2322 2233 2371 tribu-

1241 2385 1441 2495 largitat
1459 2445 1622 2505 posuit
1643 2445 1697 2494 in
1714 2446 1930 2507 AEgypto
1950 2445 2096 2507 signa
2111 2457 2233 2494 sua:

1239 2513 1289 2557 et
1310 2507 1538 2569 prodigia
1561 2507 1721 2556 suain
1744 2521 1920 2568 eampo
1941 2509 2190 2556 ThaneoS.

1304 2570 1367 2619 Et
1378 2569 1686 2619 convertitin
1704 2570 2010 2630 sanguinem
2021 2569 2234 2617 flumina

1242 2644 1417 2681 eorum
1433 2637 1505 2679 :et
1513 2631 1702 2679 imbros
1712 2643 1906 2687 eorum,
1922 2643 1982 2677 ne
1991 2630 2233 2678 biberent.
2317 2678 2329 2684 ,

1306 2692 1451 2743 Misit
1475 2693 1527 2740 in
1551 2704 1635 2739 eos
1656 2691 1991 2749 cynomyiam,
2011 2697 2059 2737 et
2073 2702 2238 2738 eome-

1244 2753 1320 2806 dit
1339 2767 1448 2802 eos:
1471 2758 1520 2801 et
1541 2765 1737 2810 ranam,
1756 2757 1802 2800 et
1818 2751 2116 2811 disperdidit
2135 2765 2237 2800 eos.

1309 2816 1373 2863 Et
1401 2813 1539 2863 dedit
1568 2813 1784 2873 aerugini
1807 2813 1999 2862 fructus
2028 2826 2237 2863 eorum:

1246 2882 1295 2927 et
1309 2877 1503 2925 labores
1517 2888 1691 2924 eorum
1708 2877 1927 2926 locustae.

1310 2939 1376 2987 Et
1405 2937 1586 2987 oceidit
1607 2937 1662 2986 in
1689 2939 1937 2999 grandine
1957 2939 2132 2987 vineas
2159 2950 2242 2986 eo-

1249 3014 1399 3051 rum:
1422 3006 1471 3050 et
1492 3013 1661 3049 moros
1678 3013 1853 3050 eorum
1876 3002 1927 3049 in
1954 3001 2157 3061 pruina.

1311 3064 1376 3112 Et
1399 3062 1606 3111 tradidit
1638 3063 1874 3123 grandini
1900 3064 2131 3124 jumenta
2160 3074 2242 3109 eo-

1252 3138 1369 3175 rum
1388 3140 1401 3174 ι
1423 3131 1473 3173 et
1489 3124 1850 3184 possessionem
1870 3137 2045 3173 eorum
2063 3122 2190 3182 igni.

1313 3186 1459 3238 Misit
1494 3187 1548 3235 in
1586 3200 1669 3236 eos
1711 3187 1841 3234 iram
1878 3182 2244 3245 indignationIS

1253 3262 1390 3299 suae:
1415 3248 1817 3309 indignationem
1840 3254 1888 3296 et
1909 3246 2058 3306 iram,
2082 3252 2130 3297 et
2152 3245 2245 3292 tri-

1254 3310 1565 3359 bulationem
1584 3325 1597 3372 3
1623 3308 1962 3359 immissiones
1983 3321 2070 3369 per
2089 3318 2245 3366 ange-

1254 3372 1330 3420 los
1344 3374 1523 3420 malos·

1322 3432 1474 3482 Viam
1494 3433 1605 3483 lecit
1619 3432 1810 3482 semitm
1826 3430 1912 3481 irae
1927 3444 2030 3480 suae
2042 3466 2055 3489 ,
2073 3434 2121 3478 et
2143 3442 2244 3477 non

1258 3495 1477 3556 pepercit
1496 3508 1527 3545 a
1547 3499 1708 3544 morte
1728 3493 2020 3542 animarum
2041 3503 2245 3541 eorum:

2151 4019 2350 4168 f
